成交时间	成交价	价格变动	成交量(手)	成交额(元)	性质
15:00:03	19.19	--	1424	2732656	买盘
14:57:03	19.19	--	16	30704	买盘
14:57:00	19.19	--	16	30704	买盘
14:56:57	19.19	--	15	28785	买盘
14:56:51	19.19	--	135	259065	买盘
14:56:48	19.19	0.01	17	32623	买盘
14:56:45	19.18	-0.01	6	11508	卖盘
14:56:42	19.19	--	55	105545	买盘
14:56:39	19.19	--	5	9595	买盘
14:56:36	19.19	--	132	253308	卖盘
14:56:33	19.19	--	32	61408	卖盘
14:56:30	19.19	-0.01	36	69084	卖盘
14:56:27	19.2	0.02	3	5760	买盘
14:56:24	19.18	-0.01	23	44114	卖盘
14:56:21	19.19	--	51	97869	卖盘
14:56:18	19.19	--	7	13433	买盘
14:56:15	19.19	--	15	28785	买盘
14:56:12	19.19	--	39	74841	买盘
14:56:09	19.19	--	92	176548	买盘
14:56:06	19.19	--	26	49894	买盘
14:56:03	19.19	--	7	13433	买盘
14:56:00	19.19	--	57	109383	买盘
14:55:57	19.19	--	85	163115	卖盘
14:55:51	19.19	--	2	3838	卖盘
14:55:48	19.19	0.01	18	34542	买盘
14:55:42	19.18	-0.01	65	124670	卖盘
14:55:39	19.19	--	117	224523	买盘
14:55:36	19.19	0.01	102	195738	买盘
14:55:33	19.18	-0.01	4	7672	卖盘
14:55:30	19.19	--	230	441370	买盘
14:55:27	19.19	--	20	38380	买盘
14:55:24	19.19	0.01	10	19190	买盘
14:55:18	19.18	--	4	7672	卖盘
14:55:15	19.18	-0.01	11	21098	卖盘
14:55:09	19.19	0.01	15	28785	买盘
14:55:06	19.18	0.01	127	243586	买盘
14:55:03	19.17	-0.01	10	19170	卖盘
14:55:00	19.18	--	6	11508	买盘
14:54:54	19.18	--	130	249340	买盘
14:54:51	19.18	--	29	55622	买盘
14:54:48	19.18	--	6	11508	买盘
14:54:45	19.18	--	20	38360	买盘
14:54:42	19.18	--	150	287700	买盘
14:54:39	19.18	--	29	55622	买盘
14:54:36	19.18	--	1	1918	卖盘
14:54:33	19.18	--	53	101654	卖盘
14:54:30	19.18	--	1519	2913442	买盘
14:54:24	19.18	-0.01	205	393190	卖盘
14:54:21	19.19	--	13	24947	买盘
14:54:18	19.19	0.01	5	9595	买盘
14:54:15	19.18	--	15	28770	卖盘
14:54:12	19.18	--	2	3836	卖盘
14:54:09	19.18	--	104	199472	卖盘
14:54:06	19.18	--	10	19180	卖盘
14:54:00	19.18	-0.01	36	69048	卖盘
14:53:57	19.19	0.01	23	44137	买盘
14:53:54	19.18	--	1	1918	卖盘
14:53:51	19.18	--	1	1918	卖盘
14:53:48	19.18	--	1	1918	卖盘
14:53:42	19.18	--	29	55622	买盘
14:53:39	19.18	--	20	38360	买盘
14:53:36	19.18	--	20	38360	买盘
14:53:30	19.18	0.01	24	46032	买盘
14:53:24	19.17	-0.01	195	373815	卖盘
14:53:21	19.18	--	17	32606	买盘
14:53:18	19.18	-0.01	14	26852	买盘
14:53:15	19.19	--	156	299364	卖盘
14:53:12	19.19	-0.01	30	57570	买盘
14:53:09	19.2	--	40	76800	买盘
14:53:06	19.2	0.01	30	57600	买盘
14:53:03	19.19	--	16	30704	买盘
14:53:00	19.19	--	23	44137	买盘
14:52:57	19.19	--	9	17271	卖盘
14:52:54	19.19	-0.01	22	42218	卖盘
14:52:51	19.2	0.01	50	96000	买盘
14:52:48	19.19	-0.01	10	19190	卖盘
14:52:45	19.2	--	32	61440	买盘
14:52:36	19.2	--	1	1920	买盘
14:52:33	19.2	-0.01	142	274521	卖盘
14:52:30	19.21	--	18	34578	卖盘
14:52:24	19.21	0.01	1	1921	中性盘
14:52:12	19.2	-0.02	402	771840	卖盘
14:52:09	19.22	--	10	19220	卖盘
14:52:03	19.22	0.01	3	5766	中性盘
14:51:57	19.21	-0.02	41	78761	卖盘
14:51:54	19.23	0.01	10	19230	买盘
14:51:51	19.22	0.01	7	13454	买盘
14:51:48	19.21	-0.01	2	3842	卖盘
14:51:45	19.22	0.01	41	78802	买盘
14:51:42	19.21	-0.02	8	15368	卖盘
14:51:39	19.23	0.01	30	57690	买盘
14:51:36	19.22	--	15	28830	买盘
14:51:33	19.22	0.02	10	19220	中性盘
14:51:27	19.2	-0.02	46	88320	卖盘
14:51:24	19.22	0.01	59	113398	买盘
14:51:18	19.21	--	2	3842	买盘
14:51:15	19.21	--	33	63393	买盘
14:51:12	19.21	--	2	3842	买盘
14:51:09	19.21	0.01	16	30736	买盘
14:51:06	19.2	-0.01	52	99840	卖盘
14:51:03	19.21	0.01	1	1921	买盘
14:51:00	19.2	--	20	38400	卖盘
14:50:57	19.2	--	19	36480	卖盘
14:50:54	19.2	--	2	3840	卖盘
14:50:51	19.2	0.01	325	624038	买盘
14:50:48	19.19	--	4	7676	卖盘
14:50:45	19.19	-0.01	90	172710	卖盘
14:50:39	19.2	0.01	11	21120	买盘
14:50:33	19.19	-0.01	8	15352	卖盘
14:50:21	19.2	0.02	130	249600	买盘
14:50:18	19.18	-0.01	1	1918	卖盘
14:50:15	19.19	--	20	38380	买盘
14:50:09	19.19	--	30	57570	买盘
14:50:06	19.19	--	14	26866	买盘
14:50:03	19.19	--	47	90193	卖盘
14:50:00	19.19	--	18	34542	买盘
14:49:57	19.19	0.01	18	34542	买盘
14:49:54	19.18	-0.01	32	61376	卖盘
14:49:48	19.19	--	19	36461	买盘
14:49:45	19.19	--	15	28785	买盘
14:49:39	19.19	--	6	11514	买盘
14:49:21	19.19	0.01	1	1919	买盘
14:49:18	19.18	--	34	65212	卖盘
14:49:15	19.18	--	1	1918	卖盘
14:49:06	19.18	--	19	36442	卖盘
14:48:57	19.18	--	54	103572	卖盘
14:48:54	19.18	--	10	19180	卖盘
14:48:51	19.18	--	1	1918	卖盘
14:48:48	19.18	0.01	2	3836	卖盘
14:48:45	19.17	-0.01	10	19170	卖盘
14:48:42	19.18	0.01	0	1150	买盘
14:48:36	19.17	-0.01	58	111186	卖盘
14:48:33	19.18	0.01	27	51786	买盘
14:48:30	19.17	-0.01	10	19170	卖盘
14:48:27	19.18	0.01	57	109326	买盘
14:48:24	19.17	-0.01	32	61344	卖盘
14:48:21	19.18	--	9	17262	买盘
14:48:09	19.18	--	20	38360	买盘
14:48:06	19.18	--	26	49868	买盘
14:48:00	19.18	--	54	104339	卖盘
14:47:57	19.18	-0.01	79	151522	卖盘
14:47:54	19.19	--	14	26866	买盘
14:47:51	19.19	-0.01	24	46056	卖盘
14:47:48	19.2	0.01	25	48000	买盘
14:47:42	19.19	-0.01	10	19190	中性盘
14:47:33	19.2	0.01	65	124800	买盘
14:47:30	19.19	--	69	134291	卖盘
14:47:24	19.19	--	47	90193	卖盘
14:47:21	19.19	-0.01	1	1919	卖盘
14:47:15	19.2	0.01	30	57600	买盘
14:47:09	19.19	-0.01	1	1919	卖盘
14:47:06	19.2	0.01	31	59520	买盘
14:47:03	19.19	-0.01	0	38	卖盘
14:47:00	19.2	0.02	22	42240	买盘
14:46:57	19.18	--	10	19180	卖盘
14:46:54	19.18	-0.01	40	76720	卖盘
14:46:51	19.19	--	6	11514	卖盘
14:46:48	19.19	--	54	104777	买盘
14:46:45	19.19	--	3	5757	买盘
14:46:36	19.19	--	43	82517	买盘
14:46:33	19.19	--	14	26866	买盘
14:46:30	19.19	--	31	59489	买盘
14:46:27	19.19	-0.01	145	279022	卖盘
14:46:21	19.2	0.01	112	216192	买盘
14:46:18	19.19	--	7	13433	卖盘
14:46:15	19.19	-0.01	2	3838	卖盘
14:46:12	19.2	--	26	49920	买盘
14:46:09	19.2	--	10	19200	买盘
14:46:06	19.2	--	95	182400	买盘
14:46:03	19.2	--	141	270720	买盘
14:45:51	19.2	--	24	46080	买盘
14:45:42	19.2	0.01	4	7680	买盘
14:45:39	19.19	-0.01	5	9595	卖盘
14:45:36	19.2	0.01	49	94080	买盘
14:45:33	19.19	-0.01	5	9595	卖盘
14:45:30	19.2	0.01	10	19200	买盘
14:45:24	19.19	--	12	23028	卖盘
14:45:21	19.19	-0.01	10	19190	卖盘
14:45:18	19.2	0.01	53	101760	买盘
14:45:12	19.19	--	20	38380	卖盘
14:45:06	19.19	--	11	21109	卖盘
14:45:03	19.19	--	1	1919	卖盘
14:45:00	19.19	--	39	74841	卖盘
14:44:57	19.19	--	90	172710	卖盘
14:44:54	19.19	0.01	35	67165	买盘
14:44:51	19.18	-0.01	20	38360	卖盘
14:44:48	19.19	--	19	36461	买盘
14:44:45	19.19	0.01	183	351177	买盘
14:44:42	19.18	--	30	57540	卖盘
14:44:39	19.18	-0.01	30	57540	卖盘
14:44:36	19.19	-0.01	17	32623	买盘
14:44:15	19.2	0.02	33	63360	买盘
14:44:12	19.18	-0.01	3	5754	卖盘
14:44:09	19.19	--	17	32623	卖盘
14:44:06	19.19	--	19	36461	卖盘
14:43:54	19.19	--	2	3838	卖盘
14:43:51	19.19	--	77	147763	买盘
14:43:48	19.19	--	10	19190	买盘
14:43:42	19.19	0.01	2	3838	买盘
14:43:39	19.18	-0.01	51	97818	卖盘
14:43:36	19.19	--	14	26866	买盘
14:43:33	19.19	0.01	13	24947	买盘
14:43:18	19.18	--	5	9590	卖盘
14:43:15	19.18	-0.01	22	42196	卖盘
14:43:12	19.19	--	80	153520	买盘
14:43:09	19.19	0.01	10	19190	买盘
14:43:06	19.18	--	3	5754	卖盘
14:42:57	19.18	0.01	19	36442	买盘
14:42:51	19.17	-0.01	90	172530	卖盘
14:42:48	19.18	--	20	38360	买盘
14:42:42	19.18	0.01	11	21098	买盘
14:42:39	19.17	--	1	1917	卖盘
14:42:30	19.17	--	4	7668	买盘
14:42:27	19.17	--	12	23004	买盘
14:42:21	19.17	0.01	20	38340	买盘
14:42:18	19.16	--	2	3832	卖盘
14:42:09	19.16	0.01	13	24965	买盘
14:41:54	19.15	0.01	4	7659	买盘
14:41:51	19.14	-0.01	22	42108	卖盘
14:41:48	19.15	--	37	70855	买盘
14:41:42	19.15	--	16	30639	买盘
14:41:39	19.15	--	5	9575	买盘
14:41:36	19.15	--	20	38300	买盘
14:41:30	19.15	0.01	48	91920	买盘
14:41:27	19.14	-0.01	3	5742	中性盘
14:41:24	19.15	--	2	3829	买盘
14:41:18	19.15	--	61	116814	买盘
14:41:15	19.15	--	72	137880	买盘
14:41:12	19.15	0.01	16	30639	买盘
14:41:06	19.14	-0.01	7	13398	卖盘
14:41:03	19.15	0.01	39	74685	买盘
14:41:00	19.14	--	16	30624	卖盘
14:40:54	19.14	--	5	9570	卖盘
14:40:42	19.14	0.02	1	1914	中性盘
14:40:39	19.12	-0.02	107	204584	卖盘
14:40:33	19.14	--	8	15312	中性盘
14:40:30	19.14	-0.01	20	38280	买盘
14:40:27	19.15	0.02	38	72770	买盘
14:40:24	19.13	-0.02	5	9565	卖盘
14:40:21	19.15	0.02	10	19150	买盘
14:40:18	19.13	--	25	47825	卖盘
14:40:12	19.13	-0.02	20	38260	卖盘
14:40:09	19.15	--	3	5745	买盘
14:40:06	19.15	--	12	22980	买盘
14:39:57	19.15	--	26	49789	卖盘
14:39:54	19.15	--	32	61279	买盘
14:39:51	19.15	-0.01	1	1914	买盘
14:39:48	19.16	0.01	120	229920	买盘
14:39:45	19.15	--	16	30639	卖盘
14:39:42	19.15	--	10	19150	卖盘
14:39:39	19.15	--	140	268100	卖盘
14:39:36	19.15	0.03	34	65109	买盘
14:39:33	19.12	0.02	50	95600	买盘
14:39:30	19.1	-0.01	2	3820	卖盘
14:39:27	19.11	--	84	160524	卖盘
14:39:21	19.11	-0.05	29	55419	卖盘
14:39:18	19.16	0.01	25	47900	买盘
14:39:15	19.15	--	11	21065	卖盘
14:39:12	19.15	--	45	86175	买盘
14:39:06	19.15	--	3	5745	卖盘
14:39:03	19.15	-0.01	2	3829	中性盘
14:39:00	19.16	0.06	10	19160	买盘
14:38:57	19.1	-0.06	475	907250	卖盘
14:38:54	19.16	--	80	153280	卖盘
14:38:51	19.16	0.01	20	38320	中性盘
14:38:45	19.15	-0.01	68	130219	卖盘
14:38:42	19.16	-0.01	22	42152	卖盘
14:38:39	19.17	0.01	10	19170	买盘
14:38:36	19.16	-0.01	71	136036	卖盘
14:38:33	19.17	--	10	19170	中性盘
14:38:30	19.17	--	12	23004	卖盘
14:38:27	19.17	0.01	36	69012	买盘
14:38:24	19.16	-0.01	23	44068	卖盘
14:38:18	19.17	-0.01	246	471582	卖盘
14:38:15	19.18	-0.01	25	47950	卖盘
14:38:06	19.19	--	37	71003	卖盘
14:38:00	19.19	--	89	170791	卖盘
14:37:57	19.19	-0.01	1	1919	卖盘
14:37:54	19.2	--	3	5760	买盘
14:37:48	19.2	--	2	3840	买盘
14:37:45	19.2	-0.01	143	274560	卖盘
14:37:42	19.21	--	54	103734	卖盘
14:37:36	19.21	--	10	19210	卖盘
14:37:33	19.21	--	1	1921	卖盘
14:37:30	19.21	--	12	23052	卖盘
14:37:27	19.21	--	1	1921	卖盘
14:37:24	19.21	--	4	7684	卖盘
14:37:15	19.21	-0.01	15	28815	卖盘
14:37:12	19.22	-0.01	5	9610	卖盘
14:37:09	19.23	--	12	23076	买盘
14:37:03	19.23	--	208	399984	买盘
14:37:00	19.23	0.01	45	86535	买盘
14:36:42	19.22	-0.02	1	1922	卖盘
14:36:39	19.24	0.01	8	15391	买盘
14:36:36	19.23	-0.01	3	5769	卖盘
14:36:33	19.24	--	5	9620	买盘
14:36:30	19.24	0.02	8	15391	买盘
14:36:21	19.22	-0.02	1	1922	卖盘
14:36:18	19.24	--	11	21164	买盘
14:36:15	19.24	--	16	30783	买盘
14:36:12	19.24	0.03	2	3847	买盘
14:36:09	19.21	-0.02	175	336175	卖盘
14:36:00	19.23	--	96	184608	买盘
14:35:57	19.23	--	8	15384	买盘
14:35:54	19.23	--	26	49998	卖盘
14:35:42	19.23	--	5	9615	卖盘
14:35:39	19.23	--	1	1923	卖盘
14:35:33	19.23	--	5	9615	卖盘
14:35:24	19.23	--	7	13461	买盘
14:35:21	19.23	--	13	24999	中性盘
14:35:15	19.23	--	5	9615	买盘
14:35:12	19.23	--	5	9615	买盘
14:35:09	19.23	--	9	17307	买盘
14:35:03	19.23	--	1	1923	买盘
14:35:00	19.23	--	5	9615	卖盘
14:34:51	19.23	--	20	38460	卖盘
14:34:48	19.23	--	8	15384	卖盘
14:34:45	19.23	0.01	59	113457	买盘
14:34:42	19.22	0.01	3	5766	卖盘
14:34:33	19.21	-0.02	26	49946	卖盘
14:34:21	19.23	0.01	47	90381	买盘
14:34:06	19.22	0.01	34	65347	买盘
14:34:00	19.21	0.01	5	9605	买盘
14:33:57	19.2	-0.01	10	19200	卖盘
14:33:51	19.21	--	1	1921	买盘
14:33:48	19.21	0.01	25	48025	买盘
14:33:30	19.2	0.01	1	1920	买盘
14:33:27	19.19	-0.01	41	78679	卖盘
14:33:24	19.2	--	38	72960	买盘
14:33:15	19.2	--	1	1920	买盘
14:33:12	19.2	--	4	7680	买盘
14:33:09	19.2	0.01	5	9600	买盘
14:33:03	19.19	0.01	45	86355	买盘
14:33:00	19.18	-0.02	17	32606	卖盘
14:32:54	19.2	0.01	12	23040	买盘
14:32:48	19.19	--	5	9595	卖盘
14:32:45	19.19	--	3	5757	买盘
14:32:42	19.19	--	1	1919	买盘
14:32:39	19.19	0.01	7	13433	买盘
14:32:36	19.18	--	23	44114	卖盘
14:32:30	19.18	--	41	78638	卖盘
14:32:24	19.18	--	97	186046	买盘
14:32:21	19.18	--	75	143850	买盘
14:32:18	19.18	--	13	24934	买盘
14:32:15	19.18	--	20	38360	买盘
14:32:06	19.18	--	4	7672	买盘
14:32:03	19.18	--	22	42196	买盘
14:32:00	19.18	-0.02	181	347158	卖盘
14:31:57	19.2	--	42	80640	买盘
14:31:54	19.2	0.01	10	19200	中性盘
14:31:48	19.19	-0.01	66	126654	卖盘
14:31:45	19.2	--	17	32640	卖盘
14:31:42	19.2	-0.01	9	17280	中性盘
14:31:39	19.21	0.01	120	230520	买盘
14:31:30	19.2	-0.01	25	48000	买盘
14:31:27	19.21	0.01	4	7684	买盘
14:31:24	19.2	--	10	19200	卖盘
14:31:21	19.2	-0.01	100	192000	卖盘
14:31:18	19.21	--	100	192100	买盘
14:31:12	19.21	--	66	126786	买盘
14:31:09	19.21	--	208	399568	卖盘
14:31:06	19.21	-0.01	6	11526	卖盘
14:31:00	19.22	--	18	34596	买盘
14:30:57	19.22	--	5	9610	买盘
14:30:54	19.22	--	15	28830	卖盘
14:30:51	19.22	-0.01	5	9610	卖盘
14:30:48	19.23	0.01	13	24999	买盘
14:30:45	19.22	--	10	19220	卖盘
14:30:42	19.22	--	50	96100	卖盘
14:30:39	19.22	-0.01	12	23064	卖盘
14:30:30	19.23	--	17	32691	买盘
14:30:24	19.23	--	29	55767	卖盘
14:30:21	19.23	--	43	82689	卖盘
14:30:18	19.23	--	43	82689	卖盘
14:30:15	19.23	--	50	96150	卖盘
14:30:12	19.23	-0.01	5	9615	卖盘
14:30:06	19.24	--	10	19240	买盘
14:30:03	19.24	--	33	63491	卖盘
14:30:00	19.24	-0.01	25	48099	卖盘
14:29:57	19.25	0.01	10	19250	买盘
14:29:54	19.24	-0.01	10	19240	卖盘
14:29:42	19.25	--	59	113575	卖盘
14:29:39	19.25	--	2	3850	卖盘
14:29:36	19.25	--	2	3850	卖盘
14:29:33	19.25	--	50	96250	卖盘
14:29:27	19.25	--	50	96250	卖盘
14:29:24	19.25	--	200	385000	卖盘
14:29:21	19.25	-0.01	5	9625	卖盘
14:29:18	19.26	--	60	115560	买盘
14:29:15	19.26	--	1	1926	买盘
14:29:12	19.26	--	166	319716	卖盘
14:29:09	19.26	--	3	5778	卖盘
14:29:06	19.26	--	20	38520	卖盘
14:28:51	19.26	--	58	111708	卖盘
14:28:45	19.26	--	8	15408	卖盘
14:28:42	19.26	-0.01	44	84744	卖盘
14:28:39	19.27	--	15	28905	买盘
14:28:33	19.27	0.01	2	3854	买盘
14:28:30	19.26	-0.02	4	7704	卖盘
14:28:21	19.28	0.01	10	19280	买盘
14:28:18	19.27	-0.01	24	46248	卖盘
14:28:15	19.28	0.01	24	46272	买盘
14:28:12	19.27	--	14	26978	卖盘
14:28:09	19.27	-0.01	25	48175	卖盘
14:28:06	19.28	0.01	20	38560	买盘
14:28:00	19.27	--	11	21197	卖盘
14:27:57	19.27	--	16	30832	卖盘
14:27:54	19.27	--	2	3854	卖盘
14:27:51	19.27	--	10	19270	卖盘
14:27:48	19.27	--	51	98277	卖盘
14:27:45	19.27	-0.01	50	96350	卖盘
14:27:36	19.28	0.01	10	19280	买盘
14:27:33	19.27	--	8	15416	卖盘
14:27:24	19.27	-0.01	100	192700	卖盘
14:27:21	19.28	0.01	10	19280	买盘
14:27:18	19.27	-0.01	19	36613	卖盘
14:27:12	19.28	--	31	59768	卖盘
14:27:06	19.28	0.01	1	1928	买盘
14:27:03	19.27	-0.01	16	30832	卖盘
14:27:00	19.28	0.01	3	5784	中性盘
14:26:57	19.27	--	14	26978	卖盘
14:26:48	19.27	--	24	46248	卖盘
14:26:45	19.27	--	30	57810	卖盘
14:26:42	19.27	-0.01	24	46248	卖盘
14:26:39	19.28	0.01	10	19280	买盘
14:26:36	19.27	--	1	1927	卖盘
14:26:33	19.27	--	19	36613	卖盘
14:26:27	19.27	--	7	13489	卖盘
14:26:15	19.27	--	1	1927	卖盘
14:26:12	19.27	-0.01	8	15416	卖盘
14:26:03	19.28	--	14	26992	卖盘
14:26:00	19.28	--	2	3856	买盘
14:25:54	19.28	--	24	46272	买盘
14:25:27	19.28	--	15	28920	买盘
14:25:24	19.28	--	74	142672	卖盘
14:25:12	19.28	--	10	19280	卖盘
14:25:09	19.28	--	1	1928	卖盘
14:25:03	19.28	--	19	36632	买盘
14:24:57	19.28	0.01	60	115680	买盘
14:24:48	19.27	--	27	52029	卖盘
14:24:45	19.27	0.01	41	79007	买盘
14:24:42	19.26	-0.01	21	40446	卖盘
14:24:36	19.27	0.01	25	48175	买盘
14:24:33	19.26	-0.01	5	9630	卖盘
14:24:30	19.27	--	25	48175	买盘
14:24:21	19.27	-0.01	36	69372	卖盘
14:24:06	19.28	--	3	5784	卖盘
14:23:48	19.28	--	8	15424	买盘
14:23:39	19.28	--	12	23136	中性盘
14:23:36	19.28	-0.02	3	5784	卖盘
14:23:30	19.3	0.02	209	403370	买盘
14:23:27	19.28	--	10	19280	买盘
14:23:21	19.28	-0.01	35	67480	卖盘
14:23:12	19.29	0.01	14	27006	买盘
14:23:09	19.28	-0.01	2	3856	卖盘
14:23:06	19.29	0.02	39	75231	买盘
14:23:00	19.27	-0.02	17	32759	卖盘
14:22:57	19.29	0.02	80	154320	买盘
14:22:54	19.27	-0.01	12	23124	卖盘
14:22:51	19.28	0.01	10	19280	中性盘
14:22:39	19.27	-0.01	5	9635	卖盘
14:22:33	19.28	--	10	19280	卖盘
14:22:27	19.28	0.01	12	24716	买盘
14:22:24	19.27	--	20	38540	卖盘
14:22:18	19.27	--	9	17343	卖盘
14:22:12	19.27	-0.01	23	44321	卖盘
14:22:06	19.28	0.01	30	57840	买盘
14:22:03	19.27	0.01	2	3854	中性盘
14:21:48	19.26	-0.01	343	660618	卖盘
14:21:45	19.27	0.01	179	344933	买盘
14:21:42	19.26	--	15	28890	卖盘
14:21:39	19.26	--	43	82818	卖盘
14:21:33	19.26	-0.01	9	17334	卖盘
14:21:24	19.27	--	31	59737	买盘
14:21:15	19.27	--	12	23124	买盘
14:21:12	19.27	0.01	79	152233	买盘
14:21:09	19.26	--	6	11556	卖盘
14:21:06	19.26	--	25	48150	卖盘
14:21:03	19.26	-0.02	7	13482	卖盘
14:21:00	19.28	0.02	440	848320	买盘
14:20:57	19.26	-0.01	15	28890	卖盘
14:20:54	19.27	0.01	40	77080	买盘
14:20:51	19.26	-0.01	34	65484	卖盘
14:20:45	19.27	--	34	65518	买盘
14:20:36	19.27	--	40	77080	买盘
14:20:33	19.27	--	20	38540	买盘
14:20:27	19.27	0.01	15	28905	买盘
14:20:24	19.26	--	16	30816	卖盘
14:20:15	19.26	--	20	38520	卖盘
14:20:12	19.26	--	8	15408	卖盘
14:20:09	19.26	--	45	86670	买盘
14:20:06	19.26	--	60	115560	卖盘
14:19:54	19.26	--	9	17334	买盘
14:19:51	19.26	--	21	40446	中性盘
14:19:42	19.26	--	30	57780	卖盘
14:19:36	19.26	--	4	7704	卖盘
14:19:33	19.26	--	3	5778	买盘
14:19:24	19.26	0.01	13	25038	买盘
14:19:18	19.25	-0.01	91	175175	卖盘
14:19:15	19.26	--	120	231120	卖盘
14:19:12	19.26	-0.01	20	38520	卖盘
14:19:06	19.27	--	43	82861	买盘
14:18:57	19.27	--	151	290977	卖盘
14:18:54	19.27	-0.01	40	77080	卖盘
14:18:51	19.28	--	29	55912	买盘
14:18:48	19.28	--	25	48200	买盘
14:18:45	19.28	--	3	5784	买盘
14:18:42	19.28	--	10	19280	买盘
14:18:39	19.28	--	4	7712	买盘
14:18:33	19.28	--	20	38560	买盘
14:18:30	19.28	-0.01	207	399443	卖盘
14:18:27	19.29	--	1	1929	买盘
14:18:21	19.29	0.01	10	19290	买盘
14:18:09	19.28	-0.01	10	19280	卖盘
14:18:03	19.29	--	5	9645	买盘
14:17:51	19.29	--	25	48225	买盘
14:17:39	19.29	--	11	21219	买盘
14:17:33	19.29	--	32	61728	卖盘
14:17:27	19.29	--	10	19290	卖盘
14:17:24	19.29	-0.01	50	96450	卖盘
14:17:21	19.3	0.01	8	15440	买盘
14:17:18	19.29	--	1	1929	卖盘
14:17:12	19.29	--	20	38580	卖盘
14:17:06	19.29	--	10	19290	卖盘
14:17:03	19.29	--	10	19290	卖盘
14:17:00	19.29	--	30	57870	卖盘
14:16:57	19.29	-0.01	30	57870	卖盘
14:16:51	19.3	--	5	9650	买盘
14:16:45	19.3	0.01	110	212300	买盘
14:16:39	19.29	--	7	13503	卖盘
14:16:36	19.29	--	7	13503	卖盘
14:16:33	19.29	--	10	19290	卖盘
14:16:30	19.29	--	4	7716	卖盘
14:16:21	19.29	0.01	3	5787	卖盘
14:16:15	19.28	-0.01	4	7712	卖盘
14:16:09	19.29	0.01	70	135030	买盘
14:16:06	19.28	-0.01	23	44344	卖盘
14:16:03	19.29	--	41	79089	买盘
14:15:57	19.29	--	69	133101	买盘
14:15:54	19.29	-0.01	20	38580	中性盘
14:15:48	19.3	0.01	48	92640	买盘
14:15:45	19.29	--	10	19290	卖盘
14:15:42	19.29	-0.01	63	121527	卖盘
14:15:33	19.3	0.01	12	23160	买盘
14:15:30	19.29	--	46	88734	买盘
14:15:27	19.29	-0.01	4	7716	卖盘
14:15:24	19.3	--	16	30880	买盘
14:15:18	19.3	0.01	14	27020	买盘
14:15:15	19.29	--	73	140817	卖盘
14:15:06	19.29	--	40	77160	卖盘
14:15:00	19.29	--	1	1929	中性盘
14:14:48	19.29	-0.01	10	19290	中性盘
14:14:39	19.3	--	132	254760	买盘
14:14:36	19.3	--	45	86850	买盘
14:14:33	19.3	0.01	3	5790	买盘
14:14:30	19.29	--	1	1929	卖盘
14:14:27	19.29	-0.01	1	1929	卖盘
14:14:24	19.3	--	25	48250	买盘
14:14:21	19.3	--	14	27020	买盘
14:14:18	19.3	0.01	25	48250	买盘
14:14:12	19.29	-0.01	5	9645	卖盘
14:14:09	19.3	--	50	96500	买盘
14:14:00	19.3	--	7	13510	卖盘
14:13:57	19.3	--	93	179490	买盘
14:13:51	19.3	0.02	26	50180	买盘
14:13:45	19.28	-0.01	7	13496	卖盘
14:13:33	19.29	--	10	19290	卖盘
14:13:24	19.29	--	48	92592	卖盘
14:13:15	19.29	-0.01	16	30864	卖盘
14:13:12	19.3	--	17	32810	买盘
14:13:00	19.3	--	2	3860	买盘
14:12:57	19.3	--	22	42460	买盘
14:12:54	19.3	0.01	45	86850	买盘
14:12:51	19.29	-0.01	64	123456	卖盘
14:12:45	19.3	--	23	44390	买盘
14:12:39	19.3	0.01	4	7720	中性盘
14:12:33	19.29	--	37	71373	卖盘
14:12:27	19.29	-0.01	44	84876	卖盘
14:12:21	19.3	--	21	40530	买盘
14:12:18	19.3	0.01	13	25090	买盘
14:12:15	19.29	--	4	7716	卖盘
14:12:12	19.29	--	4	7716	卖盘
14:12:03	19.29	-0.01	2	3858	卖盘
14:11:51	19.3	--	45	86850	买盘
14:11:48	19.3	--	159	306870	买盘
14:11:42	19.3	--	10	19300	买盘
14:11:36	19.3	--	35	67550	买盘
14:11:33	19.3	--	29	55970	买盘
14:11:27	19.3	--	43	82990	买盘
14:11:24	19.3	--	29	55970	卖盘
14:11:15	19.3	--	8	15440	卖盘
14:11:12	19.3	--	18	34740	卖盘
14:11:09	19.3	--	5	9650	卖盘
14:11:06	19.3	--	8	15440	卖盘
14:11:03	19.3	0.01	19	36670	买盘
14:11:00	19.29	-0.01	2	3858	卖盘
14:10:45	19.3	--	5	9650	买盘
14:10:39	19.3	-0.01	82	158260	卖盘
14:10:27	19.31	0.02	12	23172	买盘
14:10:21	19.29	-0.01	33	63657	卖盘
14:10:18	19.3	-0.01	20	38600	中性盘
14:10:15	19.31	0.02	56	108136	买盘
14:10:12	19.29	-0.02	1	1929	卖盘
14:10:00	19.31	0.01	400	772400	买盘
14:09:57	19.3	--	13	25090	买盘
14:09:42	19.3	--	10	19300	买盘
14:09:39	19.3	--	94	181420	卖盘
14:09:36	19.3	--	17	32810	卖盘
14:09:33	19.3	--	5	9650	卖盘
14:09:30	19.3	-0.01	22	42460	卖盘
14:09:27	19.31	0.01	12	23172	买盘
14:09:24	19.3	--	1	1930	卖盘
14:09:15	19.3	--	10	19300	卖盘
14:09:12	19.3	--	9	17370	卖盘
14:09:09	19.3	--	9	17370	卖盘
14:09:03	19.3	--	2	3860	卖盘
14:09:00	19.3	--	1	1930	卖盘
14:08:54	19.3	0.01	10	19300	买盘
14:08:48	19.29	-0.01	28	54012	卖盘
14:08:45	19.3	--	25	48250	买盘
14:08:42	19.3	--	15	28950	买盘
14:08:39	19.3	--	55	106150	买盘
14:08:36	19.3	--	50	96500	买盘
14:08:33	19.3	--	15	28950	买盘
14:08:30	19.3	--	20	38600	买盘
14:08:24	19.3	--	50	96500	买盘
14:08:18	19.3	--	10	19300	买盘
14:08:12	19.3	--	23	44390	买盘
14:08:06	19.3	0.01	10	19300	买盘
14:07:51	19.29	0.01	72	138888	买盘
14:07:48	19.28	--	12	23136	卖盘
14:07:45	19.28	--	5	9640	卖盘
14:07:42	19.28	--	4	7712	卖盘
14:07:39	19.28	--	5	9640	卖盘
14:07:36	19.28	-0.01	3	5784	卖盘
14:07:27	19.29	0.01	13	25077	买盘
14:07:24	19.28	--	9	17352	卖盘
14:07:09	19.28	--	10	19280	卖盘
14:06:54	19.28	--	3	5784	卖盘
14:06:45	19.28	-0.02	5	9640	卖盘
14:06:42	19.3	0.01	50	96500	买盘
14:06:33	19.29	--	2	3858	买盘
14:06:30	19.29	--	38	73302	卖盘
14:06:27	19.29	--	25	48225	卖盘
14:06:24	19.29	--	18	34722	卖盘
14:06:15	19.29	--	10	19290	卖盘
14:06:09	19.29	--	2	3858	卖盘
14:06:03	19.29	--	5	9645	卖盘
14:05:57	19.29	0.01	41	79089	买盘
14:05:54	19.28	-0.01	32	61696	卖盘
14:05:48	19.29	--	20	38580	买盘
14:05:45	19.29	0.01	4	7716	买盘
14:05:36	19.28	-0.01	19	36632	卖盘
14:05:33	19.29	--	48	94173	买盘
14:05:30	19.29	0.01	47	90663	买盘
14:05:27	19.28	-0.01	10	19280	卖盘
14:05:24	19.29	--	10	19290	买盘
14:05:21	19.29	0.01	3	5787	买盘
14:05:18	19.28	-0.01	55	106040	卖盘
14:05:15	19.29	0.01	46	88734	买盘
14:05:09	19.28	--	59	113752	卖盘
14:05:06	19.28	--	4	7712	卖盘
14:05:03	19.28	--	16	30848	卖盘
14:05:00	19.28	--	70	134960	卖盘
14:04:57	19.28	0.01	22	42416	买盘
14:04:51	19.27	--	2	3854	卖盘
14:04:48	19.27	--	17	32759	卖盘
14:04:39	19.27	--	10	19270	卖盘
14:04:36	19.27	--	3	5781	卖盘
14:04:30	19.27	-0.01	5	9635	卖盘
14:04:27	19.28	0.01	13	25064	买盘
14:04:21	19.27	-0.02	6	11562	卖盘
14:04:12	19.29	0.02	5	9645	买盘
14:04:06	19.27	-0.02	9	17343	卖盘
14:04:03	19.29	--	7	13503	卖盘
14:04:00	19.29	--	17	32793	买盘
14:03:57	19.29	--	159	306711	买盘
14:03:54	19.29	-0.01	114	219906	卖盘
14:03:51	19.3	0.01	10	19300	买盘
14:03:42	19.29	-0.01	18	34722	卖盘
14:03:39	19.3	--	73	140890	卖盘
14:03:36	19.3	--	8	15440	卖盘
14:03:30	19.3	-0.01	40	77200	卖盘
14:03:27	19.31	--	10	19310	买盘
14:03:24	19.31	--	19	36689	买盘
14:03:21	19.31	--	35	67585	买盘
14:03:18	19.31	--	35	67585	买盘
14:03:12	19.31	--	2	3861	买盘
14:03:03	19.31	-0.01	8	15447	卖盘
14:03:00	19.32	0.01	14	27048	买盘
14:02:57	19.31	--	14	27034	中性盘
14:02:51	19.31	--	6	11586	卖盘
14:02:48	19.31	-0.01	12	23172	卖盘
14:02:45	19.32	0.01	24	46368	买盘
14:02:33	19.31	-0.01	1	1930	卖盘
14:02:30	19.32	-0.01	51	98532	卖盘
14:02:27	19.33	0.01	62	119845	买盘
14:02:24	19.32	--	1	1932	卖盘
14:02:21	19.32	--	10	19320	卖盘
14:02:18	19.32	-0.01	108	208656	卖盘
14:02:15	19.33	0.01	49	94716	买盘
14:02:09	19.32	--	7	13524	卖盘
14:02:06	19.32	-0.01	21	40572	卖盘
14:02:03	19.33	0.01	69	133377	买盘
14:02:00	19.32	--	3	5796	卖盘
14:01:57	19.32	--	5	9660	卖盘
14:01:54	19.32	--	112	216384	卖盘
14:01:51	19.32	0.02	244	471408	买盘
14:01:45	19.3	--	42	81060	买盘
14:01:36	19.3	--	17	32810	卖盘
14:01:33	19.3	-0.01	10	19300	卖盘
14:01:30	19.31	--	1	1930	买盘
14:01:24	19.31	0.01	26	50206	买盘
14:01:21	19.3	-0.01	1	1930	卖盘
14:01:18	19.31	--	1	1930	卖盘
14:01:15	19.31	0.01	35	67585	买盘
14:01:12	19.3	-0.01	2	3860	卖盘
14:01:09	19.31	--	127	245236	买盘
14:01:06	19.31	--	12	23172	买盘
14:00:57	19.31	0.01	69	133239	买盘
14:00:51	19.3	--	21	40530	卖盘
14:00:45	19.3	--	2	3860	卖盘
14:00:42	19.3	--	101	194930	卖盘
14:00:39	19.3	--	40	77200	卖盘
14:00:36	19.3	--	3	5790	卖盘
14:00:30	19.3	--	6	11580	卖盘
14:00:27	19.3	--	10	19300	卖盘
14:00:24	19.3	0.01	367	708310	买盘
14:00:21	19.29	--	4	7716	买盘
14:00:18	19.29	0.01	12	23148	买盘
14:00:15	19.28	-0.01	30	57840	卖盘
14:00:09	19.29	--	20	38580	买盘
14:00:03	19.29	--	12	23148	买盘
14:00:00	19.29	-0.01	5	9645	中性盘
13:59:42	19.3	--	10	19300	买盘
13:59:39	19.3	0.01	277	534610	买盘
13:59:33	19.29	--	11	21219	卖盘
13:59:30	19.29	--	10	19290	卖盘
13:59:27	19.29	0.01	2	3858	买盘
13:59:24	19.28	--	5	9640	卖盘
13:59:18	19.28	-0.01	29	55912	卖盘
13:59:15	19.29	--	18	34722	买盘
13:59:12	19.29	0.01	59	113811	买盘
13:59:06	19.28	--	50	96400	卖盘
13:58:57	19.28	--	7	13496	卖盘
13:58:54	19.28	-0.01	41	79048	卖盘
13:58:51	19.29	--	43	82947	买盘
13:58:45	19.29	--	5	9645	买盘
13:58:36	19.29	0.01	1	1929	买盘
13:58:33	19.28	-0.01	5	9640	卖盘
13:58:27	19.29	0.01	6	11574	买盘
13:58:24	19.28	-0.01	24	46272	卖盘
13:58:18	19.29	0.01	160	308640	买盘
13:58:15	19.28	--	4	7712	卖盘
13:58:06	19.28	--	2	3856	卖盘
13:58:03	19.28	--	22	42416	卖盘
13:58:00	19.28	--	5	9640	卖盘
13:57:57	19.28	--	25	48200	卖盘
13:57:54	19.28	--	15	28920	卖盘
13:57:51	19.28	--	20	38560	卖盘
13:57:42	19.28	--	2	3856	卖盘
13:57:33	19.28	--	61	117608	卖盘
13:57:30	19.28	--	16	30848	卖盘
13:57:24	19.28	--	1	1928	卖盘
13:57:12	19.28	--	10	19280	卖盘
13:57:06	19.28	-0.01	46	88688	卖盘
13:57:03	19.29	0.01	43	82947	买盘
13:57:00	19.28	--	84	161952	买盘
13:56:57	19.28	-0.01	20	38560	买盘
13:56:54	19.29	0.02	10	19290	买盘
13:56:51	19.27	-0.02	8	15416	卖盘
13:56:48	19.29	0.01	52	100308	买盘
13:56:42	19.28	--	3	5784	买盘
13:56:36	19.28	--	74	142672	卖盘
13:56:30	19.28	-0.01	70	134960	卖盘
13:56:24	19.29	--	45	86805	买盘
13:56:12	19.29	--	8	15432	买盘
13:56:03	19.29	--	1	1929	卖盘
13:56:00	19.29	--	20	38580	卖盘
13:55:57	19.29	--	10	19290	卖盘
13:55:54	19.29	-0.01	20	38580	卖盘
13:55:51	19.3	0.01	6	11580	买盘
13:55:48	19.29	-0.01	20	38580	卖盘
13:55:45	19.3	--	10	19300	买盘
13:55:39	19.3	-0.01	137	264410	卖盘
13:55:36	19.31	0.01	105	202755	买盘
13:55:33	19.3	--	25	48250	卖盘
13:55:30	19.3	-0.01	26	50180	卖盘
13:55:27	19.31	0.01	12	23172	买盘
13:55:24	19.3	-0.01	25	48250	卖盘
13:55:21	19.31	0.01	3	5793	买盘
13:55:15	19.3	--	34	65620	卖盘
13:55:09	19.3	-0.01	1	1930	卖盘
13:55:06	19.31	0.01	3	5793	买盘
13:55:00	19.3	-0.01	43	82990	卖盘
13:54:57	19.31	--	42	81102	买盘
13:54:54	19.31	0.01	6	11586	买盘
13:54:51	19.3	--	54	104220	卖盘
13:54:48	19.3	--	9	17370	卖盘
13:54:45	19.3	--	7	13510	卖盘
13:54:42	19.3	--	11	21230	卖盘
13:54:39	19.3	-0.01	13	25090	卖盘
13:54:36	19.31	0.01	88	169928	买盘
13:54:27	19.3	--	1	1930	买盘
13:54:24	19.3	--	9	17370	卖盘
13:54:21	19.3	-0.01	13	25090	卖盘
13:54:18	19.31	0.01	6	11586	买盘
13:54:15	19.3	--	13	25090	卖盘
13:54:12	19.3	--	10	19300	卖盘
13:54:06	19.3	--	54	104220	卖盘
13:54:03	19.3	--	13	25090	卖盘
13:54:00	19.3	--	4	7720	卖盘
13:53:57	19.3	--	11	21230	买盘
13:53:51	19.3	-0.01	20	38600	中性盘
13:53:48	19.31	0.01	48	92688	买盘
13:53:45	19.3	--	6	11580	卖盘
13:53:42	19.3	--	148	285640	买盘
13:53:39	19.3	--	175	337750	买盘
13:53:36	19.3	--	153	295290	买盘
13:53:33	19.3	--	19	36670	买盘
13:53:27	19.3	--	20	38600	买盘
13:53:24	19.3	--	152	293360	买盘
13:53:21	19.3	--	2	3860	买盘
13:53:15	19.3	--	90	173700	买盘
13:53:12	19.3	--	75	144750	买盘
13:53:09	19.3	--	5	9650	买盘
13:53:03	19.3	0.01	5	9650	买盘
13:53:00	19.29	--	10	19290	卖盘
13:52:51	19.29	-0.01	19	36651	卖盘
13:52:48	19.3	0.01	28	54040	买盘
13:52:45	19.29	--	6	11574	卖盘
13:52:42	19.29	0.01	107	206403	买盘
13:52:30	19.28	--	9	17352	卖盘
13:52:27	19.28	--	48	92544	卖盘
13:52:21	19.28	-0.01	40	77120	卖盘
13:52:18	19.29	0.01	300	578700	买盘
13:52:15	19.28	--	2	3856	卖盘
13:52:12	19.28	--	3	5784	卖盘
13:52:06	19.28	--	132	254496	买盘
13:52:00	19.28	--	20	38560	买盘
13:51:57	19.28	--	4	7712	卖盘
13:51:54	19.28	0.01	1	1928	买盘
13:51:51	19.27	-0.01	1	1927	卖盘
13:51:48	19.28	0.01	23	44344	买盘
13:51:42	19.27	-0.01	27	52029	卖盘
13:51:39	19.28	--	40	77120	买盘
13:51:36	19.28	--	45	86760	买盘
13:51:33	19.28	0.01	50	96400	买盘
13:51:27	19.27	--	60	115620	卖盘
13:51:24	19.27	-0.01	9	17343	卖盘
13:51:21	19.28	0.01	132	254496	买盘
13:51:18	19.27	--	51	98277	买盘
13:51:15	19.27	--	18	34686	卖盘
13:51:12	19.27	--	2	3854	卖盘
13:51:09	19.27	--	12	23124	卖盘
13:51:06	19.27	--	1	1927	卖盘
13:51:00	19.27	--	256	493312	买盘
13:50:57	19.27	--	10	19270	买盘
13:50:54	19.27	0.01	15	28905	买盘
13:50:45	19.26	-0.01	10	19260	卖盘
13:50:42	19.27	--	5	9635	买盘
13:50:39	19.27	--	11	21197	买盘
13:50:36	19.27	--	34	65518	买盘
13:50:27	19.27	0.01	12	23124	买盘
13:50:24	19.26	-0.01	124	238824	卖盘
13:50:18	19.27	--	22	42394	买盘
13:50:12	19.27	--	3	5781	买盘
13:50:06	19.27	--	13	25051	买盘
13:50:03	19.27	0.01	19	36613	买盘
13:50:00	19.26	-0.01	1	1926	卖盘
13:49:57	19.27	--	28	53956	买盘
13:49:54	19.27	--	26	50102	买盘
13:49:51	19.27	0.01	25	48175	买盘
13:49:48	19.26	--	1	1926	卖盘
13:49:45	19.26	--	7	13482	卖盘
13:49:42	19.26	--	4	7704	卖盘
13:49:39	19.26	--	3	5778	买盘
13:49:36	19.26	0.01	106	204156	买盘
13:49:33	19.25	--	3	5775	卖盘
13:49:30	19.25	--	26	50050	卖盘
13:49:27	19.25	-0.01	13	25025	卖盘
13:49:21	19.26	0.01	7	13482	买盘
13:49:12	19.25	--	5	9625	卖盘
13:49:06	19.25	--	7	13475	卖盘
13:49:00	19.25	--	10	19250	卖盘
13:48:51	19.25	--	1	1925	卖盘
13:48:45	19.25	--	8	15400	卖盘
13:48:42	19.25	-0.01	82	157850	卖盘
13:48:39	19.26	0.01	50	96300	买盘
13:48:36	19.25	-0.01	50	96250	卖盘
13:48:27	19.26	0.01	50	96300	买盘
13:48:18	19.25	-0.01	7	13475	卖盘
13:48:15	19.26	--	84	161784	买盘
13:48:12	19.26	--	5	9630	买盘
13:48:09	19.26	-0.01	97	186822	卖盘
13:48:06	19.27	0.01	39	75153	买盘
13:48:03	19.26	--	5	9630	卖盘
13:48:00	19.26	-0.01	2	3852	卖盘
13:47:54	19.27	--	14	26978	卖盘
13:47:51	19.27	--	36	69372	买盘
13:47:48	19.27	--	4	7708	买盘
13:47:45	19.27	--	12	23124	买盘
13:47:39	19.27	--	23	44321	买盘
13:47:33	19.27	--	21	40467	卖盘
13:47:30	19.27	-0.01	17	32759	卖盘
13:47:24	19.28	-0.01	7	13496	中性盘
13:47:21	19.29	0.02	6	11574	买盘
13:47:18	19.27	-0.01	6	11562	中性盘
13:47:09	19.28	--	12	23136	买盘
13:47:06	19.28	0.02	9	17352	买盘
13:47:03	19.26	-0.01	35	67410	卖盘
13:47:00	19.27	0.01	3	5781	买盘
13:46:57	19.26	-0.01	350	674100	卖盘
13:46:54	19.27	--	13	25051	中性盘
13:46:51	19.27	-0.01	20	38540	中性盘
13:46:48	19.28	0.01	150	289200	买盘
13:46:45	19.27	--	40	77080	买盘
13:46:42	19.27	-0.01	60	115620	卖盘
13:46:39	19.28	0.01	47	90616	买盘
13:46:33	19.27	--	1	1927	卖盘
13:46:30	19.27	--	12	23124	卖盘
13:46:18	19.27	--	10	19270	卖盘
13:46:15	19.27	--	1	1927	卖盘
13:46:12	19.27	--	34	65518	买盘
13:46:09	19.27	0.01	14	26978	买盘
13:46:06	19.26	-0.01	46	88596	中性盘
13:46:00	19.27	0.01	29	55883	买盘
13:45:57	19.26	-0.01	120	231120	卖盘
13:45:54	19.27	--	35	67445	买盘
13:45:51	19.27	--	13	25051	买盘
13:45:48	19.27	--	1	1927	买盘
13:45:42	19.27	--	64	123328	买盘
13:45:39	19.27	0.02	30	57810	买盘
13:45:33	19.25	-0.02	57	109725	卖盘
13:45:27	19.27	0.01	30	57810	买盘
13:45:24	19.26	--	38	73188	买盘
13:45:18	19.26	--	10	19260	买盘
13:45:12	19.26	--	5	9630	卖盘
13:45:09	19.26	0.01	8	15408	卖盘
13:45:03	19.25	-0.01	2	3850	卖盘
13:45:00	19.26	--	98	188748	买盘
13:44:45	19.26	--	32	61632	买盘
13:44:42	19.26	--	5	9630	买盘
13:44:36	19.26	--	15	28890	买盘
13:44:33	19.26	0.01	4	7704	买盘
13:44:30	19.25	-0.01	6	11550	卖盘
13:44:27	19.26	0.01	42	80892	买盘
13:44:21	19.25	-0.01	6	11550	卖盘
13:44:15	19.26	--	37	71262	买盘
13:44:09	19.26	--	51	98226	买盘
13:44:06	19.26	--	1	1926	买盘
13:44:03	19.26	0.01	16	30816	买盘
13:44:00	19.25	--	88	169400	卖盘
13:43:57	19.25	--	1	1925	卖盘
13:43:42	19.25	--	4	7700	卖盘
13:43:39	19.25	--	45	86625	买盘
13:43:33	19.25	0.01	15	28875	买盘
13:43:24	19.24	-0.01	5	9620	卖盘
13:43:21	19.25	--	7	13475	买盘
13:43:18	19.25	--	60	115500	买盘
13:43:12	19.25	--	25	48125	买盘
13:43:09	19.25	--	8	15400	买盘
13:43:06	19.25	0.01	14	26950	买盘
13:42:54	19.24	-0.01	49	94275	卖盘
13:42:51	19.25	--	8	15400	买盘
13:42:48	19.25	0.01	12	23100	买盘
13:42:42	19.24	--	28	53871	卖盘
13:42:39	19.24	-0.01	2	3847	卖盘
13:42:33	19.25	0.01	15	28875	买盘
13:42:30	19.24	-0.01	20	38480	卖盘
13:42:27	19.25	0.01	80	154000	买盘
13:42:21	19.24	-0.01	16	30783	卖盘
13:42:18	19.25	--	57	109725	买盘
13:42:15	19.25	0.01	29	55825	买盘
13:42:12	19.24	--	108	208042	买盘
13:42:03	19.24	--	28	55545	卖盘
13:42:00	19.24	--	50	96199	卖盘
13:41:57	19.24	-0.01	2	3847	卖盘
13:41:51	19.25	0.01	17	32725	买盘
13:41:48	19.24	--	119	228955	卖盘
13:41:45	19.24	--	36	69264	卖盘
13:41:33	19.24	--	23	44252	卖盘
13:41:18	19.24	--	2	3847	卖盘
13:41:15	19.24	--	6	11543	卖盘
13:41:12	19.24	-0.01	25	48099	卖盘
13:41:09	19.25	0.01	24	46200	买盘
13:41:03	19.24	--	66	126983	卖盘
13:40:57	19.24	--	56	107743	卖盘
13:40:54	19.24	--	4	7695	卖盘
13:40:51	19.24	--	3	5771	卖盘
13:40:48	19.24	--	20	38480	卖盘
13:40:45	19.24	-0.01	82	157768	卖盘
13:40:39	19.25	--	45	86625	买盘
13:40:36	19.25	--	2	3850	买盘
13:40:30	19.25	--	12	23100	买盘
13:40:24	19.25	--	8	15400	买盘
13:40:21	19.25	--	7	13475	买盘
13:40:15	19.25	0.01	15	28875	买盘
13:40:03	19.24	-0.01	5	9620	卖盘
13:40:00	19.25	--	6	11550	买盘
13:39:51	19.25	--	30	57750	买盘
13:39:48	19.25	--	27	51975	买盘
13:39:45	19.25	--	30	57750	买盘
13:39:30	19.25	0.01	29	55825	买盘
13:39:27	19.24	--	61	117363	卖盘
13:39:18	19.24	-0.01	67	128907	卖盘
13:39:15	19.25	0.01	19	36575	买盘
13:39:09	19.24	-0.01	30	57719	卖盘
13:39:03	19.25	--	8	15400	买盘
13:38:57	19.25	--	10	19250	买盘
13:38:54	19.25	0.01	36	69300	买盘
13:38:51	19.24	--	6	11794	卖盘
13:38:48	19.24	-0.01	102	196247	卖盘
13:38:45	19.25	0.01	20	38500	买盘
13:38:39	19.24	--	1	1923	卖盘
13:38:36	19.24	--	5	9620	卖盘
13:38:33	19.24	-0.01	83	159692	卖盘
13:38:30	19.25	0.01	30	57750	买盘
13:38:18	19.24	-0.01	10	19240	卖盘
13:38:15	19.25	0.01	22	42350	买盘
13:38:12	19.24	-0.01	10	19240	卖盘
13:38:06	19.25	0.01	11	21175	买盘
13:38:03	19.24	--	38	73112	卖盘
13:37:54	19.24	--	30	57719	卖盘
13:37:45	19.24	--	3	5771	卖盘
13:37:33	19.24	--	9	17316	卖盘
13:37:27	19.24	--	4	7695	卖盘
13:37:24	19.24	--	26	50023	卖盘
13:37:21	19.24	0.01	93	178932	买盘
13:37:18	19.23	-0.01	19	36537	卖盘
13:37:15	19.24	0.01	33	63491	买盘
13:37:09	19.23	-0.01	27	51921	卖盘
13:37:06	19.24	0.01	9	17316	买盘
13:37:03	19.23	-0.01	10	19230	卖盘
13:37:00	19.24	--	31	59643	买盘
13:36:57	19.24	--	13	25011	买盘
13:36:54	19.24	0.01	59	113515	买盘
13:36:51	19.23	--	6	11538	卖盘
13:36:45	19.23	-0.01	32	61536	卖盘
13:36:42	19.24	--	23	44252	买盘
13:36:39	19.24	--	74	142376	买盘
13:36:24	19.24	--	13	25011	买盘
13:36:21	19.24	0.01	9	17316	买盘
13:36:18	19.23	-0.01	2	3846	卖盘
13:36:15	19.24	--	10	19240	买盘
13:36:12	19.24	--	35	67340	买盘
13:36:09	19.24	0.01	46	88504	中性盘
13:35:57	19.23	-0.02	52	99996	卖盘
13:35:48	19.25	0.01	10	19250	买盘
13:35:42	19.24	--	7	13467	卖盘
13:35:33	19.24	--	10	19240	卖盘
13:35:27	19.24	0.01	5	9620	中性盘
13:35:24	19.23	-0.01	6	11538	卖盘
13:35:21	19.24	0.01	43	82732	买盘
13:35:15	19.23	-0.02	45	86535	卖盘
13:35:12	19.25	0.02	21	40425	买盘
13:35:09	19.23	-0.01	124	238452	卖盘
13:35:06	19.24	--	20	38480	买盘
13:34:57	19.24	--	18	34632	买盘
13:34:54	19.24	0.01	4	7695	买盘
13:34:51	19.23	-0.01	1	1923	卖盘
13:34:48	19.24	--	32	61567	买盘
13:34:42	19.24	--	19	36556	买盘
13:34:33	19.24	--	10	19240	买盘
13:34:30	19.24	-0.01	167	321308	卖盘
13:34:27	19.25	0.01	71	136675	买盘
13:34:24	19.24	--	3	5771	卖盘
13:34:21	19.24	-0.01	1	1923	卖盘
13:34:15	19.25	--	45	86625	买盘
13:34:12	19.25	--	19	36575	买盘
13:34:09	19.25	--	3	5775	中性盘
13:34:03	19.25	--	10	19250	卖盘
13:34:00	19.25	--	62	119350	买盘
13:33:57	19.25	--	100	192500	买盘
13:33:51	19.25	--	10	19250	买盘
13:33:48	19.25	--	10	19250	买盘
13:33:45	19.25	--	2	3850	买盘
13:33:42	19.25	0.01	20	38500	买盘
13:33:36	19.24	--	9	17316	卖盘
13:33:30	19.24	-0.01	18	34632	卖盘
13:33:18	19.25	0.01	50	96250	买盘
13:33:15	19.24	--	24	46175	买盘
13:33:12	19.24	0.01	16	30783	买盘
13:33:09	19.23	-0.01	52	99996	卖盘
13:33:06	19.24	--	12	23087	买盘
13:32:57	19.24	--	2	3847	买盘
13:32:54	19.24	-0.01	20	38480	卖盘
13:32:51	19.25	0.01	10	19250	买盘
13:32:45	19.24	-0.01	35	67340	卖盘
13:32:39	19.25	0.01	26	50050	买盘
13:32:36	19.24	-0.01	40	76960	卖盘
13:32:33	19.25	0.01	30	57750	买盘
13:32:24	19.24	-0.01	5	9620	卖盘
13:32:18	19.25	--	207	398475	买盘
13:32:15	19.25	0.01	6	11550	买盘
13:32:12	19.24	--	7	13467	买盘
13:32:09	19.24	--	1	1923	买盘
13:32:06	19.24	--	3	5771	买盘
13:32:03	19.24	--	3	5771	卖盘
13:32:00	19.24	-0.01	30	57719	卖盘
13:31:57	19.25	--	11	21175	买盘
13:31:51	19.25	--	22	42350	买盘
13:31:48	19.25	--	75	144375	买盘
13:31:45	19.25	0.01	4	7700	买盘
13:31:42	19.24	-0.01	76	146224	卖盘
13:31:36	19.25	--	15	28875	买盘
13:31:33	19.25	0.01	12	23100	买盘
13:31:30	19.24	--	28	53871	卖盘
13:31:24	19.24	-0.01	1	1923	卖盘
13:31:21	19.25	--	14	26950	买盘
13:31:15	19.25	0.01	7	13475	买盘
13:31:06	19.24	-0.01	2	3847	卖盘
13:31:03	19.25	--	2	3850	买盘
13:31:00	19.25	0.01	212	408100	买盘
13:30:54	19.24	--	10	19240	卖盘
13:30:51	19.24	-0.01	16	30783	卖盘
13:30:48	19.25	--	17	32725	买盘
13:30:36	19.25	0.01	24	46200	买盘
13:30:33	19.24	--	5	9620	卖盘
13:30:27	19.24	-0.01	10	19240	卖盘
13:30:24	19.25	0.01	1	1925	买盘
13:30:18	19.24	--	20	38480	卖盘
13:30:15	19.24	--	66	126983	卖盘
13:30:09	19.24	--	12	23087	卖盘
13:30:06	19.24	--	20	38480	卖盘
13:30:03	19.24	0.01	47	90427	买盘
13:30:00	19.23	-0.01	5	9615	卖盘
13:29:57	19.24	0.01	10	19240	买盘
13:29:54	19.23	-0.01	4	7692	卖盘
13:29:51	19.24	--	2	3847	买盘
13:29:45	19.24	--	10	19240	买盘
13:29:42	19.24	-0.01	13	25011	卖盘
13:29:33	19.25	--	14	26950	买盘
13:29:24	19.25	--	10	19250	买盘
13:29:18	19.25	--	14	26950	卖盘
13:29:15	19.25	--	14	26950	卖盘
13:29:12	19.25	-0.01	10	19250	卖盘
13:29:09	19.26	0.01	85	163710	买盘
13:29:06	19.25	-0.01	24	46200	卖盘
13:29:00	19.26	0.01	150	288900	买盘
13:28:57	19.25	--	123	236775	卖盘
13:28:54	19.25	-0.01	10	19250	卖盘
13:28:51	19.26	--	1	1926	买盘
13:28:48	19.26	--	1	1926	买盘
13:28:45	19.26	--	1	1926	买盘
13:28:42	19.26	--	31	59706	卖盘
13:28:39	19.26	--	44	84744	卖盘
13:28:36	19.26	-0.01	16	30816	卖盘
13:28:33	19.27	0.01	43	82861	买盘
13:28:27	19.26	--	10	19260	卖盘
13:28:24	19.26	-0.01	12	23112	卖盘
13:28:21	19.27	0.01	20	38540	买盘
13:28:18	19.26	-0.01	50	96300	卖盘
13:28:15	19.27	--	1	1927	买盘
13:28:12	19.27	--	14	26978	买盘
13:28:06	19.27	--	22	42394	买盘
13:28:00	19.27	--	78	150306	卖盘
13:27:57	19.27	-0.01	83	159941	卖盘
13:27:54	19.28	--	34	65552	买盘
13:27:51	19.28	--	36	69408	买盘
13:27:48	19.28	--	20	38560	买盘
13:27:45	19.28	--	5	9640	买盘
13:27:42	19.28	--	13	25064	买盘
13:27:39	19.28	--	23	44344	买盘
13:27:36	19.28	--	12	23136	买盘
13:27:33	19.28	-0.01	73	140744	卖盘
13:27:30	19.29	0.01	14	27006	买盘
13:27:27	19.28	--	30	57840	卖盘
13:27:24	19.28	-0.01	71	136888	卖盘
13:27:21	19.29	--	67	129243	买盘
13:27:18	19.29	--	6	11574	买盘
13:27:15	19.29	0.01	19	36651	买盘
13:27:09	19.28	--	23	44344	卖盘
13:27:06	19.28	--	29	55912	卖盘
13:26:54	19.28	--	42	80976	买盘
13:26:51	19.28	--	57	109896	买盘
13:26:48	19.28	--	2	3856	买盘
13:26:45	19.28	--	212	408736	买盘
13:26:42	19.28	--	5	9640	买盘
13:26:36	19.28	0.01	5	9640	买盘
13:26:33	19.27	0.01	122	235094	买盘
13:26:30	19.26	-0.01	40	77040	卖盘
13:26:24	19.27	0.01	4	7708	买盘
13:26:21	19.26	--	15	28890	卖盘
13:26:18	19.26	--	24	46224	买盘
13:26:12	19.26	--	12	23112	买盘
13:26:09	19.26	0.01	7	13482	买盘
13:26:06	19.25	--	2	3850	卖盘
13:26:03	19.25	--	3	6987	卖盘
13:26:00	19.25	--	125	240625	买盘
13:25:57	19.25	-0.01	33	63525	买盘
13:25:54	19.26	0.01	50	96300	买盘
13:25:48	19.25	0.01	105	202125	中性盘
13:25:39	19.24	--	100	192399	卖盘
13:25:36	19.24	-0.01	53	101971	卖盘
13:25:33	19.25	--	318	612150	买盘
13:25:30	19.25	0.01	4	7700	买盘
13:25:21	19.24	0.01	7	13467	买盘
13:25:18	19.23	-0.01	19	36537	卖盘
13:25:15	19.24	--	27	51947	买盘
13:25:12	19.24	--	3	5771	买盘
13:25:06	19.24	--	15	28859	买盘
13:25:00	19.24	--	2	3847	买盘
13:24:57	19.24	-0.01	10	19240	中性盘
13:24:54	19.25	0.01	118	227150	买盘
13:24:51	19.24	-0.01	5	9620	中性盘
13:24:45	19.25	0.01	103	198275	买盘
13:24:42	19.24	--	8	15391	买盘
13:24:39	19.24	--	55	105819	买盘
13:24:36	19.24	0.01	10	19240	买盘
13:24:33	19.23	-0.01	84	161532	卖盘
13:24:30	19.24	0.01	22	42328	买盘
13:24:27	19.23	-0.01	18	34614	卖盘
13:24:24	19.24	--	15	28859	买盘
13:24:21	19.24	-0.01	34	65415	中性盘
13:24:18	19.25	--	63	121275	买盘
13:24:15	19.25	--	59	113575	买盘
13:24:12	19.25	0.01	63	121275	买盘
13:24:09	19.24	-0.01	2	3847	卖盘
13:24:06	19.25	-0.01	7	13475	中性盘
13:24:00	19.26	0.01	52	100152	买盘
13:23:57	19.25	--	13	25025	买盘
13:23:54	19.25	0.01	95	182875	买盘
13:23:51	19.24	-0.01	14	26935	卖盘
13:23:48	19.25	0.01	10	19250	买盘
13:23:45	19.24	0.01	69	132756	卖盘
13:23:39	19.23	-0.02	115	221145	卖盘
13:23:33	19.25	0.02	96	184800	买盘
13:23:30	19.23	--	191	367293	卖盘
13:23:27	19.23	-0.01	95	182685	卖盘
13:23:18	19.24	--	13	25011	买盘
13:23:15	19.24	0.02	30	57719	买盘
13:23:12	19.22	-0.02	2	3844	卖盘
13:23:09	19.24	0.01	4	7695	买盘
13:23:06	19.23	--	24	46152	买盘
13:23:03	19.23	0.01	36	69228	买盘
13:23:00	19.22	--	22	42284	卖盘
13:22:57	19.22	--	27	51894	卖盘
13:22:51	19.22	0.01	88	169136	买盘
13:22:48	19.21	0.01	1	1921	买盘
13:22:45	19.2	--	8	15360	卖盘
13:22:36	19.2	0.01	39	74880	买盘
13:22:33	19.19	-0.01	4	7676	卖盘
13:22:27	19.2	0.01	11	21120	买盘
13:22:21	19.19	--	52	99788	卖盘
13:22:18	19.19	--	42	80598	卖盘
13:22:15	19.19	-0.01	2	3838	卖盘
13:22:12	19.2	0.01	20	38400	买盘
13:22:09	19.19	--	52	99788	卖盘
13:22:06	19.19	--	22	42218	卖盘
13:22:03	19.19	--	80	153520	卖盘
13:22:00	19.19	--	2	3838	卖盘
13:21:54	19.19	0.01	45	86355	买盘
13:21:51	19.18	-0.01	36	69048	卖盘
13:21:48	19.19	--	18	34542	卖盘
13:21:45	19.19	--	12	23028	卖盘
13:21:42	19.19	--	5	9595	卖盘
13:21:39	19.19	0.01	56	107464	买盘
13:21:36	19.18	-0.01	1	1918	卖盘
13:21:33	19.19	0.01	87	166953	买盘
13:21:30	19.18	-0.01	37	70966	卖盘
13:21:27	19.19	--	1	1919	买盘
13:21:21	19.19	0.01	50	95950	买盘
13:21:18	19.18	-0.01	51	97818	卖盘
13:21:15	19.19	--	3	5757	买盘
13:21:12	19.19	-0.01	103	197657	买盘
13:21:09	19.2	0.01	66	126720	买盘
13:21:06	19.19	--	31	59489	卖盘
13:21:03	19.19	-0.01	69	132411	卖盘
13:21:00	19.2	--	7	13440	买盘
13:20:57	19.2	--	1	1920	买盘
13:20:54	19.2	--	13	24960	买盘
13:20:51	19.2	--	17	32640	卖盘
13:20:48	19.2	-0.01	8	15360	中性盘
13:20:45	19.21	0.01	11	21131	买盘
13:20:42	19.2	--	101	193920	卖盘
13:20:36	19.2	--	19	36480	卖盘
13:20:33	19.2	--	24	46080	卖盘
13:20:27	19.2	--	35	67200	买盘
13:20:24	19.2	--	25	48000	买盘
13:20:21	19.2	--	2	3840	卖盘
13:20:15	19.2	0.01	28	53760	买盘
13:20:12	19.19	--	97	186143	买盘
13:20:09	19.19	-0.01	168	322392	卖盘
13:20:03	19.2	0.01	9	17280	买盘
13:20:00	19.19	--	2	3838	中性盘
13:19:57	19.19	--	61	117059	买盘
13:19:54	19.19	--	104	199576	卖盘
13:19:51	19.19	--	4	7676	卖盘
13:19:48	19.19	0.01	14	26866	买盘
13:19:45	19.18	--	20	38360	卖盘
13:19:42	19.18	--	19	36442	卖盘
13:19:39	19.18	--	27	51786	卖盘
13:19:36	19.18	0.02	108	207144	买盘
13:19:33	19.16	-0.01	112	214592	卖盘
13:19:30	19.17	-0.01	67	128439	卖盘
13:19:27	19.18	--	14	26852	买盘
13:19:24	19.18	--	41	78638	买盘
13:19:21	19.18	--	61	116998	买盘
13:19:18	19.18	--	20	38360	买盘
13:19:15	19.18	0.01	30	57540	买盘
13:19:12	19.17	--	44	84348	卖盘
13:19:00	19.17	--	82	157194	买盘
13:18:57	19.17	--	22	42174	买盘
13:18:54	19.17	0.01	16	30672	买盘
13:18:51	19.16	--	22	42152	卖盘
13:18:48	19.16	--	10	19160	卖盘
13:18:42	19.16	--	30	57480	买盘
13:18:39	19.16	--	19	36404	买盘
13:18:36	19.16	--	94	180104	买盘
13:18:30	19.16	--	22	42152	买盘
13:18:27	19.16	--	10	19160	买盘
13:18:24	19.16	--	38	72808	买盘
13:18:21	19.16	--	1	1916	买盘
13:18:15	19.16	--	17	32572	买盘
13:18:12	19.16	0.03	25	47900	买盘
13:18:06	19.13	--	90	172170	卖盘
13:18:00	19.13	--	10	19130	卖盘
13:17:48	19.13	0.01	13	24869	中性盘
13:17:45	19.12	-0.05	10	19120	卖盘
13:17:42	19.17	0.04	300	575100	买盘
13:17:33	19.13	0.01	69	131997	买盘
13:17:27	19.12	--	46	87952	买盘
13:17:24	19.12	0.01	17	32504	买盘
13:17:12	19.11	--	24	45864	买盘
13:17:06	19.11	--	30	57330	买盘
13:17:03	19.11	0.01	10	19110	买盘
13:16:45	19.1	0.01	57	108870	买盘
13:16:42	19.09	0.01	10	19090	中性盘
13:16:27	19.08	-0.01	119	227051	卖盘
13:16:24	19.09	--	9	17181	买盘
13:16:18	19.09	--	30	57270	买盘
13:16:12	19.09	0.01	11	20999	买盘
13:16:00	19.08	0.01	31	59147	买盘
13:15:57	19.07	--	4	7628	卖盘
13:15:45	19.07	-0.01	13	24791	卖盘
13:15:42	19.08	--	1	1907	买盘
13:15:39	19.08	0.01	110	209879	买盘
13:15:30	19.07	--	9	17163	买盘
13:15:27	19.07	--	14	26698	买盘
13:15:24	19.07	--	27	51489	卖盘
13:15:12	19.07	-0.01	2	3814	卖盘
13:15:09	19.08	0.01	11	20987	买盘
13:15:06	19.07	--	58	110606	买盘
13:15:03	19.07	--	31	59117	买盘
13:15:00	19.07	--	15	28605	买盘
13:14:57	19.07	--	7	13349	买盘
13:14:51	19.07	0.01	86	164002	卖盘
13:14:45	19.06	-0.02	10	19060	卖盘
13:14:39	19.08	0.01	45	85859	买盘
13:14:36	19.07	--	29	56256	买盘
13:14:33	19.07	--	5	9535	买盘
13:14:30	19.07	0.02	5	9535	买盘
13:14:27	19.05	-0.02	100	190500	卖盘
13:14:21	19.07	--	30	57210	买盘
13:14:18	19.07	-0.02	32	61977	卖盘
13:14:15	19.09	-0.01	135	257715	买盘
13:14:09	19.1	0.03	6	11460	买盘
13:14:03	19.07	-0.02	100	190700	卖盘
13:14:00	19.09	--	40	76360	卖盘
13:13:57	19.09	--	1	1909	卖盘
13:13:54	19.09	--	46	87814	买盘
13:13:51	19.09	--	1	1909	买盘
13:13:48	19.09	--	10	19090	买盘
13:13:42	19.09	0.02	4	7636	买盘
13:13:36	19.07	-0.02	100	190700	卖盘
13:13:33	19.09	--	6	11454	买盘
13:13:30	19.09	0.02	10	19090	买盘
13:13:18	19.07	-0.01	29	55303	卖盘
13:13:15	19.08	--	42	80136	买盘
13:13:12	19.08	--	7	13355	买盘
13:13:09	19.08	--	4	7631	买盘
13:13:00	19.08	0.01	20	38160	买盘
13:12:54	19.07	0.01	177	338492	买盘
13:12:51	19.06	--	1	1925	买盘
13:12:45	19.06	0.01	46	87676	买盘
13:12:39	19.05	--	3	7600	卖盘
13:12:36	19.05	-0.01	10	19050	卖盘
13:12:30	19.06	--	12	22872	买盘
13:12:27	19.06	0.01	4	7623	买盘
13:12:15	19.05	--	24	45739	买盘
13:11:57	19.05	--	3	7600	卖盘
13:11:36	19.05	--	14	26689	买盘
13:11:30	19.05	--	1	1905	买盘
13:11:27	19.05	--	10	19050	买盘
13:11:21	19.05	--	10	19050	买盘
13:11:18	19.05	--	52	99060	买盘
13:11:12	19.05	--	20	38100	买盘
13:11:09	19.05	--	42	81895	卖盘
13:11:06	19.05	-0.01	81	154305	卖盘
13:10:57	19.06	--	11	20966	买盘
13:10:42	19.06	--	20	38120	买盘
13:10:39	19.06	0.01	11	20966	买盘
13:10:36	19.05	-0.01	2	3810	卖盘
13:10:18	19.06	0.01	8	15247	买盘
13:09:51	19.05	--	8	15240	卖盘
13:09:48	19.05	--	10	19050	卖盘
13:09:30	19.05	--	12	22879	买盘
13:09:27	19.05	--	10	19050	买盘
13:09:21	19.05	0.01	4	7620	买盘
13:09:18	19.04	-0.01	32	60928	卖盘
13:09:06	19.05	-0.01	14	26670	卖盘
13:08:48	19.06	--	10	19060	买盘
13:08:45	19.06	-0.01	18	34308	卖盘
13:08:39	19.07	--	1	1907	买盘
13:08:27	19.07	--	5	9535	买盘
13:08:24	19.07	--	1	1907	买盘
13:08:21	19.07	0.01	10	19070	买盘
13:08:12	19.06	-0.02	31	60038	卖盘
13:08:09	19.08	--	10	19080	买盘
13:08:06	19.08	0.01	10	19080	买盘
13:07:57	19.07	0.01	28	54349	买盘
13:07:54	19.06	-0.01	18	34308	卖盘
13:07:51	19.07	0.01	1	1907	买盘
13:07:45	19.06	-0.01	2	3811	卖盘
13:07:33	19.07	--	30	57210	买盘
13:07:30	19.07	0.01	50	95350	买盘
13:07:24	19.06	-0.01	10	19060	卖盘
13:07:21	19.07	--	15	28605	买盘
13:07:15	19.07	--	38	72466	卖盘
13:07:12	19.07	-0.01	11	20977	卖盘
13:07:06	19.08	--	10	19080	买盘
13:06:57	19.08	-0.01	266	507527	卖盘
13:06:54	19.09	--	7	13363	买盘
13:06:48	19.09	--	1	1909	买盘
13:06:42	19.09	-0.01	25	47725	卖盘
13:06:33	19.1	--	18	34380	买盘
13:06:24	19.1	--	2	3820	买盘
13:06:21	19.1	--	4	7640	卖盘
13:06:12	19.1	-0.01	10	19100	卖盘
13:05:57	19.11	--	5	9555	买盘
13:05:51	19.11	-0.01	24	45864	卖盘
13:05:45	19.12	0.01	10	19120	中性盘
13:05:42	19.11	-0.02	1	1911	卖盘
13:05:36	19.13	0.03	10	19130	买盘
13:05:24	19.1	--	34	64940	买盘
13:05:21	19.1	-0.03	31	59210	卖盘
13:05:18	19.13	--	1	1913	买盘
13:05:06	19.13	0.03	5	9565	买盘
13:05:03	19.1	--	10	19100	卖盘
13:04:54	19.1	-0.03	8	15280	卖盘
13:04:39	19.13	--	5	9565	买盘
13:04:27	19.13	--	15	28695	卖盘
13:04:21	19.13	--	4	7652	卖盘
13:04:15	19.13	--	5	9565	卖盘
13:03:39	19.13	--	2	3826	买盘
13:03:30	19.13	--	3	5739	中性盘
13:03:24	19.13	-0.01	20	38260	卖盘
13:03:06	19.14	-0.02	2	3828	中性盘
13:02:48	19.16	--	3	5748	卖盘
13:02:42	19.16	--	117	224172	买盘
13:02:36	19.16	--	3	5748	买盘
13:02:27	19.16	-0.01	5	9580	卖盘
13:02:24	19.17	0.01	60	115020	买盘
13:02:15	19.16	--	2	3832	卖盘
13:02:06	19.16	--	3	5748	卖盘
13:02:00	19.16	0.04	194	371704	买盘
13:01:42	19.12	--	57	108984	买盘
13:01:36	19.12	0.01	90	172080	买盘
13:01:27	19.11	0.01	7	13377	买盘
13:01:15	19.1	--	6	13293	买盘
13:01:09	19.1	--	10	19100	买盘
13:00:54	19.1	--	6	11460	买盘
13:00:48	19.1	--	20	38200	买盘
13:00:39	19.1	--	10	19100	买盘
13:00:36	19.1	0.01	29	55390	买盘
13:00:12	19.09	--	2	3818	卖盘
13:00:09	19.09	0.01	9	17181	中性盘
13:00:06	19.08	--	140	267120	买盘
13:00:03	19.08	--	0	0	买盘
11:30:03	19.08	--	0	0	买盘
11:29:57	19.08	-0.01	3	5723	卖盘
11:29:45	19.09	0.02	51	97359	买盘
11:29:39	19.07	-0.01	10	19070	卖盘
11:29:33	19.08	--	5	9540	买盘
11:29:12	19.08	--	51	97307	买盘
11:29:00	19.08	0.01	5	9540	买盘
11:28:57	19.07	--	5	9535	买盘
11:28:54	19.07	--	23	43861	卖盘
11:28:24	19.07	-0.01	6	11442	中性盘
11:28:15	19.08	0.01	51	97307	买盘
11:28:12	19.07	--	30	57210	买盘
11:28:00	19.07	--	7	13349	买盘
11:27:57	19.07	--	4	7628	买盘
11:27:48	19.07	--	50	95350	买盘
11:27:45	19.07	--	16	30512	买盘
11:27:42	19.07	--	10	19070	买盘
11:27:30	19.07	0.01	5	9535	买盘
11:27:27	19.06	-0.01	2	3811	卖盘
11:27:21	19.07	--	40	76280	买盘
11:27:03	19.07	--	20	38140	买盘
11:26:57	19.07	--	17	32419	买盘
11:26:51	19.07	--	2	3814	买盘
11:26:48	19.07	--	10	19070	买盘
11:26:42	19.07	--	54	102978	买盘
11:26:36	19.07	0.01	11	20977	买盘
11:26:03	19.06	--	21	40026	卖盘
11:25:57	19.06	-0.01	10	19060	卖盘
11:25:51	19.07	0.01	3	5721	买盘
11:25:42	19.06	--	1	1905	卖盘
11:25:39	19.06	-0.01	10	19060	卖盘
11:25:33	19.07	0.01	19	36233	买盘
11:25:24	19.06	-0.01	2	3811	卖盘
11:25:21	19.07	--	50	95350	买盘
11:25:18	19.07	--	10	19070	买盘
11:25:12	19.07	--	10	19070	买盘
11:25:09	19.07	--	50	95350	买盘
11:24:54	19.07	--	10	19070	买盘
11:24:51	19.07	--	6	11442	卖盘
11:24:48	19.07	-0.01	16	30512	卖盘
11:24:45	19.08	0.01	20	38160	买盘
11:24:42	19.07	--	6	11442	卖盘
11:24:18	19.07	--	3	5721	买盘
11:24:15	19.07	--	17	32419	卖盘
11:23:36	19.07	-0.01	1	1907	买盘
11:23:27	19.08	0.01	10	19080	买盘
11:23:24	19.07	--	94	179258	卖盘
11:23:18	19.07	--	6	11442	卖盘
11:23:12	19.07	-0.02	59	112513	卖盘
11:22:57	19.09	--	41	78269	卖盘
11:22:54	19.09	0.02	7	13363	中性盘
11:22:42	19.07	-0.02	102	194514	卖盘
11:22:39	19.09	0.01	2	3818	买盘
11:22:30	19.08	-0.01	35	66780	卖盘
11:22:24	19.09	--	100	190900	买盘
11:22:21	19.09	--	38	72542	卖盘
11:22:12	19.09	--	5	9545	卖盘
11:22:03	19.09	--	4	7636	买盘
11:21:57	19.09	--	10	19090	买盘
11:21:48	19.09	--	4	7636	买盘
11:21:42	19.09	0.01	10	19090	买盘
11:21:15	19.08	--	69	131652	买盘
11:21:06	19.08	0.01	7	13355	买盘
11:20:51	19.07	0.03	377	718939	买盘
11:20:42	19.04	--	7	13328	买盘
11:20:39	19.04	--	5	9520	买盘
11:20:30	19.04	-0.01	9	17136	卖盘
11:20:18	19.05	--	2	3810	买盘
11:20:06	19.05	0.01	10	19050	买盘
11:20:03	19.04	-0.01	5	9520	卖盘
11:20:00	19.05	--	1	1905	买盘
11:19:54	19.05	--	2	3810	买盘
11:19:48	19.05	--	6	11430	买盘
11:19:45	19.05	--	11	20955	卖盘
11:19:39	19.05	--	5	9525	买盘
11:19:36	19.05	0.01	9	17145	买盘
11:19:33	19.04	-0.01	38	72352	卖盘
11:19:27	19.05	0.01	10	19050	买盘
11:19:24	19.04	-0.01	5	9520	卖盘
11:19:21	19.05	0.01	30	57150	买盘
11:19:06	19.04	--	9	17136	卖盘
11:18:54	19.04	--	3	5712	卖盘
11:18:48	19.04	-0.01	3	5712	卖盘
11:18:45	19.05	--	1	1905	买盘
11:18:27	19.05	--	10	19050	买盘
11:18:12	19.05	--	6	11430	买盘
11:18:09	19.05	--	4	7620	买盘
11:17:57	19.05	--	5	9525	买盘
11:17:54	19.05	0.01	50	95250	买盘
11:17:48	19.04	-0.01	4	7616	中性盘
11:17:33	19.05	--	4	7620	买盘
11:17:18	19.05	0.02	25	47625	买盘
11:17:15	19.03	-0.01	20	38060	卖盘
11:17:06	19.04	--	14	26656	买盘
11:17:00	19.04	0.01	3	5712	买盘
11:16:54	19.03	--	50	95150	卖盘
11:16:30	19.03	--	14	26642	卖盘
11:16:21	19.03	-0.01	21	39963	卖盘
11:16:15	19.04	--	37	70448	买盘
11:16:12	19.04	--	12	22848	买盘
11:16:06	19.04	--	16	30464	买盘
11:16:03	19.04	-0.01	1	1904	卖盘
11:15:57	19.05	0.01	1	1905	买盘
11:15:54	19.04	--	10	19040	卖盘
11:15:48	19.04	--	3	5712	卖盘
11:15:36	19.04	--	4	7616	卖盘
11:15:27	19.04	-0.01	2	3808	卖盘
11:15:21	19.05	--	20	38100	买盘
11:15:15	19.05	--	4	7620	买盘
11:15:12	19.05	--	6	11430	买盘
11:15:03	19.05	--	10	19050	买盘
11:15:00	19.05	-0.01	19	36195	卖盘
11:14:57	19.06	0.02	4	7623	中性盘
11:14:48	19.04	-0.01	144	274176	卖盘
11:14:39	19.05	--	40	76200	买盘
11:14:36	19.05	0.01	4	7620	买盘
11:14:33	19.04	-0.01	2	3808	卖盘
11:14:24	19.05	0.01	7	13335	买盘
11:14:18	19.04	--	12	22848	卖盘
11:14:15	19.04	-0.01	3	5712	卖盘
11:14:06	19.05	0.02	7	13335	买盘
11:13:33	19.03	--	8	15224	卖盘
11:13:30	19.03	0.02	60	114180	买盘
11:13:27	19.01	-0.01	6	11406	卖盘
11:13:18	19.02	-0.01	12	22824	买盘
11:13:12	19.03	--	10	19030	买盘
11:13:09	19.03	0.02	12	22836	买盘
11:13:03	19.01	-0.01	50	95050	卖盘
11:13:00	19.02	--	10	19020	卖盘
11:12:54	19.02	0.01	2	3804	买盘
11:12:51	19.01	-0.02	13	24713	卖盘
11:12:48	19.03	0.01	28	53284	买盘
11:12:45	19.02	--	27	51354	卖盘
11:12:42	19.02	--	10	19020	卖盘
11:12:33	19.02	--	15	28530	卖盘
11:12:30	19.02	0.01	18	34236	买盘
11:12:27	19.01	-0.01	10	19010	卖盘
11:12:24	19.02	0.01	8	15216	买盘
11:12:21	19.01	-0.01	2	3802	卖盘
11:12:18	19.02	0.01	2	3804	买盘
11:12:15	19.01	-0.01	10	19010	卖盘
11:12:12	19.02	--	13	24726	买盘
11:12:09	19.02	0.01	20	38040	买盘
11:12:06	19.01	-0.01	4	7604	卖盘
11:12:00	19.02	--	1	1902	买盘
11:11:54	19.02	--	10	19020	买盘
11:11:48	19.02	--	25	47550	买盘
11:11:45	19.02	--	1	1902	买盘
11:11:42	19.02	--	5	9510	买盘
11:11:36	19.02	--	1	1902	买盘
11:11:33	19.02	--	2	3804	买盘
11:11:24	19.02	--	13	24726	买盘
11:11:21	19.02	--	27	51354	卖盘
11:11:15	19.02	-0.03	65	123630	卖盘
11:11:06	19.05	0.03	36	68580	买盘
11:10:48	19.02	--	13	24726	卖盘
11:10:42	19.02	-0.01	24	45648	中性盘
11:10:33	19.03	0.01	28	53284	买盘
11:10:30	19.02	--	7	13314	买盘
11:10:27	19.02	--	6	11412	买盘
11:10:21	19.02	0.01	7	13314	买盘
11:10:15	19.01	--	30	57030	卖盘
11:10:09	19.01	--	44	83644	卖盘
11:10:06	19.01	0.01	3	5703	买盘
11:09:57	19.0	--	21	39900	卖盘
11:09:54	19.0	0.01	110	209000	买盘
11:09:51	18.99	0.02	200	379799	买盘
11:09:48	18.97	-0.01	33	62600	卖盘
11:09:45	18.98	0.01	115	218270	买盘
11:09:42	18.97	-0.01	42	79674	卖盘
11:09:39	18.98	0.02	120	227760	买盘
11:09:36	18.96	-0.01	55	104280	卖盘
11:09:33	18.97	--	20	37940	买盘
11:09:30	18.97	0.01	20	37940	买盘
11:09:24	18.96	-0.02	32	60672	卖盘
11:09:21	18.98	--	10	18980	买盘
11:09:18	18.98	--	8	15184	买盘
11:09:15	18.98	--	1	1898	买盘
11:09:12	18.98	--	214	406172	卖盘
11:09:09	18.98	--	37	70226	卖盘
11:09:03	18.98	-0.01	5	9490	卖盘
11:09:00	18.99	--	29	55070	卖盘
11:08:57	18.99	--	12	22787	卖盘
11:08:51	18.99	--	25	47474	卖盘
11:08:48	18.99	--	2	3797	卖盘
11:08:45	18.99	--	2	3797	卖盘
11:08:42	18.99	--	10	18990	卖盘
11:08:36	18.99	0.01	52	98747	买盘
11:08:33	18.98	-0.02	12	22776	卖盘
11:08:30	19.0	--	21	39900	买盘
11:08:21	19.0	0.02	2	3800	买盘
11:08:18	18.98	-0.02	116	220168	卖盘
11:08:15	19.0	--	58	110200	买盘
11:08:12	19.0	--	1	1900	买盘
11:08:09	19.0	--	26	49400	卖盘
11:08:06	19.0	-0.01	15	28500	卖盘
11:08:03	19.01	0.01	11	20911	买盘
11:08:00	19.0	--	7	13300	卖盘
11:07:57	19.0	--	113	214700	卖盘
11:07:54	19.0	-0.01	22	41800	卖盘
11:07:51	19.01	--	40	76040	买盘
11:07:48	19.01	0.01	10	19010	买盘
11:07:45	19.0	--	29	55100	卖盘
11:07:39	19.0	--	75	142500	卖盘
11:07:36	19.0	--	20	38000	卖盘
11:07:33	19.0	-0.02	78	148200	卖盘
11:07:24	19.02	--	203	386106	买盘
11:07:21	19.02	--	89	169278	卖盘
11:07:18	19.02	-0.01	204	388008	卖盘
11:07:15	19.03	--	28	53284	卖盘
11:07:12	19.03	--	10	19030	卖盘
11:07:06	19.03	-0.02	132	251196	卖盘
11:06:57	19.05	0.01	78	148590	买盘
11:06:51	19.04	-0.01	2	3808	卖盘
11:06:42	19.05	--	1	1905	买盘
11:06:39	19.05	--	36	68580	卖盘
11:06:36	19.05	--	90	171450	卖盘
11:06:33	19.05	-0.01	5	9525	卖盘
11:06:12	19.06	-0.01	178	339268	卖盘
11:05:48	19.07	0.01	8	15256	买盘
11:05:33	19.06	--	26	49556	卖盘
11:05:30	19.06	-0.01	22	41932	卖盘
11:05:03	19.07	--	16	30512	卖盘
11:04:57	19.07	--	3	5721	买盘
11:04:51	19.07	--	8	15256	卖盘
11:04:48	19.07	--	5	9535	卖盘
11:04:36	19.07	0.01	15	28605	中性盘
11:04:30	19.06	-0.02	49	93394	卖盘
11:04:18	19.08	0.01	1	1907	买盘
11:04:12	19.07	-0.01	39	74373	卖盘
11:04:00	19.08	0.01	65	124019	买盘
11:03:54	19.07	-0.01	3	5721	卖盘
11:03:51	19.08	0.01	28	53423	买盘
11:03:48	19.07	-0.01	5	9535	卖盘
11:03:42	19.08	--	1	1907	买盘
11:03:39	19.08	--	6	11447	买盘
11:03:30	19.08	--	33	62963	买盘
11:03:21	19.08	--	6	11447	卖盘
11:03:15	19.08	-0.01	70	133560	卖盘
11:03:12	19.09	--	2	3818	买盘
11:03:09	19.09	0.01	1	1909	买盘
11:03:03	19.08	--	9	17172	卖盘
11:02:45	19.08	--	5	9540	卖盘
11:02:36	19.08	--	36	68688	卖盘
11:02:33	19.08	--	10	19080	卖盘
11:02:24	19.08	--	55	104939	买盘
11:02:00	19.08	0.01	10	19080	买盘
11:01:42	19.07	-0.01	1	1907	卖盘
11:01:39	19.08	--	2	3815	买盘
11:01:36	19.08	--	20	38160	买盘
11:01:18	19.08	0.01	3	5723	买盘
11:01:15	19.07	--	10	19070	卖盘
11:01:12	19.07	--	1	1907	卖盘
11:01:06	19.07	--	3	5721	买盘
11:01:03	19.07	0.01	5	9535	买盘
11:01:00	19.06	-0.01	41	78146	卖盘
11:00:57	19.07	0.01	44	83908	买盘
11:00:39	19.06	--	139	264934	买盘
11:00:33	19.06	--	4	7623	买盘
11:00:30	19.06	-0.01	18	34308	卖盘
11:00:27	19.07	0.01	5	9535	买盘
11:00:00	19.06	0.01	9	17154	买盘
10:59:57	19.05	--	3	5715	卖盘
10:59:45	19.05	0.01	10	19050	卖盘
10:59:39	19.04	-0.01	5	9520	买盘
10:59:33	19.05	--	1	1905	买盘
10:59:30	19.05	--	35	66675	买盘
10:59:24	19.05	--	3	5715	买盘
10:59:21	19.05	--	8	15240	买盘
10:59:15	19.05	--	17	32385	卖盘
10:59:12	19.05	--	3	5715	买盘
10:59:09	19.05	--	7	13335	卖盘
10:59:06	19.05	-0.01	10	19050	卖盘
10:59:00	19.06	0.01	5	9530	买盘
10:58:57	19.05	--	19	36195	卖盘
10:58:54	19.05	--	5	9525	卖盘
10:58:51	19.05	--	12	22860	卖盘
10:58:27	19.05	-0.01	25	47625	卖盘
10:58:21	19.06	--	3	5718	卖盘
10:58:15	19.06	0.01	12	22872	买盘
10:58:09	19.05	-0.01	27	51435	中性盘
10:58:06	19.06	0.01	105	200130	买盘
10:58:03	19.05	--	2	3810	买盘
10:58:00	19.05	--	519	988695	买盘
10:57:48	19.05	--	3	5715	卖盘
10:57:45	19.05	--	7	13335	卖盘
10:57:42	19.05	--	11	20955	卖盘
10:57:39	19.05	--	38	72390	卖盘
10:57:36	19.05	--	24	45720	卖盘
10:57:24	19.05	-0.01	93	177165	卖盘
10:57:21	19.06	-0.01	7	13342	卖盘
10:57:18	19.07	0.02	18	34326	买盘
10:57:12	19.05	-0.01	215	409575	卖盘
10:57:09	19.06	-0.01	6	11436	卖盘
10:57:06	19.07	0.01	45	85815	买盘
10:57:03	19.06	--	14	26684	卖盘
10:57:00	19.06	--	9	17154	卖盘
10:56:54	19.06	-0.01	110	209660	卖盘
10:56:42	19.07	--	3	5721	买盘
10:56:33	19.07	--	119	226933	卖盘
10:56:27	19.07	--	23	43861	卖盘
10:56:24	19.07	--	7	13349	卖盘
10:56:15	19.07	--	15	28605	卖盘
10:56:12	19.07	--	4	7628	卖盘
10:56:06	19.07	-0.01	4	7628	卖盘
10:56:03	19.08	--	3	5723	买盘
10:55:57	19.08	0.01	5	9540	买盘
10:55:51	19.07	-0.01	6	11442	卖盘
10:55:18	19.08	--	11	20987	卖盘
10:55:12	19.08	--	10	19080	买盘
10:55:09	19.08	--	1	1907	买盘
10:54:57	19.08	0.02	2	3815	买盘
10:54:51	19.06	--	50	95300	卖盘
10:54:48	19.06	-0.02	50	95300	卖盘
10:54:39	19.08	0.02	15	28619	买盘
10:54:33	19.06	-0.01	60	114359	卖盘
10:54:27	19.07	--	15	28605	买盘
10:54:21	19.07	--	1	1907	买盘
10:54:18	19.07	--	23	43861	买盘
10:54:15	19.07	--	2	3814	买盘
10:54:06	19.07	0.01	5	9535	买盘
10:53:54	19.06	-0.01	41	78146	卖盘
10:53:51	19.07	0.01	2	3814	买盘
10:53:45	19.06	-0.01	10	19060	卖盘
10:53:39	19.07	--	19	36233	买盘
10:53:30	19.07	--	3	5721	买盘
10:53:27	19.07	-0.01	5	9535	卖盘
10:53:24	19.08	0.01	5	9540	买盘
10:53:21	19.07	--	5	9535	买盘
10:53:18	19.07	0.01	4	7628	中性盘
10:53:12	19.06	--	56	106736	卖盘
10:53:09	19.06	--	70	133420	卖盘
10:52:57	19.06	--	2	3811	卖盘
10:52:42	19.06	-0.02	11	20966	卖盘
10:52:36	19.08	0.02	11	20987	买盘
10:52:27	19.06	-0.02	1	1905	卖盘
10:52:21	19.08	0.02	41	78228	买盘
10:52:18	19.06	--	3	5718	买盘
10:52:15	19.06	--	10	19060	买盘
10:52:09	19.06	-0.02	33	62897	卖盘
10:52:06	19.08	--	2	3815	买盘
10:52:03	19.08	--	3	5723	买盘
10:51:51	19.08	--	5	9540	买盘
10:51:48	19.08	--	22	41975	买盘
10:51:42	19.08	0.01	60	114479	买盘
10:51:33	19.07	--	19	36233	买盘
10:51:30	19.07	-0.01	130	247910	卖盘
10:51:27	19.08	--	22	41975	买盘
10:51:21	19.08	--	10	19080	买盘
10:51:12	19.08	0.01	31	59147	买盘
10:51:09	19.07	-0.01	16	30512	卖盘
10:51:03	19.08	--	10	19080	买盘
10:50:57	19.08	--	16	30527	买盘
10:50:54	19.08	0.01	20	38160	买盘
10:50:45	19.07	-0.01	5	9535	卖盘
10:50:39	19.08	0.01	5	9540	买盘
10:50:33	19.07	--	6	11442	卖盘
10:50:30	19.07	--	100	190700	卖盘
10:50:27	19.07	-0.01	7	13349	卖盘
10:50:18	19.08	--	15	28619	买盘
10:50:12	19.08	0.01	1	1907	买盘
10:50:09	19.07	-0.01	1	1907	卖盘
10:49:36	19.08	--	34	64871	卖盘
10:49:27	19.08	-0.01	14	26711	卖盘
10:49:18	19.09	0.01	3	5727	买盘
10:49:09	19.08	-0.01	2	3815	卖盘
10:49:06	19.09	0.01	4	7636	买盘
10:49:00	19.08	-0.01	22	41975	卖盘
10:48:48	19.09	0.02	17	32453	买盘
10:48:42	19.07	-0.01	63	120141	卖盘
10:48:36	19.08	--	7	13355	买盘
10:48:24	19.08	--	41	78228	卖盘
10:48:15	19.08	--	27	51515	卖盘
10:48:09	19.08	-0.01	6	11447	卖盘
10:48:06	19.09	0.01	3	5727	买盘
10:47:45	19.08	-0.01	3	5723	卖盘
10:47:36	19.09	--	10	19090	卖盘
10:47:33	19.09	--	6	11454	卖盘
10:47:27	19.09	--	2	3818	卖盘
10:47:24	19.09	--	30	57270	卖盘
10:47:15	19.09	--	50	95450	卖盘
10:47:12	19.09	--	5	9545	卖盘
10:47:06	19.09	-0.01	10	19090	卖盘
10:47:03	19.1	0.01	10	19100	买盘
10:46:51	19.09	-0.01	5	9545	卖盘
10:46:48	19.1	--	3	5730	买盘
10:46:27	19.1	-0.01	4	7716	卖盘
10:46:24	19.11	0.01	2	3822	买盘
10:46:21	19.1	-0.01	530	1012300	卖盘
10:46:03	19.11	--	5	9555	卖盘
10:45:57	19.11	--	30	57330	卖盘
10:45:51	19.11	--	5	9555	卖盘
10:45:42	19.11	--	10	19110	卖盘
10:45:33	19.11	-0.01	1	1911	卖盘
10:45:30	19.12	0.01	18	34416	买盘
10:45:27	19.11	-0.01	15	28665	卖盘
10:45:24	19.12	--	1	1912	买盘
10:45:21	19.12	--	3	5736	买盘
10:45:18	19.12	0.01	3	5736	买盘
10:45:15	19.11	-0.01	10	19110	卖盘
10:45:12	19.12	--	4	7648	卖盘
10:45:03	19.12	--	1	1912	卖盘
10:45:00	19.12	--	4	7648	卖盘
10:44:51	19.12	--	2	3824	卖盘
10:44:45	19.12	0.01	27	51624	买盘
10:44:39	19.11	-0.01	47	89817	卖盘
10:44:27	19.12	--	5	9560	买盘
10:44:18	19.12	--	3	5736	买盘
10:44:12	19.12	--	4	7648	卖盘
10:44:09	19.12	--	1	1912	买盘
10:44:06	19.12	0.01	3	5736	买盘
10:44:03	19.11	--	8	15288	卖盘
10:44:00	19.11	-0.01	90	171990	卖盘
10:43:39	19.12	0.01	35	66920	买盘
10:43:33	19.11	--	1	1911	卖盘
10:43:30	19.11	--	11	21021	卖盘
10:43:24	19.11	-0.01	5	9555	卖盘
10:43:18	19.12	--	21	40152	买盘
10:42:57	19.12	0.01	9	17208	买盘
10:42:48	19.11	-0.01	11	21021	卖盘
10:42:45	19.12	--	7	13384	买盘
10:42:18	19.12	--	3	5736	买盘
10:42:12	19.12	--	3	5736	买盘
10:42:03	19.12	--	5	9560	买盘
10:42:00	19.12	--	6	11472	买盘
10:41:57	19.12	--	2	3824	买盘
10:41:48	19.12	--	15	28680	卖盘
10:41:39	19.12	-0.03	10	19120	中性盘
10:41:15	19.15	--	5	9575	买盘
10:41:12	19.15	--	9	17235	买盘
10:41:06	19.15	0.04	2	3829	买盘
10:40:51	19.11	0.01	1	1911	买盘
10:40:45	19.1	-0.01	6	11460	卖盘
10:40:39	19.11	0.01	4	7644	买盘
10:40:33	19.1	--	499	954923	买盘
10:40:21	19.1	--	10	19100	买盘
10:40:18	19.1	0.01	100	191000	买盘
10:40:12	19.09	-0.01	54	103086	卖盘
10:40:06	19.1	0.01	9	17190	买盘
10:40:03	19.09	--	15	28635	卖盘
10:39:51	19.09	--	10	19090	卖盘
10:39:48	19.09	0.01	42	80178	买盘
10:39:42	19.08	-0.01	35	66780	卖盘
10:39:36	19.09	--	57	108813	买盘
10:39:33	19.09	--	10	19090	买盘
10:39:30	19.09	0.01	63	120267	买盘
10:39:21	19.08	--	22	41975	卖盘
10:39:18	19.08	-0.01	20	38160	卖盘
10:39:15	19.09	0.01	5	9545	买盘
10:39:12	19.08	-0.01	2	3815	卖盘
10:39:09	19.09	--	20	38180	买盘
10:39:06	19.09	--	20	38180	买盘
10:39:03	19.09	--	21	40089	买盘
10:38:57	19.09	0.01	5	9545	买盘
10:38:54	19.08	-0.01	4	7631	卖盘
10:38:51	19.09	--	44	83996	买盘
10:38:39	19.09	-0.01	10	19090	卖盘
10:38:36	19.1	0.02	1	1910	买盘
10:38:30	19.08	--	30	57239	卖盘
10:38:27	19.08	-0.02	10	19080	卖盘
10:38:24	19.1	--	4	7640	买盘
10:38:03	19.1	0.02	8	15280	买盘
10:37:51	19.08	--	49	93491	买盘
10:37:45	19.08	--	1	1907	买盘
10:37:42	19.08	--	5	9540	买盘
10:37:39	19.08	--	6	11447	买盘
10:37:36	19.08	--	34	64871	卖盘
10:37:21	19.08	--	1	1907	卖盘
10:37:12	19.08	0.01	1	1907	中性盘
10:37:09	19.07	-0.01	136	259352	卖盘
10:37:06	19.08	0.02	1	1907	买盘
10:37:00	19.06	-0.01	8	15247	卖盘
10:36:57	19.07	0.01	25	47675	买盘
10:36:54	19.06	-0.01	2	3811	卖盘
10:36:51	19.07	--	39	74373	买盘
10:36:42	19.07	--	3	5721	买盘
10:36:39	19.07	--	1	1907	买盘
10:36:30	19.07	--	22	41954	买盘
10:36:27	19.07	-0.01	15	28605	卖盘
10:36:24	19.08	--	269	513251	买盘
10:36:12	19.08	0.01	8	15263	买盘
10:36:09	19.07	--	20	38140	买盘
10:36:06	19.07	0.01	94	179258	买盘
10:36:03	19.06	-0.01	17	32401	卖盘
10:36:00	19.07	--	17	32419	买盘
10:35:57	19.07	--	16	30512	买盘
10:35:54	19.07	-0.01	14	26698	中性盘
10:35:51	19.08	--	805	1535939	买盘
10:35:48	19.08	--	100	190799	买盘
10:35:45	19.08	--	5	9540	买盘
10:35:39	19.08	0.01	10	19080	买盘
10:35:36	19.07	--	40	76280	卖盘
10:35:33	19.07	--	6	11442	卖盘
10:35:30	19.07	--	5	9535	卖盘
10:35:27	19.07	0.01	6	11442	买盘
10:35:24	19.06	-0.01	20	38120	卖盘
10:35:18	19.07	0.01	10	19070	买盘
10:35:15	19.06	-0.01	5	9530	卖盘
10:35:12	19.07	--	7	13349	买盘
10:35:09	19.07	--	20	38140	买盘
10:35:00	19.07	--	5	9535	买盘
10:34:57	19.07	0.01	40	76280	卖盘
10:34:54	19.06	--	30	57179	买盘
10:34:51	19.06	-0.01	70	133420	卖盘
10:34:48	19.07	--	1	1907	卖盘
10:34:42	19.07	0.01	9	17163	买盘
10:34:39	19.06	--	11	20966	卖盘
10:34:36	19.06	-0.01	25	47650	卖盘
10:34:33	19.07	0.01	13	24791	买盘
10:34:30	19.06	--	25	47650	卖盘
10:34:27	19.06	--	34	64803	卖盘
10:34:24	19.06	-0.01	10	19060	卖盘
10:34:03	19.07	--	3	5721	买盘
10:34:00	19.07	-0.01	102	194514	卖盘
10:33:54	19.08	--	17	32435	买盘
10:33:51	19.08	--	125	238499	买盘
10:33:45	19.08	--	39	74412	买盘
10:33:42	19.08	0.01	22	41975	买盘
10:33:39	19.07	-0.01	1	1907	卖盘
10:33:36	19.08	--	11	20987	买盘
10:33:33	19.08	0.01	3	5723	买盘
10:33:30	19.07	-0.01	3	5721	卖盘
10:33:27	19.08	--	10	19080	买盘
10:33:21	19.08	--	10	19080	买盘
10:33:18	19.08	--	10	19080	买盘
10:33:15	19.08	0.01	50	95399	买盘
10:33:12	19.07	-0.02	84	160188	卖盘
10:33:09	19.09	0.01	30	57270	买盘
10:33:06	19.08	-0.01	2	3815	卖盘
10:33:03	19.09	0.01	50	95450	买盘
10:33:00	19.08	-0.01	30	57239	卖盘
10:32:57	19.09	0.01	15	28635	买盘
10:32:54	19.08	-0.01	28	53423	卖盘
10:32:51	19.09	--	38	72542	买盘
10:32:48	19.09	-0.01	30	57270	卖盘
10:32:45	19.1	0.01	53	101230	买盘
10:32:39	19.09	-0.01	22	41998	卖盘
10:32:33	19.1	--	5	9550	买盘
10:32:30	19.1	--	2	3820	买盘
10:32:24	19.1	0.01	21	40110	买盘
10:32:09	19.09	--	9	17181	卖盘
10:32:00	19.09	--	188	358892	买盘
10:31:57	19.09	--	47	89723	卖盘
10:31:54	19.09	0.01	3	5727	买盘
10:31:51	19.08	-0.02	6	11447	卖盘
10:31:45	19.1	0.01	30	57300	买盘
10:31:39	19.09	--	2	3818	买盘
10:31:33	19.09	--	10	19090	买盘
10:31:27	19.09	--	28	53452	卖盘
10:31:24	19.09	-0.01	57	108813	卖盘
10:31:21	19.1	0.01	67	127970	买盘
10:31:18	19.09	-0.01	8	15272	卖盘
10:31:12	19.1	--	3	5730	买盘
10:31:06	19.1	--	10	19100	买盘
10:31:03	19.1	--	19	36290	卖盘
10:30:57	19.1	-0.01	133	254030	卖盘
10:30:48	19.11	0.01	201	384111	买盘
10:30:42	19.1	--	8	15280	卖盘
10:30:39	19.1	--	13	24830	卖盘
10:30:33	19.1	-0.01	55	105050	卖盘
10:30:30	19.11	0.01	8	15288	买盘
10:30:27	19.1	--	7	13370	卖盘
10:30:24	19.1	-0.01	3	5730	卖盘
10:30:12	19.11	--	52	99372	卖盘
10:30:00	19.11	--	10	19110	卖盘
10:29:48	19.11	--	14	26754	卖盘
10:29:39	19.11	-0.02	24	45940	卖盘
10:29:33	19.13	--	1	1913	买盘
10:29:21	19.13	--	390	746070	卖盘
10:29:18	19.13	--	47	89911	卖盘
10:29:09	19.13	-0.01	33	63129	卖盘
10:29:06	19.14	--	8	15312	卖盘
10:29:00	19.14	--	15	28710	卖盘
10:28:57	19.14	--	32	61248	卖盘
10:28:45	19.14	--	9	17226	卖盘
10:28:42	19.14	-0.01	32	61248	卖盘
10:28:30	19.15	0.01	20	38300	买盘
10:28:18	19.14	-0.01	19	36366	卖盘
10:28:12	19.15	--	11	21065	买盘
10:28:06	19.15	-0.01	19	36385	卖盘
10:28:00	19.16	--	10	19160	买盘
10:27:57	19.16	--	154	295064	买盘
10:27:54	19.16	0.01	10	19160	买盘
10:27:51	19.15	--	40	76600	卖盘
10:27:48	19.15	-0.01	5	9575	卖盘
10:27:39	19.16	0.01	5	9580	买盘
10:27:36	19.15	--	1	1914	卖盘
10:27:27	19.15	-0.01	5	9575	卖盘
10:27:24	19.16	0.01	28	53648	买盘
10:27:15	19.15	--	7	13404	卖盘
10:27:12	19.15	--	54	103409	卖盘
10:27:06	19.15	-0.01	21	40215	卖盘
10:26:42	19.16	--	85	162860	买盘
10:26:36	19.16	--	3	5748	买盘
10:26:33	19.16	0.01	5	9580	中性盘
10:26:30	19.15	--	1	1914	卖盘
10:26:27	19.15	-0.01	20	38300	卖盘
10:26:24	19.16	0.01	5	9580	买盘
10:26:21	19.15	-0.01	6	11490	卖盘
10:26:12	19.16	-0.01	5	9580	卖盘
10:26:09	19.17	0.01	1	1917	买盘
10:26:03	19.16	-0.01	30	57480	卖盘
10:25:42	19.17	0.01	50	95850	买盘
10:25:36	19.16	--	15	28740	卖盘
10:25:33	19.16	--	30	57480	卖盘
10:25:30	19.16	--	5	9580	卖盘
10:25:21	19.16	--	10	19160	卖盘
10:25:06	19.16	-0.01	13	24908	卖盘
10:24:45	19.17	--	10	19170	买盘
10:24:36	19.17	0.01	10	19170	买盘
10:24:33	19.16	0.01	18	34488	中性盘
10:24:18	19.15	--	24	45960	卖盘
10:24:15	19.15	--	4	7659	卖盘
10:24:12	19.15	-0.02	70	134050	卖盘
10:24:03	19.17	0.02	50	95850	买盘
10:23:54	19.15	--	1	1914	卖盘
10:23:45	19.15	-0.02	13	24894	卖盘
10:23:30	19.17	0.02	2	3834	中性盘
10:23:15	19.15	--	22	42130	卖盘
10:22:57	19.15	--	28	53619	买盘
10:22:54	19.15	0.01	5	9575	买盘
10:22:51	19.14	-0.01	10	19140	卖盘
10:22:45	19.15	-0.03	21	40215	卖盘
10:22:42	19.18	0.02	160	306880	买盘
10:22:39	19.16	0.01	20	38320	买盘
10:22:24	19.15	-0.01	14	26809	卖盘
10:22:21	19.16	--	52	99632	买盘
10:22:18	19.16	--	5	9580	买盘
10:22:15	19.16	0.01	1	1916	买盘
10:22:09	19.15	--	25	47875	卖盘
10:22:03	19.15	--	12	22980	卖盘
10:22:00	19.15	-0.01	5	9575	卖盘
10:21:57	19.16	0.01	74	141784	买盘
10:21:54	19.15	--	149	285335	买盘
10:21:51	19.15	-0.01	29	55534	卖盘
10:21:48	19.16	--	5	9580	买盘
10:21:36	19.16	--	5	9580	买盘
10:21:33	19.16	--	5	9580	买盘
10:21:30	19.16	--	2	3832	买盘
10:21:24	19.16	--	81	155196	卖盘
10:21:18	19.16	-0.01	21	40236	卖盘
10:21:15	19.17	0.01	8	15336	买盘
10:21:12	19.16	--	50	95800	卖盘
10:21:09	19.16	-0.01	15	28740	卖盘
10:21:06	19.17	0.01	7	13419	买盘
10:21:03	19.16	--	86	164776	卖盘
10:21:00	19.16	-0.01	2	3832	卖盘
10:20:45	19.17	0.02	73	139941	买盘
10:20:36	19.15	-0.02	1	1914	卖盘
10:20:27	19.17	--	12	23004	买盘
10:20:24	19.17	0.01	31	59427	买盘
10:20:18	19.16	--	4	7664	卖盘
10:20:15	19.16	--	4	7664	中性盘
10:20:12	19.16	--	153	293148	买盘
10:20:09	19.16	--	14	26824	买盘
10:20:06	19.16	0.01	2	3832	买盘
10:19:51	19.15	0.02	14	26809	买盘
10:19:48	19.13	-0.02	1	1913	卖盘
10:19:42	19.15	--	4	7659	买盘
10:19:39	19.15	--	21	40215	买盘
10:19:36	19.15	0.02	40	76600	买盘
10:19:18	19.13	--	35	66955	买盘
10:19:15	19.13	0.01	10	19130	买盘
10:19:12	19.12	-0.01	13	24856	卖盘
10:19:06	19.13	0.01	102	195126	买盘
10:18:57	19.12	--	12	22944	卖盘
10:18:54	19.12	0.01	44	85963	买盘
10:18:48	19.11	-0.01	21	40207	卖盘
10:18:39	19.12	0.01	5	9560	买盘
10:18:30	19.11	0.01	5	11389	买盘
10:18:27	19.1	0.01	19	36290	买盘
10:18:24	19.09	--	20	38180	买盘
10:18:21	19.09	--	1	1909	买盘
10:18:18	19.09	-0.03	960	1832716	卖盘
10:18:15	19.12	0.02	10	19120	买盘
10:18:12	19.1	--	103	196730	卖盘
10:18:06	19.1	-0.01	20	38200	卖盘
10:18:03	19.11	--	10	19110	卖盘
10:18:00	19.11	0.01	16	32410	买盘
10:17:54	19.1	-0.01	29	55390	卖盘
10:17:48	19.11	--	6	11466	买盘
10:17:45	19.11	-0.01	29	55495	卖盘
10:17:39	19.12	--	1	1912	买盘
10:17:36	19.12	--	20	38240	买盘
10:17:33	19.12	--	15	28680	买盘
10:17:30	19.12	--	1	1912	买盘
10:17:27	19.12	0.01	11	21032	买盘
10:17:15	19.11	--	65	124215	卖盘
10:17:12	19.11	--	9	17199	卖盘
10:17:09	19.11	--	1	1911	卖盘
10:17:06	19.11	--	16	30576	卖盘
10:17:00	19.11	--	8	17122	买盘
10:16:57	19.11	0.01	10	19110	买盘
10:16:54	19.1	--	23	43930	卖盘
10:16:48	19.1	0.01	39	74490	中性盘
10:16:42	19.09	-0.01	111	211899	卖盘
10:16:39	19.1	0.01	58	110780	买盘
10:16:33	19.09	-0.01	3	5727	卖盘
10:16:30	19.1	0.01	2	3820	买盘
10:16:27	19.09	-0.01	20	38180	中性盘
10:16:24	19.1	--	1	1910	买盘
10:16:18	19.1	--	1	1910	买盘
10:16:12	19.1	0.02	20	38200	买盘
10:16:06	19.08	-0.02	12	22895	卖盘
10:16:00	19.1	0.03	5	9550	买盘
10:15:57	19.07	--	7	13349	卖盘
10:15:51	19.07	-0.03	2	3814	卖盘
10:15:48	19.1	-0.01	4	7640	中性盘
10:15:45	19.11	0.03	105	200655	买盘
10:15:42	19.08	--	1	1907	买盘
10:15:39	19.08	-0.02	26	50600	卖盘
10:15:36	19.1	--	17	33386	买盘
10:15:33	19.1	--	5	9550	买盘
10:15:24	19.1	-0.02	8	16273	卖盘
10:15:18	19.12	0.02	20	38240	中性盘
10:15:15	19.1	-0.02	20	38200	卖盘
10:15:12	19.12	0.02	13	25773	买盘
10:15:03	19.1	-0.02	5	9550	卖盘
10:15:00	19.12	--	21	40152	买盘
10:14:57	19.12	--	2	3824	买盘
10:14:51	19.12	--	3	5736	买盘
10:14:48	19.12	--	4	7648	买盘
10:14:45	19.12	-0.01	5	9560	中性盘
10:14:36	19.13	--	30	57390	买盘
10:14:33	19.13	--	554	1059802	卖盘
10:14:30	19.13	--	5	9565	买盘
10:14:24	19.13	--	17	32521	卖盘
10:14:21	19.13	-0.01	58	110954	卖盘
10:14:18	19.14	0.01	15	28710	买盘
10:14:09	19.13	--	8	15304	卖盘
10:14:06	19.13	--	38	72694	卖盘
10:14:03	19.13	--	1027	1964651	买盘
10:13:57	19.13	0.01	52	99476	买盘
10:13:54	19.12	--	68	130016	卖盘
10:13:51	19.12	--	50	95600	卖盘
10:13:48	19.12	-0.01	10	19120	卖盘
10:13:42	19.13	0.01	11	21043	买盘
10:13:39	19.12	--	37	70744	卖盘
10:13:33	19.12	-0.01	26	49712	卖盘
10:13:30	19.13	--	5	9565	买盘
10:13:21	19.13	--	56	107128	买盘
10:13:18	19.13	-0.01	69	131997	卖盘
10:13:12	19.14	--	1	1914	卖盘
10:13:09	19.14	-0.01	26	49764	卖盘
10:12:57	19.15	--	20	38300	卖盘
10:12:48	19.15	--	2	3829	卖盘
10:12:42	19.15	--	8	15319	卖盘
10:12:33	19.15	--	7	13404	卖盘
10:12:30	19.15	-0.01	10	19150	卖盘
10:12:21	19.16	--	39	74724	买盘
10:12:12	19.16	--	4	7664	买盘
10:12:09	19.16	--	5	9580	买盘
10:12:06	19.16	-0.01	18	34488	卖盘
10:12:00	19.17	0.01	5	9585	买盘
10:11:57	19.16	--	8	15328	卖盘
10:11:51	19.16	-0.01	10	19160	卖盘
10:11:48	19.17	0.01	5	9585	买盘
10:11:45	19.16	--	4	7664	卖盘
10:11:42	19.16	--	16	30656	卖盘
10:11:39	19.16	--	3	5748	买盘
10:11:33	19.16	-0.01	27	51732	卖盘
10:11:27	19.17	--	8	15336	买盘
10:11:12	19.17	0.01	10	19170	买盘
10:10:57	19.16	--	34	65144	买盘
10:10:54	19.16	--	9	17244	买盘
10:10:51	19.16	0.01	285	546060	买盘
10:10:48	19.15	0.01	2	3829	卖盘
10:10:45	19.14	-0.02	2	3828	卖盘
10:10:42	19.16	0.01	17	32572	买盘
10:10:39	19.15	--	9	17235	卖盘
10:10:33	19.15	0.02	123	235544	买盘
10:10:27	19.13	-0.01	16	30608	卖盘
10:10:24	19.14	--	3	5742	买盘
10:10:21	19.14	0.01	15	28710	买盘
10:10:18	19.13	--	4	7652	卖盘
10:10:12	19.13	--	30	57390	买盘
10:10:09	19.13	--	67	128171	买盘
10:10:06	19.13	0.01	21	40173	买盘
10:09:54	19.12	--	147	281064	买盘
10:09:51	19.12	0.01	4	7648	买盘
10:09:48	19.11	-0.01	10	19110	卖盘
10:09:45	19.12	0.01	37	70744	买盘
10:09:42	19.11	--	8	15288	卖盘
10:09:39	19.11	--	37	70707	卖盘
10:09:36	19.11	--	13	24843	买盘
10:09:33	19.11	--	27	51597	卖盘
10:09:30	19.11	--	3	5733	买盘
10:09:27	19.11	--	7	13377	买盘
10:09:21	19.11	0.01	20	38220	买盘
10:09:18	19.1	--	2	3820	卖盘
10:09:15	19.1	-0.03	57	108870	卖盘
10:09:12	19.13	0.03	23	43999	买盘
10:09:03	19.1	-0.03	301	574910	卖盘
10:08:57	19.13	-0.01	10	19130	卖盘
10:08:54	19.14	--	3	5742	买盘
10:08:51	19.14	-0.01	65	124410	卖盘
10:08:48	19.15	--	30	57449	买盘
10:08:45	19.15	--	18	34470	买盘
10:08:42	19.15	--	100	191500	买盘
10:08:39	19.15	-0.01	38	72770	卖盘
10:08:27	19.16	--	80	153280	卖盘
10:08:24	19.16	--	3	5748	卖盘
10:08:21	19.16	--	10	19160	卖盘
10:08:18	19.16	--	7	13412	卖盘
10:08:12	19.16	--	6	11496	卖盘
10:08:06	19.16	-0.01	15	28740	卖盘
10:08:03	19.17	0.01	9	17253	买盘
10:08:00	19.16	-0.01	2	3832	卖盘
10:07:54	19.17	--	210	402570	买盘
10:07:51	19.17	--	17	32589	卖盘
10:07:48	19.17	--	39	74763	卖盘
10:07:42	19.17	--	15	28755	卖盘
10:07:33	19.17	0.01	1	1917	买盘
10:07:30	19.16	-0.01	35	67060	卖盘
10:07:27	19.17	0.01	10	19170	买盘
10:07:21	19.16	-0.01	18	34488	卖盘
10:07:18	19.17	0.01	9	17253	买盘
10:07:15	19.16	-0.02	9	17244	卖盘
10:07:12	19.18	0.02	108	207144	买盘
10:07:09	19.16	-0.01	19	36404	卖盘
10:07:03	19.17	0.01	16	30672	买盘
10:07:00	19.16	-0.01	55	105380	卖盘
10:06:54	19.17	--	3	5751	买盘
10:06:51	19.17	--	70	134190	买盘
10:06:45	19.17	--	43	82431	卖盘
10:06:39	19.17	-0.01	34	65178	卖盘
10:06:36	19.18	--	16	30688	买盘
10:06:30	19.18	-0.01	15	28770	买盘
10:06:27	19.19	--	10	19190	卖盘
10:06:24	19.19	0.02	19	36461	买盘
10:06:21	19.17	-0.01	69	132273	卖盘
10:06:18	19.18	0.01	30	57540	中性盘
10:06:15	19.17	-0.01	26	49842	卖盘
10:06:12	19.18	--	2	3836	卖盘
10:06:09	19.18	--	41	78638	买盘
10:06:06	19.18	--	20	38360	卖盘
10:06:03	19.18	--	64	122752	卖盘
10:05:57	19.18	--	5	9590	卖盘
10:05:54	19.18	-0.01	13	24934	卖盘
10:05:51	19.19	0.01	25	47975	买盘
10:05:48	19.18	-0.01	2	3836	卖盘
10:05:45	19.19	--	10	19190	买盘
10:05:39	19.19	-0.01	118	226442	卖盘
10:05:27	19.2	-0.02	165	317798	卖盘
10:05:24	19.22	0.01	20	38440	买盘
10:05:21	19.21	--	8	15368	卖盘
10:05:18	19.21	-0.01	15	28815	卖盘
10:05:09	19.22	--	6	11532	买盘
10:05:06	19.22	--	24	46128	买盘
10:05:03	19.22	--	10	19220	买盘
10:05:00	19.22	0.01	5	9610	买盘
10:04:57	19.21	-0.02	73	140233	卖盘
10:04:54	19.23	0.01	2	3846	买盘
10:04:48	19.22	--	47	90334	买盘
10:04:45	19.22	-0.01	21	40362	卖盘
10:04:36	19.23	0.01	3	5769	买盘
10:04:33	19.22	--	1	1922	卖盘
10:04:21	19.22	-0.01	63	121086	卖盘
10:04:09	19.23	0.01	30	57690	买盘
10:04:06	19.22	-0.01	17	32673	卖盘
10:04:03	19.23	0.01	6	11538	卖盘
10:04:00	19.22	-0.01	50	96100	卖盘
10:03:51	19.23	--	2	3846	买盘
10:03:45	19.23	-0.01	10	19230	卖盘
10:03:39	19.24	0.01	10	19240	买盘
10:03:36	19.23	-0.01	23	44229	卖盘
10:03:33	19.24	--	1	1923	买盘
10:03:27	19.24	--	78	150072	卖盘
10:03:24	19.24	--	21	40404	卖盘
10:03:15	19.24	--	18	34632	卖盘
10:03:09	19.24	0.01	11	21164	中性盘
10:03:00	19.23	-0.02	7	13461	卖盘
10:02:57	19.25	0.01	100	192500	买盘
10:02:51	19.24	-0.01	2	3847	买盘
10:02:45	19.25	--	1	1925	买盘
10:02:42	19.25	--	7	13475	买盘
10:02:39	19.25	0.01	11	21175	买盘
10:02:36	19.24	-0.01	16	30783	卖盘
10:02:33	19.25	--	7	13475	买盘
10:02:27	19.25	0.01	16	30800	买盘
10:02:24	19.24	-0.01	55	105819	卖盘
10:02:18	19.25	0.01	2	3850	买盘
10:02:12	19.24	-0.01	8	15391	卖盘
10:02:06	19.25	0.01	3	5775	买盘
10:01:54	19.24	0.01	1	1923	买盘
10:01:51	19.23	--	1	1923	卖盘
10:01:45	19.23	--	35	67305	卖盘
10:01:42	19.23	-0.02	4	7692	卖盘
10:01:33	19.25	--	42	80850	买盘
10:01:30	19.25	0.02	201	386925	买盘
10:01:18	19.23	0.01	100	192300	买盘
10:01:15	19.22	--	50	96100	买盘
10:01:12	19.22	0.02	2	3844	买盘
10:01:09	19.2	--	51	97920	卖盘
10:01:06	19.2	-0.02	20	38400	卖盘
10:01:00	19.22	--	28	53816	买盘
10:00:51	19.22	--	2	3844	买盘
10:00:48	19.22	--	18	34596	卖盘
10:00:45	19.22	0.02	2	3844	买盘
10:00:42	19.2	-0.02	53	101760	卖盘
10:00:39	19.22	--	18	34596	卖盘
10:00:33	19.22	--	8	15376	卖盘
10:00:30	19.22	--	2	3844	卖盘
10:00:21	19.22	--	10	19220	卖盘
10:00:18	19.22	--	30	57660	卖盘
10:00:15	19.22	0.02	31	61061	买盘
10:00:12	19.2	-0.02	2	3840	卖盘
10:00:03	19.22	--	7	13454	买盘
10:00:00	19.22	--	118	226796	卖盘
09:59:51	19.22	-0.01	16	30752	卖盘
09:59:48	19.23	--	1	1923	买盘
09:59:45	19.23	0.01	10	19230	买盘
09:59:36	19.22	-0.01	3	5766	卖盘
09:59:33	19.23	--	7	13461	买盘
09:59:30	19.23	--	9	17307	买盘
09:59:27	19.23	--	12	23076	买盘
09:59:15	19.23	--	37	71151	卖盘
09:59:06	19.23	--	15	28845	卖盘
09:59:03	19.23	--	30	57690	卖盘
09:59:00	19.23	0.01	113	217299	买盘
09:58:54	19.22	--	15	28830	卖盘
09:58:51	19.22	--	13	24986	买盘
09:58:42	19.22	-0.01	7	13454	卖盘
09:58:39	19.23	--	5	9615	卖盘
09:58:36	19.23	0.01	45	86535	买盘
09:58:30	19.22	-0.01	20	38440	卖盘
09:58:24	19.23	--	57	109611	买盘
09:58:21	19.23	-0.01	5	9615	卖盘
09:58:18	19.24	--	1	1923	买盘
09:58:12	19.24	-0.02	20	38480	卖盘
09:58:00	19.26	0.06	6	11556	买盘
09:57:51	19.2	-0.06	1103	2117760	卖盘
09:57:48	19.26	--	7	13482	卖盘
09:57:45	19.26	-0.01	20	38520	卖盘
09:57:42	19.27	0.01	18	34686	买盘
09:57:39	19.26	--	12	23112	卖盘
09:57:27	19.26	-0.01	83	159858	卖盘
09:57:24	19.27	--	34	65518	买盘
09:57:21	19.27	0.01	3	5781	买盘
09:57:15	19.26	-0.02	4	7704	卖盘
09:57:12	19.28	--	50	96400	买盘
09:56:57	19.28	0.01	5	9640	买盘
09:56:54	19.27	-0.02	9	17343	卖盘
09:56:51	19.29	0.02	11	21219	买盘
09:56:48	19.27	-0.02	50	96350	卖盘
09:56:45	19.29	0.01	4	7716	买盘
09:56:36	19.28	-0.01	2	3856	中性盘
09:56:33	19.29	--	26	50154	买盘
09:56:30	19.29	0.01	50	96450	买盘
09:56:27	19.28	--	15	28920	卖盘
09:56:24	19.28	--	5	9640	卖盘
09:56:21	19.28	--	20	38560	卖盘
09:56:18	19.28	--	45	86760	卖盘
09:56:15	19.28	-0.01	33	63624	卖盘
09:56:12	19.29	0.01	11	21219	买盘
09:56:09	19.28	--	16	30848	卖盘
09:56:00	19.28	--	53	102184	卖盘
09:55:51	19.28	--	3	5784	卖盘
09:55:45	19.28	--	11	21208	卖盘
09:55:39	19.28	--	34	65552	卖盘
09:55:33	19.28	--	93	179304	买盘
09:55:30	19.28	--	1	1928	买盘
09:55:27	19.28	0.01	5	9640	买盘
09:55:18	19.27	-0.01	10	19270	卖盘
09:55:15	19.28	0.01	10	19280	买盘
09:55:12	19.27	0.01	5	9635	买盘
09:55:09	19.26	--	10	19260	卖盘
09:55:00	19.26	--	11	21186	卖盘
09:54:57	19.26	--	1	1926	卖盘
09:54:54	19.26	0.03	900	1733400	买盘
09:54:48	19.23	--	10	19230	买盘
09:54:45	19.23	0.01	10	19230	买盘
09:54:42	19.22	--	11	21142	卖盘
09:54:36	19.22	--	4	7688	卖盘
09:54:27	19.22	--	45	86490	卖盘
09:54:24	19.22	-0.01	20	38440	卖盘
09:54:21	19.23	0.01	36	69228	中性盘
09:54:15	19.22	-0.01	5	9610	卖盘
09:54:12	19.23	0.01	2	3846	买盘
09:54:03	19.22	--	2	3844	卖盘
09:54:00	19.22	--	10	19220	卖盘
09:53:57	19.22	--	45	86490	卖盘
09:53:51	19.22	--	73	140306	卖盘
09:53:30	19.22	--	131	253146	卖盘
09:53:27	19.22	--	30	57660	卖盘
09:53:24	19.22	-0.01	10	19220	卖盘
09:53:21	19.23	0.01	6	11538	买盘
09:53:18	19.22	--	53	101866	卖盘
09:53:15	19.22	-0.01	10	19220	卖盘
09:53:12	19.23	0.01	2	3846	买盘
09:53:00	19.22	-0.01	15	28830	卖盘
09:52:57	19.23	--	3	5769	买盘
09:52:54	19.23	--	23	44229	卖盘
09:52:51	19.23	0.01	105	201915	买盘
09:52:48	19.22	--	33	63425	卖盘
09:52:45	19.22	-0.01	3	5766	卖盘
09:52:42	19.23	0.01	10	19230	买盘
09:52:39	19.22	-0.01	4	7688	卖盘
09:52:33	19.23	--	10	19230	中性盘
09:52:27	19.23	--	1	1923	卖盘
09:52:24	19.23	--	37	71151	卖盘
09:52:21	19.23	--	5	9615	卖盘
09:52:18	19.23	--	19	36537	卖盘
09:52:15	19.23	--	9	17307	卖盘
09:52:12	19.23	0.01	60	115380	中性盘
09:52:06	19.22	-0.02	523	1005205	卖盘
09:52:03	19.24	--	5	9620	买盘
09:52:00	19.24	--	100	192399	买盘
09:51:51	19.24	--	5	9620	买盘
09:51:48	19.24	--	5	9620	买盘
09:51:45	19.24	--	3	5771	买盘
09:51:42	19.24	-0.01	21	40404	卖盘
09:51:36	19.25	--	13	25025	买盘
09:51:33	19.25	--	8	15400	卖盘
09:51:27	19.25	0.01	44	84700	买盘
09:51:21	19.24	-0.01	3	5771	卖盘
09:51:18	19.25	--	210	404250	买盘
09:51:15	19.25	0.02	7	13475	买盘
09:51:09	19.23	-0.01	200	384600	卖盘
09:51:06	19.24	-0.01	10	19240	中性盘
09:51:03	19.25	--	21	40425	买盘
09:50:57	19.25	0.01	6	11550	中性盘
09:50:54	19.24	-0.01	174	334776	卖盘
09:50:51	19.25	0.01	43	82775	买盘
09:50:48	19.24	-0.01	17	32707	卖盘
09:50:45	19.25	0.01	3	5775	买盘
09:50:39	19.24	--	10	19240	卖盘
09:50:36	19.24	--	5	9620	卖盘
09:50:33	19.24	-0.01	4	7695	卖盘
09:50:30	19.25	0.02	1	1925	买盘
09:50:24	19.23	--	48	92304	卖盘
09:50:21	19.23	-0.02	6	11538	卖盘
09:50:18	19.25	0.02	8	15400	中性盘
09:50:15	19.23	-0.02	100	192300	卖盘
09:50:12	19.25	0.02	25	48125	买盘
09:50:03	19.23	-0.02	1	1923	卖盘
09:50:00	19.25	0.02	29	55825	买盘
09:49:54	19.23	--	12	23076	卖盘
09:49:45	19.23	--	10	19230	卖盘
09:49:39	19.23	-0.02	9	17307	卖盘
09:49:33	19.25	0.02	42	80850	买盘
09:49:30	19.23	--	9	17307	买盘
09:49:27	19.23	--	27	51921	买盘
09:49:24	19.23	-0.01	171	328833	卖盘
09:49:21	19.24	0.01	5	9620	中性盘
09:49:15	19.23	--	65	124995	卖盘
09:49:12	19.23	-0.01	102	196146	卖盘
09:49:09	19.24	--	119	228955	买盘
09:49:06	19.24	0.01	110	211639	买盘
09:49:00	19.23	-0.01	2	3846	卖盘
09:48:57	19.24	--	21	40404	买盘
09:48:54	19.24	--	14	26935	买盘
09:48:51	19.24	-0.01	110	211639	卖盘
09:48:48	19.25	--	15	28875	卖盘
09:48:45	19.25	0.01	126	242550	买盘
09:48:42	19.24	-0.01	21	40404	卖盘
09:48:36	19.25	-0.01	28	53900	卖盘
09:48:33	19.26	0.01	4	7704	买盘
09:48:30	19.25	-0.01	55	105875	卖盘
09:48:27	19.26	--	3	5778	买盘
09:48:24	19.26	-0.01	1	1926	买盘
09:48:21	19.27	0.02	10	19270	买盘
09:48:18	19.25	-0.01	38	73150	卖盘
09:48:15	19.26	-0.01	23	44298	卖盘
09:48:12	19.27	0.01	219	422013	买盘
09:48:09	19.26	--	7	13482	卖盘
09:48:06	19.26	--	35	67410	卖盘
09:48:03	19.26	--	12	23112	卖盘
09:47:57	19.26	-0.01	165	317790	卖盘
09:47:51	19.27	--	100	192700	卖盘
09:47:48	19.27	--	3	5781	卖盘
09:47:45	19.27	-0.01	47	90569	卖盘
09:47:33	19.28	--	10	19280	卖盘
09:47:30	19.28	--	47	90616	卖盘
09:47:27	19.28	--	6	11568	卖盘
09:47:24	19.28	--	127	244856	卖盘
09:47:21	19.28	-0.01	46	88688	卖盘
09:47:18	19.29	--	50	96450	买盘
09:47:15	19.29	--	11	21219	买盘
09:47:12	19.29	--	5	9645	买盘
09:47:09	19.29	--	162	312498	卖盘
09:47:03	19.29	-0.01	20	38580	卖盘
09:46:57	19.3	--	6	11580	买盘
09:46:54	19.3	--	5	9650	买盘
09:46:51	19.3	--	52	100360	卖盘
09:46:45	19.3	--	3	5790	卖盘
09:46:42	19.3	--	2	3860	卖盘
09:46:39	19.3	-0.01	10	19300	卖盘
09:46:36	19.31	0.01	6	11586	买盘
09:46:33	19.3	--	38	73340	卖盘
09:46:30	19.3	0.01	59	113870	买盘
09:46:27	19.29	--	4	7716	卖盘
09:46:21	19.29	--	6	11574	卖盘
09:46:18	19.29	--	9	17361	卖盘
09:46:12	19.29	--	11	21219	卖盘
09:46:06	19.29	0.01	8	15432	买盘
09:46:03	19.28	-0.03	2	3856	卖盘
09:45:57	19.31	0.02	200	386200	买盘
09:45:54	19.29	--	5	9645	买盘
09:45:51	19.29	--	12	23148	买盘
09:45:48	19.29	-0.01	106	204474	卖盘
09:45:45	19.3	--	9	17370	买盘
09:45:42	19.3	--	6	11580	买盘
09:45:36	19.3	-0.01	13	25090	卖盘
09:45:30	19.31	0.01	132	254891	买盘
09:45:18	19.3	--	9	17370	卖盘
09:45:09	19.3	--	24	46320	卖盘
09:45:06	19.3	-0.01	45	86850	卖盘
09:45:03	19.31	0.01	2	3861	买盘
09:44:57	19.3	-0.01	27	52110	卖盘
09:44:54	19.31	--	8	15447	买盘
09:44:51	19.31	0.01	1	1930	买盘
09:44:48	19.3	-0.01	7	13510	卖盘
09:44:45	19.31	--	12	23172	买盘
09:44:42	19.31	--	4	7723	买盘
09:44:39	19.31	-0.01	251	484680	卖盘
09:44:36	19.32	--	79	152628	买盘
09:44:33	19.32	--	70	135240	买盘
09:44:27	19.32	--	17	32844	买盘
09:44:24	19.32	--	10	19320	买盘
09:44:21	19.32	--	1	1932	买盘
09:44:15	19.32	--	43	83076	买盘
09:44:09	19.32	--	78	150696	卖盘
09:43:57	19.32	--	10	19320	卖盘
09:43:54	19.32	-0.01	18	34776	卖盘
09:43:51	19.33	0.02	320	618560	买盘
09:43:48	19.31	--	4	7723	买盘
09:43:45	19.31	--	115	222064	卖盘
09:43:42	19.31	-0.01	5	9655	卖盘
09:43:39	19.32	-0.01	7	13524	中性盘
09:43:33	19.33	0.01	67	131192	买盘
09:43:30	19.32	-0.01	45	86940	卖盘
09:43:27	19.33	0.01	53	102448	买盘
09:43:24	19.32	-0.01	72	139104	卖盘
09:43:21	19.33	0.01	13	25128	买盘
09:43:15	19.32	--	7	13524	卖盘
09:43:09	19.32	--	35	67620	卖盘
09:43:06	19.32	--	5	9660	卖盘
09:43:03	19.32	--	126	243432	卖盘
09:43:00	19.32	--	32	61824	卖盘
09:42:57	19.32	0.01	334	645539	买盘
09:42:54	19.31	--	8	15447	卖盘
09:42:51	19.31	--	24	46344	卖盘
09:42:48	19.31	--	2	3861	卖盘
09:42:45	19.31	--	2	3861	卖盘
09:42:42	19.31	--	10	19310	卖盘
09:42:39	19.31	--	10	19310	卖盘
09:42:33	19.31	--	65	125514	卖盘
09:42:30	19.31	--	8	15447	卖盘
09:42:27	19.31	--	6	11586	卖盘
09:42:21	19.31	--	2	3861	卖盘
09:42:18	19.31	--	5	9655	卖盘
09:42:15	19.31	--	70	135170	卖盘
09:42:12	19.31	-0.01	69	133239	卖盘
09:42:09	19.32	0.01	12	23184	买盘
09:42:06	19.31	-0.01	14	27034	卖盘
09:42:03	19.32	-0.01	80	154560	卖盘
09:41:57	19.33	--	5	9665	卖盘
09:41:51	19.33	0.01	177	342140	买盘
09:41:48	19.32	--	11	21252	买盘
09:41:45	19.32	-0.01	58	112056	买盘
09:41:42	19.33	0.01	97	187500	买盘
09:41:39	19.32	-0.01	41	79212	中性盘
09:41:36	19.33	0.02	188	363403	买盘
09:41:33	19.31	--	13	25103	卖盘
09:41:30	19.31	--	17	32827	卖盘
09:41:27	19.31	--	7	13517	买盘
09:41:24	19.31	--	6	11586	买盘
09:41:21	19.31	--	10	19310	买盘
09:41:15	19.31	--	57	110066	买盘
09:41:12	19.31	--	107	206617	卖盘
09:41:09	19.31	-0.02	1	1930	卖盘
09:41:06	19.33	0.02	120	231959	买盘
09:41:03	19.31	--	59	113928	卖盘
09:40:57	19.31	-0.03	2	3861	卖盘
09:40:54	19.34	0.01	60	116040	买盘
09:40:51	19.33	--	45	86984	买盘
09:40:48	19.33	-0.01	11	21262	卖盘
09:40:45	19.34	0.03	91	175994	买盘
09:40:42	19.31	--	35	67585	卖盘
09:40:39	19.31	-0.03	110	212410	卖盘
09:40:36	19.34	-0.01	20	38680	中性盘
09:40:33	19.35	--	138	267030	买盘
09:40:30	19.35	0.02	19	36765	买盘
09:40:27	19.33	-0.02	90	173969	卖盘
09:40:24	19.35	-0.01	198	383130	卖盘
09:40:21	19.36	--	120	232320	买盘
09:40:18	19.36	0.01	84	162624	中性盘
09:40:15	19.35	--	23	44505	卖盘
09:40:12	19.35	--	118	228330	卖盘
09:40:09	19.35	-0.03	5	9675	卖盘
09:40:06	19.38	0.04	171	331398	买盘
09:40:03	19.34	--	104	201136	卖盘
09:40:00	19.34	-0.01	15	29010	卖盘
09:39:57	19.35	--	31	59985	买盘
09:39:54	19.35	0.05	84	162540	买盘
09:39:51	19.3	--	66	127380	卖盘
09:39:48	19.3	--	6	11580	卖盘
09:39:45	19.3	0.02	45	86850	买盘
09:39:42	19.28	-0.06	222	428016	卖盘
09:39:39	19.34	0.05	309	597606	买盘
09:39:36	19.29	0.01	50	96450	买盘
09:39:33	19.28	--	214	412592	卖盘
09:39:27	19.28	--	57	109896	买盘
09:39:24	19.28	0.02	12	23136	买盘
09:39:21	19.26	-0.01	184	354384	卖盘
09:39:18	19.27	--	3	7322	卖盘
09:39:15	19.27	--	4	7708	卖盘
09:39:12	19.27	--	9	17343	买盘
09:39:09	19.27	0.01	87	167649	买盘
09:39:06	19.26	--	71	136746	买盘
09:39:03	19.26	--	9	17334	买盘
09:39:00	19.26	0.01	15	28890	买盘
09:38:57	19.25	--	10	19250	卖盘
09:38:54	19.25	0.02	96	184800	买盘
09:38:51	19.23	-0.01	87	167301	卖盘
09:38:48	19.24	0.01	5	9620	买盘
09:38:45	19.23	--	10	19230	卖盘
09:38:42	19.23	--	24	46152	买盘
09:38:39	19.23	0.01	3	5769	买盘
09:38:36	19.22	--	1	1922	卖盘
09:38:33	19.22	-0.01	19	36518	卖盘
09:38:30	19.23	0.01	140	269220	买盘
09:38:27	19.22	0.01	166	319052	买盘
09:38:24	19.21	-0.01	45	86445	中性盘
09:38:12	19.22	--	188	361336	买盘
09:38:09	19.22	0.02	26	49972	买盘
09:38:03	19.2	--	40	76800	卖盘
09:38:00	19.2	-0.01	26	49920	卖盘
09:37:57	19.21	-0.01	61	117181	卖盘
09:37:54	19.22	0.01	29	55738	买盘
09:37:51	19.21	--	16	30736	买盘
09:37:45	19.21	--	23	44183	买盘
09:37:42	19.21	-0.01	8	15368	中性盘
09:37:39	19.22	0.02	70	134540	买盘
09:37:36	19.2	-0.01	3	5760	卖盘
09:37:33	19.21	--	5	9605	买盘
09:37:30	19.21	--	20	38420	卖盘
09:37:27	19.21	--	16	30736	卖盘
09:37:24	19.21	--	20	38420	买盘
09:37:21	19.21	--	82	157522	买盘
09:37:18	19.21	-0.01	35	67235	卖盘
09:37:15	19.22	0.02	28	53816	买盘
09:37:12	19.2	-0.01	2	3840	卖盘
09:37:06	19.21	--	3	5763	买盘
09:37:03	19.21	--	20	38420	卖盘
09:37:00	19.21	--	25	48025	卖盘
09:36:57	19.21	0.02	22	42262	买盘
09:36:51	19.19	-0.02	229	439451	卖盘
09:36:48	19.21	0.01	18	34578	买盘
09:36:45	19.2	--	40	76800	买盘
09:36:39	19.2	-0.01	104	199680	卖盘
09:36:36	19.21	0.01	13	24973	买盘
09:36:33	19.2	--	9	17280	卖盘
09:36:30	19.2	--	59	113280	卖盘
09:36:27	19.2	--	6	11520	卖盘
09:36:24	19.2	--	106	203520	卖盘
09:36:21	19.2	0.01	16	30720	买盘
09:36:18	19.19	--	5	9595	卖盘
09:36:15	19.19	--	11	21109	卖盘
09:36:12	19.19	--	12	23028	卖盘
09:36:09	19.19	-0.01	52	99788	卖盘
09:36:06	19.2	--	50	96000	买盘
09:36:03	19.2	0.01	30	57600	买盘
09:36:00	19.19	--	20	38380	卖盘
09:35:57	19.19	--	16	30704	卖盘
09:35:54	19.19	--	11	21109	卖盘
09:35:48	19.19	--	39	74841	卖盘
09:35:45	19.19	--	15	28785	卖盘
09:35:42	19.19	--	63	120897	买盘
09:35:39	19.19	--	27	51813	买盘
09:35:33	19.19	--	5	9595	买盘
09:35:30	19.19	0.01	20	38380	中性盘
09:35:27	19.18	-0.01	31	59458	卖盘
09:35:24	19.19	-0.01	3	5757	卖盘
09:35:21	19.2	0.01	46	88320	买盘
09:35:18	19.19	0.01	2	3838	买盘
09:35:15	19.18	-0.01	23	44114	卖盘
09:35:12	19.19	0.01	4	7676	买盘
09:35:06	19.18	-0.01	30	57540	卖盘
09:35:03	19.19	-0.01	56	107464	卖盘
09:35:00	19.2	--	52	99840	卖盘
09:34:57	19.2	0.01	31	59520	中性盘
09:34:54	19.19	-0.01	12	23028	卖盘
09:34:51	19.2	0.01	6	11520	买盘
09:34:45	19.19	--	1	1919	中性盘
09:34:36	19.19	0.01	10	19190	中性盘
09:34:30	19.18	-0.03	21	40278	卖盘
09:34:27	19.21	0.03	120	230520	买盘
09:34:24	19.18	-0.01	20	38360	卖盘
09:34:12	19.19	-0.01	5	9595	买盘
09:34:09	19.2	0.01	191	366720	卖盘
09:34:06	19.19	--	109	209171	买盘
09:34:03	19.19	--	10	19190	买盘
09:34:00	19.19	--	181	347339	卖盘
09:33:57	19.19	--	30	57570	卖盘
09:33:54	19.19	--	20	38380	卖盘
09:33:51	19.19	-0.01	18	34542	卖盘
09:33:48	19.2	0.01	2	3840	买盘
09:33:45	19.19	0.03	137	262903	买盘
09:33:42	19.16	-0.01	30	57480	卖盘
09:33:39	19.17	0.01	21	40257	买盘
09:33:36	19.16	--	32	61312	卖盘
09:33:33	19.16	-0.03	4	7664	卖盘
09:33:30	19.19	0.02	20	38380	买盘
09:33:27	19.17	--	11	21087	卖盘
09:33:21	19.17	-0.03	2	3834	中性盘
09:33:12	19.2	--	10	19200	买盘
09:33:09	19.2	--	42	80640	买盘
09:33:06	19.2	--	50	96000	买盘
09:33:03	19.2	--	10	19200	买盘
09:32:57	19.2	--	12	23040	买盘
09:32:54	19.2	--	2	3840	买盘
09:32:51	19.2	--	26	49920	买盘
09:32:48	19.2	--	61	117120	买盘
09:32:45	19.2	-0.01	84	161280	卖盘
09:32:42	19.21	--	2	3842	买盘
09:32:39	19.21	0.01	4	7684	买盘
09:32:33	19.2	--	57	109440	卖盘
09:32:30	19.2	--	15	28800	卖盘
09:32:27	19.2	0.06	146	280320	买盘
09:32:24	19.14	--	2	3828	买盘
09:32:21	19.14	--	6	11484	买盘
09:32:18	19.14	0.01	5	9570	买盘
09:32:15	19.13	-0.01	20	38260	买盘
09:32:12	19.14	--	4	7656	卖盘
09:32:09	19.14	--	14	26796	卖盘
09:32:06	19.14	--	22	42108	买盘
09:31:57	19.14	0.04	4	7656	买盘
09:31:48	19.1	--	19	36290	买盘
09:31:45	19.1	--	30	57300	买盘
09:31:42	19.1	0.01	32	61120	买盘
09:31:39	19.09	--	7	13363	卖盘
09:31:27	19.09	--	58	110722	买盘
09:31:24	19.09	--	8	15272	买盘
09:31:21	19.09	0.01	5	9545	买盘
09:31:18	19.08	0.01	4	7631	中性盘
09:31:15	19.07	--	5	9535	卖盘
09:31:09	19.07	--	2	3814	卖盘
09:31:06	19.07	--	84	160188	买盘
09:30:51	19.07	--	10	19070	买盘
09:30:48	19.07	--	26	49582	卖盘
09:30:45	19.07	-0.02	10	19070	卖盘
09:30:36	19.09	--	5	9545	买盘
09:30:33	19.09	0.01	10	19090	买盘
09:30:30	19.08	--	10	19080	买盘
09:30:27	19.08	0.01	6	11447	中性盘
09:30:24	19.07	-0.02	72	137304	卖盘
09:30:18	19.09	0.01	3	5727	买盘
09:30:12	19.08	--	10	19080	卖盘
09:30:09	19.08	--	43	82043	卖盘
09:30:06	19.08	0.01	423	807083	买盘
09:30:03	19.07	--	0	0	卖盘
09:25:03	19.07	19.07	267	509169	买盘
