成交时间	成交价	价格变动	成交量(手)	成交额(元)	性质
15:00:03	34.67	--	128	443776	买盘
14:57:00	34.67	--	0	0	买盘
14:56:57	34.67	0.02	2	6934	买盘
14:56:54	34.65	--	5	17325	卖盘
14:56:42	34.65	0.01	12	41580	买盘
14:56:36	34.64	-0.01	2	6928	卖盘
14:56:33	34.65	--	1	3465	买盘
14:56:27	34.65	--	10	34650	买盘
14:56:24	34.65	-0.02	39	135135	卖盘
14:56:21	34.67	--	12	41604	买盘
14:56:18	34.67	--	8	27736	买盘
14:56:00	34.67	-0.01	15	52005	卖盘
14:55:51	34.68	--	1	3468	买盘
14:55:45	34.68	0.01	3	10404	买盘
14:55:39	34.67	--	2	6934	卖盘
14:55:36	34.67	--	15	52005	卖盘
14:55:30	34.67	--	11	38137	买盘
14:55:24	34.67	0.02	1	3467	买盘
14:55:00	34.65	--	7	24255	卖盘
14:54:51	34.65	--	1	3465	卖盘
14:54:42	34.65	-0.02	5	17325	卖盘
14:54:39	34.67	0.02	6	20802	买盘
14:54:21	34.65	-0.03	3	10395	卖盘
14:53:48	34.68	0.03	18	62424	买盘
14:53:42	34.65	--	14	48510	卖盘
14:53:39	34.65	--	10	34650	卖盘
14:53:27	34.65	0.01	9	31185	买盘
14:53:21	34.64	-0.01	8	27712	卖盘
14:53:18	34.65	--	6	20790	买盘
14:53:12	34.65	--	2	6930	买盘
14:53:09	34.65	-0.02	4	13860	卖盘
14:52:57	34.67	0.02	10	34670	买盘
14:52:51	34.65	--	3	10395	买盘
14:52:42	34.65	--	5	17325	买盘
14:52:27	34.65	0.01	19	65835	买盘
14:52:24	34.64	0.01	13	45032	买盘
14:52:18	34.63	0.01	4	13852	买盘
14:52:15	34.62	--	11	38082	卖盘
14:52:06	34.62	--	10	34620	卖盘
14:52:03	34.62	--	5	17310	卖盘
14:52:00	34.62	0.04	1	3461	中性盘
14:51:42	34.58	-0.03	1	3458	卖盘
14:51:27	34.61	--	1	3461	卖盘
14:51:21	34.61	0.02	5	17305	中性盘
14:51:12	34.59	-0.01	20	69180	卖盘
14:50:51	34.6	-0.03	200	692000	卖盘
14:50:42	34.63	-0.02	4	13852	卖盘
14:50:36	34.65	0.02	116	401940	买盘
14:50:27	34.63	--	7	24241	卖盘
14:50:24	34.63	0.01	25	86575	买盘
14:50:18	34.62	0.02	3	10386	中性盘
14:49:48	34.6	--	23	79580	卖盘
14:49:12	34.6	-0.01	11	38060	卖盘
14:49:03	34.61	--	6	20766	买盘
14:48:57	34.61	-0.02	2	6922	中性盘
14:48:54	34.63	0.03	1	3463	买盘
14:48:51	34.6	-0.01	10	34600	卖盘
14:48:48	34.61	-0.02	26	89986	卖盘
14:48:42	34.63	0.02	1	3463	买盘
14:48:33	34.61	--	4	13844	卖盘
14:48:27	34.61	-0.02	31	107291	卖盘
14:48:24	34.63	--	12	41556	买盘
14:48:15	34.63	--	1	3463	买盘
14:48:09	34.63	0.01	2	6926	买盘
14:48:00	34.62	--	5	17310	买盘
14:47:51	34.62	-0.01	10	34620	卖盘
14:47:39	34.63	--	6	20778	卖盘
14:47:30	34.63	--	20	69260	卖盘
14:47:27	34.63	-0.02	3	10389	卖盘
14:47:18	34.65	--	32	110880	买盘
14:47:12	34.65	0.02	3	10395	买盘
14:47:03	34.63	--	1	3463	卖盘
14:46:45	34.63	-0.06	5	17315	卖盘
14:46:33	34.69	0.06	1	3469	买盘
14:46:21	34.63	-0.06	1	3463	中性盘
14:46:12	34.69	0.08	2	6938	买盘
14:45:48	34.61	0.01	2	6922	中性盘
14:45:30	34.6	-0.09	5	17300	卖盘
14:45:27	34.69	--	8	27752	买盘
14:45:15	34.69	--	9	31220	卖盘
14:45:12	34.69	--	1	3469	卖盘
14:45:00	34.69	--	20	69380	卖盘
14:44:57	34.69	--	1	3469	卖盘
14:44:54	34.69	-0.01	1	3469	卖盘
14:44:24	34.7	-0.03	1	3470	卖盘
14:43:54	34.73	--	4	13891	买盘
14:43:48	34.73	0.04	3	10418	买盘
14:43:12	34.69	0.08	141	489128	买盘
14:43:03	34.61	--	2	6922	卖盘
14:43:00	34.61	0.01	10	34610	中性盘
14:42:30	34.6	--	2	6920	卖盘
14:42:27	34.6	--	9	31140	买盘
14:42:15	34.6	0.01	1	3460	中性盘
14:41:30	34.59	0.01	1	3459	买盘
14:41:27	34.58	--	1	3458	卖盘
14:41:24	34.58	--	6	20748	卖盘
14:41:18	34.58	--	45	155610	买盘
14:41:12	34.58	0.03	25	86450	买盘
14:41:09	34.55	-0.03	2	6909	卖盘
14:41:06	34.58	--	1	3458	买盘
14:40:54	34.58	--	5	17290	买盘
14:40:51	34.58	0.03	3	10374	买盘
14:40:39	34.55	--	9	31094	买盘
14:40:33	34.55	--	5	17275	买盘
14:40:24	34.55	0.05	1	3454	买盘
14:40:18	34.5	--	15	51750	买盘
14:40:06	34.5	0.04	10	34500	买盘
14:40:03	34.46	-0.04	5	17230	卖盘
14:40:00	34.5	--	11	37950	买盘
14:39:54	34.5	0.05	1	3450	买盘
14:39:48	34.45	-0.05	20	68900	卖盘
14:39:45	34.5	--	9	31050	买盘
14:39:42	34.5	--	1	3450	买盘
14:39:39	34.5	--	30	103500	买盘
14:39:36	34.5	--	6	20700	买盘
14:39:30	34.5	--	4	13800	买盘
14:39:27	34.5	-0.05	49	169050	卖盘
14:39:24	34.55	--	16	55279	卖盘
14:39:18	34.55	-0.03	15	51824	卖盘
14:39:12	34.58	0.02	4	13832	买盘
14:39:06	34.56	-0.02	7	24192	卖盘
14:39:03	34.58	--	1	3458	买盘
14:39:00	34.58	--	4	13832	买盘
14:38:45	34.58	--	25	86450	卖盘
14:38:36	34.58	-0.03	43	148694	卖盘
14:38:33	34.61	0.01	3	10383	买盘
14:38:30	34.6	--	12	41520	卖盘
14:38:21	34.6	-0.01	1	3460	卖盘
14:38:09	34.61	0.01	3	10383	中性盘
14:38:06	34.6	--	4	13840	买盘
14:37:54	34.6	--	46	159160	卖盘
14:37:48	34.6	-0.02	35	121100	卖盘
14:37:42	34.62	0.01	19	65778	买盘
14:37:36	34.61	-0.01	14	48454	卖盘
14:37:30	34.62	-0.04	31	107321	卖盘
14:37:15	34.66	-0.02	14	48523	卖盘
14:36:54	34.68	--	1	3468	买盘
14:36:48	34.68	--	2	6936	买盘
14:36:45	34.68	--	8	27744	卖盘
14:36:09	34.68	--	4	13872	买盘
14:36:06	34.68	--	1	3468	买盘
14:36:03	34.68	--	3	10404	买盘
14:36:00	34.68	-0.01	31	107508	卖盘
14:35:39	34.69	--	5	17345	卖盘
14:35:33	34.69	-0.01	10	34690	卖盘
14:35:27	34.7	--	5	17350	买盘
14:35:15	34.7	--	3	10410	买盘
14:35:12	34.7	-0.01	136	471920	卖盘
14:35:09	34.71	-0.01	1	3471	卖盘
14:34:54	34.72	--	1	3472	卖盘
14:34:21	34.72	-0.01	6	20832	卖盘
14:34:03	34.73	--	5	17365	买盘
14:33:54	34.73	-0.04	109	378556	卖盘
14:33:48	34.77	--	1	3477	卖盘
14:33:42	34.77	--	2	6954	卖盘
14:33:36	34.77	--	15	52155	卖盘
14:33:33	34.77	--	4	13908	卖盘
14:33:30	34.77	0.02	17	59109	买盘
14:33:00	34.75	-0.02	1	3475	卖盘
14:32:36	34.77	0.02	10	34770	买盘
14:32:27	34.75	-0.02	1	3475	卖盘
14:32:18	34.77	--	1	3477	买盘
14:32:15	34.77	--	1	3477	买盘
14:32:12	34.77	--	1	3477	买盘
14:32:09	34.77	--	1	3477	买盘
14:32:03	34.77	0.02	2	6954	买盘
14:32:00	34.75	--	5	17375	卖盘
14:31:36	34.75	--	1	3475	卖盘
14:31:33	34.75	0.01	5	17375	买盘
14:31:30	34.74	-0.01	1	3474	卖盘
14:31:03	34.75	0.03	3	10425	中性盘
14:30:27	34.72	-0.03	15	52080	卖盘
14:30:03	34.75	0.02	1	3475	买盘
14:29:45	34.73	-0.02	6	20837	买盘
14:29:42	34.75	-0.02	5	17375	卖盘
14:29:18	34.77	-0.03	1	3477	卖盘
14:29:03	34.8	--	3	10440	买盘
14:28:39	34.8	-0.01	242	843621	卖盘
14:28:18	34.81	-0.01	6	20886	卖盘
14:28:03	34.82	--	3	10446	买盘
14:27:54	34.82	--	10	34820	买盘
14:27:48	34.82	-0.01	18	62676	中性盘
14:27:03	34.83	0.02	3	10449	买盘
14:26:06	34.81	-0.02	12	41772	卖盘
14:26:03	34.83	--	3	10449	买盘
14:25:54	34.83	--	5	17415	卖盘
14:25:48	34.83	0.02	1	3483	卖盘
14:25:03	34.81	--	1	3481	买盘
14:24:51	34.81	-0.03	2	6962	卖盘
14:24:48	34.84	--	2	6968	买盘
14:24:21	34.84	--	1	3484	买盘
14:24:03	34.84	0.03	3	10452	买盘
14:23:54	34.81	--	9	31329	卖盘
14:23:18	34.81	-0.03	7	24367	中性盘
14:23:09	34.84	0.04	1	3484	买盘
14:23:00	34.8	-0.05	1	3479	卖盘
14:22:33	34.85	0.05	9	31365	买盘
14:22:18	34.8	--	15	52199	卖盘
14:22:00	34.8	-0.01	9	31319	卖盘
14:21:57	34.81	0.01	30	104430	中性盘
14:21:03	34.8	-0.05	6	20880	卖盘
14:20:48	34.85	--	10	34850	买盘
14:19:57	34.85	0.05	2	6970	买盘
14:19:42	34.8	-0.05	7	24359	卖盘
14:19:33	34.85	--	1	3485	买盘
14:19:03	34.85	--	1	3485	买盘
14:18:51	34.85	--	1	3485	买盘
14:18:48	34.85	--	1	3485	买盘
14:18:42	34.85	0.05	1	3485	买盘
14:18:30	34.8	-0.05	202	702960	卖盘
14:18:24	34.85	0.04	3	10455	买盘
14:18:21	34.81	--	2	6962	卖盘
14:18:09	34.81	--	3	10443	卖盘
14:17:57	34.81	--	2	6962	卖盘
14:17:51	34.81	--	1	3481	卖盘
14:17:48	34.81	--	57	198417	卖盘
14:17:27	34.81	--	4	13924	卖盘
14:17:12	34.81	--	2	6962	卖盘
14:16:27	34.81	--	25	87025	卖盘
14:16:15	34.81	--	3	10443	卖盘
14:16:12	34.81	--	3	10443	买盘
14:16:09	34.81	--	2	6962	买盘
14:16:00	34.81	-0.04	9	31329	卖盘
14:15:54	34.85	0.03	1	3485	中性盘
14:15:36	34.82	-0.04	1	3482	卖盘
14:15:27	34.86	--	8	27888	买盘
14:15:06	34.86	0.04	10	34860	买盘
14:14:57	34.82	-0.04	4	13928	卖盘
14:14:45	34.86	0.04	6	20916	买盘
14:14:42	34.82	--	9	31338	卖盘
14:14:18	34.82	--	3	10446	卖盘
14:14:15	34.82	--	10	34820	卖盘
14:14:12	34.82	0.01	3	10446	买盘
14:14:09	34.81	--	4	13924	卖盘
14:13:48	34.81	--	6	20886	卖盘
14:13:36	34.81	--	3	10443	买盘
14:13:24	34.81	--	3	10443	卖盘
14:13:12	34.81	-0.01	4	13924	卖盘
14:13:09	34.82	0.02	2	6964	买盘
14:12:45	34.8	--	3	10440	卖盘
14:12:39	34.8	--	35	121799	卖盘
14:12:33	34.8	--	28	97439	卖盘
14:12:30	34.8	--	100	348000	卖盘
14:12:24	34.8	-0.02	4	13919	卖盘
14:11:51	34.82	--	2	6964	买盘
14:11:48	34.82	--	2	6964	卖盘
14:11:36	34.82	0.02	3	10446	买盘
14:11:33	34.8	--	20	69600	卖盘
14:11:27	34.8	--	8	27839	卖盘
14:11:00	34.8	--	18	62639	卖盘
14:10:42	34.8	0.09	161	562298	买盘
14:10:39	34.71	-0.01	10	34710	卖盘
14:10:24	34.72	--	2	6944	买盘
14:10:21	34.72	--	5	17360	卖盘
14:10:03	34.72	--	2	6944	中性盘
14:09:57	34.72	0.01	2	6944	买盘
14:09:54	34.71	-0.01	4	13884	卖盘
14:09:51	34.72	0.01	1	3472	买盘
14:09:15	34.71	0.01	3	10413	买盘
14:09:03	34.7	--	4	13880	卖盘
14:09:00	34.7	--	5	17350	卖盘
14:08:24	34.7	--	3	10410	卖盘
14:08:21	34.7	--	41	142270	卖盘
14:08:12	34.7	-0.01	2	6940	卖盘
14:08:03	34.71	--	4	13884	买盘
14:07:45	34.71	--	5	17355	买盘
14:07:33	34.71	-0.01	17	59007	卖盘
14:07:24	34.72	--	8	27776	买盘
14:07:15	34.72	0.01	2	6944	买盘
14:07:06	34.71	--	5	17355	卖盘
14:07:03	34.71	--	12	41652	买盘
14:06:57	34.71	--	6	20826	买盘
14:06:54	34.71	--	2	6942	卖盘
14:06:33	34.71	-0.01	10	34710	卖盘
14:06:15	34.72	-0.01	17	59024	卖盘
14:05:54	34.73	-0.04	35	121554	卖盘
14:05:15	34.77	0.04	24	83448	买盘
14:04:36	34.73	0.01	2	6945	买盘
14:04:24	34.72	-0.01	2	6944	卖盘
14:04:18	34.73	--	2	6945	买盘
14:03:36	34.73	0.01	11	38203	中性盘
14:02:45	34.72	--	1	3472	买盘
14:02:21	34.72	0.01	3	10416	买盘
14:02:18	34.71	-0.01	1	3471	卖盘
14:01:57	34.72	--	4	13888	买盘
14:01:39	34.72	--	5	17360	买盘
14:01:36	34.72	--	10	34720	买盘
14:01:24	34.72	--	1	3472	买盘
14:01:09	34.72	--	10	34720	买盘
14:00:48	34.72	--	3	10416	买盘
14:00:36	34.72	0.01	10	34720	中性盘
14:00:27	34.71	-0.01	1	3471	卖盘
13:59:51	34.72	--	3	10416	买盘
13:59:48	34.72	--	2	6944	卖盘
13:59:27	34.72	0.02	18	62496	中性盘
13:58:27	34.7	-0.08	8	27760	卖盘
13:58:03	34.78	0.08	8	27824	买盘
13:57:51	34.7	-0.1	5	17350	卖盘
13:57:12	34.8	0.1	4	13919	买盘
13:57:06	34.7	--	10	34700	卖盘
13:57:00	34.7	-0.1	2	6940	卖盘
13:56:42	34.8	0.1	20	69600	买盘
13:56:15	34.7	--	3	10410	买盘
13:56:12	34.7	0.01	1	3470	中性盘
13:55:21	34.69	--	12	41628	买盘
13:55:12	34.69	--	2	6938	买盘
13:55:00	34.69	--	6	20814	买盘
13:54:48	34.69	-0.01	28	97132	卖盘
13:54:33	34.7	--	46	159620	买盘
13:54:30	34.7	0.01	2	6940	买盘
13:54:24	34.69	--	15	52035	卖盘
13:54:06	34.69	--	3	10407	买盘
13:54:00	34.69	--	4	13876	买盘
13:53:54	34.69	--	3	10407	买盘
13:53:48	34.69	--	3	10407	买盘
13:53:39	34.69	--	2	6938	买盘
13:53:33	34.69	--	15	52035	卖盘
13:53:06	34.69	-0.01	2	6938	卖盘
13:52:57	34.7	--	5	17350	买盘
13:52:45	34.7	--	9	31230	买盘
13:52:42	34.7	--	18	62460	卖盘
13:52:33	34.7	--	12	41640	买盘
13:52:30	34.7	--	12	41640	买盘
13:52:18	34.7	--	3	10410	买盘
13:52:15	34.7	-0.01	15	52050	卖盘
13:52:06	34.71	--	1	3471	买盘
13:51:54	34.71	--	3	10413	买盘
13:51:51	34.71	--	24	85941	卖盘
13:51:48	34.71	-0.01	6	20826	卖盘
13:51:45	34.72	0.01	2	6944	买盘
13:51:42	34.71	--	3	10413	卖盘
13:51:39	34.71	--	23	79833	卖盘
13:51:21	34.71	0.01	0	833	买盘
13:51:06	34.7	--	8	27760	买盘
13:51:03	34.7	0.01	2	6940	买盘
13:50:48	34.69	--	1	3469	买盘
13:50:39	34.69	--	5	17345	买盘
13:50:27	34.69	0.01	6	20814	买盘
13:50:21	34.68	-0.01	30	104040	卖盘
13:50:12	34.69	--	10	34690	买盘
13:49:45	34.69	0.01	3	10407	买盘
13:49:39	34.68	--	9	31212	卖盘
13:49:33	34.68	-0.01	15	52020	卖盘
13:49:21	34.69	-0.01	3	10407	卖盘
13:49:12	34.7	--	4	13880	买盘
13:49:09	34.7	--	5	17350	买盘
13:49:03	34.7	--	1	3470	买盘
13:49:00	34.7	-0.01	8	27760	卖盘
13:48:51	34.71	0.01	4	13884	买盘
13:48:42	34.7	--	1	3470	卖盘
13:48:33	34.7	0.01	3	10410	买盘
13:48:21	34.69	--	2	6938	卖盘
13:48:06	34.69	--	1	3469	买盘
13:47:39	34.69	0.01	5	17345	中性盘
13:47:36	34.68	-0.02	10	34680	卖盘
13:47:33	34.7	--	1	3470	买盘
13:47:24	34.7	--	2	6940	买盘
13:47:21	34.7	-0.02	33	114510	卖盘
13:47:18	34.72	--	5	17360	买盘
13:47:03	34.72	-0.01	17	59024	卖盘
13:46:48	34.73	-0.01	6	20837	卖盘
13:46:42	34.74	0.01	10	34740	买盘
13:46:39	34.73	-0.01	6	20837	卖盘
13:46:30	34.74	0.01	5	17370	买盘
13:46:27	34.73	-0.01	2	6945	卖盘
13:46:15	34.74	--	14	48636	买盘
13:46:12	34.74	--	3	10422	买盘
13:46:09	34.74	-0.06	7	24318	卖盘
13:45:30	34.8	--	5	17400	买盘
13:45:27	34.8	--	1	3479	买盘
13:45:12	34.8	--	2	6959	买盘
13:44:36	34.8	0.05	16	55679	买盘
13:44:33	34.75	-0.02	44	152900	卖盘
13:44:27	34.77	0.02	1	3477	买盘
13:44:15	34.75	-0.02	3	10425	卖盘
13:44:09	34.77	--	2	6954	买盘
13:43:54	34.77	--	10	34770	买盘
13:43:36	34.77	--	6	20862	买盘
13:43:27	34.77	--	2	6954	买盘
13:43:24	34.77	--	16	55632	买盘
13:43:12	34.77	0.01	2	6954	中性盘
13:42:57	34.76	-0.04	12	41712	卖盘
13:42:33	34.8	0.03	1	3479	买盘
13:42:30	34.77	-0.03	1	3477	卖盘
13:42:27	34.8	0.02	2	6959	买盘
13:42:00	34.78	-0.02	7	24346	卖盘
13:41:30	34.8	--	1	3479	卖盘
13:41:27	34.8	0.02	1	3479	买盘
13:41:18	34.78	-0.02	7	24346	卖盘
13:40:39	34.8	--	17	59159	卖盘
13:40:33	34.8	0.02	1	3479	卖盘
13:40:27	34.78	--	2	6956	买盘
13:40:15	34.78	--	2	6956	卖盘
13:40:12	34.78	-0.01	2	6956	卖盘
13:40:03	34.79	-0.03	4	13916	卖盘
13:39:42	34.82	0.02	1	3482	卖盘
13:39:36	34.8	-0.02	1	3479	卖盘
13:39:27	34.82	0.02	2	6964	买盘
13:39:09	34.8	0.01	1	3479	中性盘
13:38:51	34.79	-0.01	26	90454	卖盘
13:38:33	34.8	-0.02	16	55679	卖盘
13:38:27	34.82	0.02	4	13928	买盘
13:38:00	34.8	-0.02	21	73080	卖盘
13:37:57	34.82	--	11	38302	买盘
13:37:36	34.82	0.02	1	3482	买盘
13:37:33	34.8	-0.02	2	6959	卖盘
13:37:27	34.82	--	2	6964	买盘
13:37:15	34.82	--	15	52230	卖盘
13:37:03	34.82	-0.01	1	3482	卖盘
13:36:45	34.83	--	3	10449	买盘
13:36:27	34.83	--	2	6966	买盘
13:36:15	34.83	-0.02	5	17415	卖盘
13:35:51	34.85	--	17	59245	买盘
13:35:45	34.85	-0.01	1	3485	卖盘
13:35:27	34.86	--	6	20916	买盘
13:35:24	34.86	0.01	2	6972	买盘
13:35:18	34.85	-0.01	1	3485	卖盘
13:34:27	34.86	0.01	2	6972	买盘
13:33:57	34.85	--	14	48790	买盘
13:33:33	34.85	-0.01	6	20910	卖盘
13:33:27	34.86	0.01	2	6972	买盘
13:33:24	34.85	-0.01	6	20910	卖盘
13:33:09	34.86	0.01	3	10458	买盘
13:33:06	34.85	-0.01	2	6970	卖盘
13:33:00	34.86	--	6	20916	买盘
13:32:54	34.86	--	1	3486	买盘
13:32:27	34.86	--	2	6972	买盘
13:32:03	34.86	--	6	20916	买盘
13:31:36	34.86	0.02	20	69720	买盘
13:31:33	34.84	-0.01	2	6968	卖盘
13:31:30	34.85	--	4	13940	买盘
13:31:27	34.85	0.01	4	13940	买盘
13:30:48	34.84	--	1	3484	卖盘
13:30:30	34.84	--	1	3484	买盘
13:30:27	34.84	--	2	6968	买盘
13:30:09	34.84	0.02	3	10452	买盘
13:29:54	34.82	-0.02	3	10446	卖盘
13:29:48	34.84	0.01	7	24388	买盘
13:29:33	34.83	-0.01	12	41796	卖盘
13:29:27	34.84	-0.01	2	6968	中性盘
13:28:57	34.85	0.03	1	3485	中性盘
13:28:30	34.82	-0.04	2	6964	卖盘
13:28:27	34.86	--	2	6972	买盘
13:28:21	34.86	--	3	10458	买盘
13:28:09	34.86	--	3	10458	买盘
13:28:06	34.86	--	5	17430	买盘
13:27:57	34.86	--	5	17430	买盘
13:27:54	34.86	--	1	3486	买盘
13:27:42	34.86	--	4	13944	买盘
13:27:27	34.86	0.05	2	6972	买盘
13:27:00	34.81	--	2	6962	卖盘
13:26:51	34.81	-0.05	3	10443	卖盘
13:26:27	34.86	0.05	2	6972	买盘
13:26:15	34.81	--	2	6962	卖盘
13:25:27	34.81	0.01	1	3481	买盘
13:25:18	34.8	--	3	10440	买盘
13:25:06	34.8	0.01	1	3479	买盘
13:24:54	34.79	-0.01	10	34790	卖盘
13:24:48	34.8	0.01	6	20880	买盘
13:24:27	34.79	--	0	1391	买盘
13:24:06	34.79	--	10	34790	买盘
13:24:03	34.79	--	5	17395	买盘
13:23:27	34.79	--	2	6958	买盘
13:23:03	34.79	--	1	3479	买盘
13:22:42	34.79	--	1	3479	买盘
13:22:39	34.79	--	1	3479	买盘
13:22:27	34.79	--	2	6958	买盘
13:22:18	34.79	-0.01	1	3479	买盘
13:21:51	34.8	-0.01	6	22967	卖盘
13:21:27	34.81	-0.05	2	6962	买盘
13:20:48	34.86	--	1	3486	卖盘
13:20:39	34.86	0.06	1	3486	买盘
13:20:33	34.8	-0.06	11	38280	卖盘
13:20:27	34.86	0.06	2	6972	中性盘
13:20:09	34.8	--	2	6959	卖盘
13:20:00	34.8	-0.02	1	3479	卖盘
13:19:57	34.82	--	2	8356	买盘
13:19:39	34.82	--	6	20892	买盘
13:19:27	34.82	--	2	6964	买盘
13:19:15	34.82	--	40	139280	买盘
13:18:27	34.82	--	2	6964	买盘
13:18:24	34.82	--	3	10446	买盘
13:17:57	34.82	0.02	10	34820	买盘
13:17:45	34.8	--	2	6959	买盘
13:17:42	34.8	-0.02	51	177480	卖盘
13:17:33	34.82	--	3	10446	买盘
13:17:21	34.82	0.01	2	6964	中性盘
13:14:54	34.81	--	9	31329	卖盘
13:14:42	34.81	--	2	6962	卖盘
13:14:15	34.81	-0.06	1	3481	卖盘
13:14:12	34.87	--	1	3486	买盘
13:14:06	34.87	0.06	1	3486	买盘
13:14:03	34.81	--	5	17405	卖盘
13:13:57	34.81	--	6	20886	卖盘
13:13:30	34.81	0.01	2	6962	买盘
13:13:21	34.8	-0.01	12	41760	卖盘
13:12:18	34.81	-0.07	1	3481	中性盘
13:11:15	34.88	0.08	8	27904	买盘
13:11:06	34.8	--	4	13919	卖盘
13:11:00	34.8	-0.01	2	6959	卖盘
13:10:42	34.81	0.01	2	6962	买盘
13:10:39	34.8	-0.01	3	10440	卖盘
13:09:57	34.81	--	7	24367	卖盘
13:09:51	34.81	0.01	1	3481	中性盘
13:08:03	34.8	--	1	3479	中性盘
13:06:03	34.8	-0.05	40	139200	中性盘
13:05:00	34.85	--	14	48790	买盘
13:04:51	34.85	--	14	51578	卖盘
13:04:36	34.85	--	150	522750	卖盘
13:04:00	34.85	--	10	34850	卖盘
13:02:18	34.85	-0.03	7	24395	卖盘
13:00:54	34.88	0.03	2	6976	买盘
13:00:39	34.85	--	3	10455	卖盘
13:00:06	34.85	--	12	41820	卖盘
13:00:03	34.85	0.11	608	2119577	买盘
13:00:00	34.74	--	0	0	买盘
11:30:00	34.74	--	0	0	买盘
11:29:51	34.74	--	1	3474	买盘
11:29:30	34.74	-0.01	65	225810	卖盘
11:29:27	34.75	--	1	3475	中性盘
11:29:03	34.75	--	1	3475	买盘
11:28:57	34.75	--	1	3475	买盘
11:28:21	34.75	--	28	97300	买盘
11:28:06	34.75	--	10	34750	买盘
11:27:48	34.75	--	1	3475	买盘
11:27:45	34.75	--	11	38225	买盘
11:27:30	34.75	-0.04	16	55600	卖盘
11:27:18	34.79	--	14	48706	卖盘
11:27:12	34.79	--	6	20874	买盘
11:26:57	34.79	-0.01	4	13916	卖盘
11:26:48	34.8	0.01	1	3479	中性盘
11:26:30	34.79	0.05	6	20874	买盘
11:25:57	34.74	--	20	69480	买盘
11:25:18	34.74	--	1	3474	买盘
11:25:15	34.74	-0.05	21	73857	卖盘
11:24:42	34.79	--	2	6958	买盘
11:24:39	34.79	--	5	17395	买盘
11:24:12	34.79	0.04	10	34790	买盘
11:24:09	34.75	0.01	11	38225	中性盘
11:23:39	34.74	--	4	13896	卖盘
11:23:30	34.74	-0.05	0	2570	中性盘
11:23:21	34.79	0.05	2	6958	买盘
11:23:12	34.74	0.01	20	69480	买盘
11:22:36	34.73	-0.01	20	69460	卖盘
11:22:24	34.74	--	10	34740	买盘
11:22:21	34.74	--	4	13896	买盘
11:22:18	34.74	--	13	45162	买盘
11:22:12	34.74	--	11	38214	买盘
11:22:06	34.74	--	1	3474	买盘
11:21:54	34.74	-0.05	32	111168	卖盘
11:21:51	34.79	0.05	2	6958	买盘
11:21:33	34.74	-0.04	18	62532	卖盘
11:21:21	34.78	--	3	10434	买盘
11:20:57	34.78	-0.01	2	6956	卖盘
11:20:36	34.79	0.01	1	3479	中性盘
11:20:27	34.78	-0.05	2	6956	卖盘
11:20:21	34.83	--	3	10449	买盘
11:19:42	34.83	--	2	6966	买盘
11:19:30	34.83	--	1	3483	买盘
11:19:21	34.83	--	3	10449	买盘
11:19:03	34.83	-0.02	3	10449	卖盘
11:18:39	34.85	--	25	87125	买盘
11:18:24	34.85	--	3	10455	买盘
11:18:21	34.85	0.02	3	10455	买盘
11:18:12	34.83	--	6	20898	卖盘
11:17:39	34.83	-0.02	1	3483	卖盘
11:17:30	34.85	0.01	3	10455	买盘
11:17:15	34.84	0.01	1	3484	买盘
11:17:00	34.83	-0.01	20	69660	卖盘
11:16:48	34.84	0.01	1	3484	买盘
11:16:42	34.83	0.03	26	90558	买盘
11:16:03	34.8	--	1	3479	买盘
11:15:45	34.8	0.03	4	13919	买盘
11:15:30	34.77	0.01	20	69540	买盘
11:15:24	34.76	--	3	10428	买盘
11:15:15	34.76	--	1	3476	买盘
11:15:12	34.76	--	1	3476	买盘
11:14:42	34.76	0.01	3	10428	买盘
11:14:30	34.75	-0.01	6	20850	卖盘
11:14:24	34.76	--	3	10428	买盘
11:14:12	34.76	0.01	3	10428	买盘
11:14:06	34.75	--	5	17375	买盘
11:14:03	34.75	0.01	10	34750	买盘
11:14:00	34.74	--	40	138960	卖盘
11:13:54	34.74	-0.01	2	6948	卖盘
11:13:45	34.75	--	4	13900	卖盘
11:13:33	34.75	--	6	20850	买盘
11:13:24	34.75	-0.01	4	13900	卖盘
11:13:12	34.76	0.02	3	10428	买盘
11:13:03	34.74	-0.02	10	34740	卖盘
11:12:27	34.76	--	3	10428	买盘
11:12:24	34.76	--	3	10428	买盘
11:12:21	34.76	-0.01	6	20856	卖盘
11:12:18	34.77	--	5	17385	买盘
11:12:12	34.77	0.01	3	10431	买盘
11:12:06	34.76	-0.01	2	6952	卖盘
11:11:57	34.77	0.02	1	3477	买盘
11:11:54	34.75	--	1	3475	买盘
11:11:51	34.75	-0.01	20	69500	中性盘
11:11:42	34.76	0.01	27	93852	买盘
11:11:24	34.75	--	3	10425	买盘
11:11:15	34.75	--	3	10425	买盘
11:11:12	34.75	0.01	3	10425	买盘
11:11:03	34.74	0.01	1	3474	中性盘
11:10:54	34.73	-0.03	1	3472	卖盘
11:10:48	34.76	--	5	17380	买盘
11:10:24	34.76	0.04	3	10428	买盘
11:10:15	34.72	-0.04	40	138880	卖盘
11:10:12	34.76	0.02	3	10428	买盘
11:10:06	34.74	0.01	1	3474	中性盘
11:09:51	34.73	-0.02	10	34730	卖盘
11:09:48	34.75	--	10	34750	卖盘
11:09:42	34.75	-0.01	1	3475	卖盘
11:09:30	34.76	-0.01	1	3476	卖盘
11:09:24	34.77	--	3	10431	买盘
11:09:15	34.77	-0.01	1	3477	卖盘
11:09:12	34.78	0.01	3	10434	买盘
11:09:06	34.77	-0.01	5	17385	卖盘
11:09:03	34.78	--	10	34780	买盘
11:08:51	34.78	--	1	3478	买盘
11:08:48	34.78	-0.02	10	34780	卖盘
11:08:24	34.8	0.01	3	10440	买盘
11:08:21	34.79	-0.01	3	10437	卖盘
11:08:12	34.8	--	3	10440	买盘
11:07:54	34.8	--	1	3479	买盘
11:07:51	34.8	-0.03	8	27839	卖盘
11:07:36	34.83	--	2	6966	买盘
11:07:33	34.83	-0.01	2	6966	卖盘
11:07:24	34.84	0.01	3	10452	买盘
11:07:15	34.83	--	2	6966	卖盘
11:07:12	34.83	--	2	6966	买盘
11:07:06	34.83	--	2	6966	买盘
11:06:57	34.83	0.01	1	3483	中性盘
11:06:33	34.82	--	2	6964	卖盘
11:06:24	34.82	0.04	1	5397	买盘
11:05:42	34.78	-0.02	1	3478	卖盘
11:05:33	34.8	--	2	6959	买盘
11:05:24	34.8	0.02	3	10440	买盘
11:05:06	34.78	--	7	24346	卖盘
11:05:00	34.78	-0.01	5	17390	中性盘
11:04:36	34.79	-0.01	1	3479	中性盘
11:04:24	34.8	--	3	10440	买盘
11:04:21	34.8	0.01	4	13919	买盘
11:04:15	34.79	-0.01	2	8523	卖盘
11:04:03	34.8	--	4	13919	买盘
11:03:57	34.8	--	1	3479	买盘
11:03:33	34.8	--	2	6959	买盘
11:03:24	34.8	0.01	3	10440	买盘
11:03:09	34.79	0.02	7	26266	买盘
11:03:06	34.77	-0.02	2	6954	卖盘
11:02:48	34.79	0.02	4	13916	买盘
11:02:42	34.77	-0.02	5	17385	卖盘
11:02:24	34.79	--	3	10437	买盘
11:02:15	34.79	--	10	36355	卖盘
11:02:12	34.79	-0.01	3	12350	卖盘
11:01:57	34.8	--	4	13919	买盘
11:01:51	34.8	--	3	10440	买盘
11:01:39	34.8	--	1	3479	买盘
11:01:36	34.8	0.01	1	3479	买盘
11:01:33	34.79	--	2	6958	买盘
11:01:15	34.79	--	2	6958	买盘
11:00:57	34.79	0.02	3	10437	买盘
11:00:18	34.77	--	3	10431	卖盘
11:00:15	34.77	-0.02	4	13908	卖盘
11:00:06	34.79	0.02	2	6958	买盘
10:59:54	34.77	--	6	23434	买盘
10:59:48	34.77	0.01	35	121695	买盘
10:59:45	34.76	-0.01	5	17380	卖盘
10:59:39	34.77	0.01	1	3477	买盘
10:59:36	34.76	--	4	13904	卖盘
10:59:24	34.76	0.01	1	3476	买盘
10:59:21	34.75	--	20	69500	卖盘
10:59:18	34.75	--	24	83400	卖盘
10:59:15	34.75	-0.01	40	139000	卖盘
10:59:03	34.76	-0.01	1	3476	卖盘
10:58:57	34.77	0.02	3	10431	买盘
10:58:48	34.75	-0.02	1	3475	卖盘
10:58:24	34.77	--	1	3477	买盘
10:58:06	34.77	0.01	3	10431	买盘
10:58:03	34.76	-0.01	26	91279	卖盘
10:57:57	34.77	--	0	2572	买盘
10:57:51	34.77	--	1	3477	买盘
10:57:39	34.77	--	1	3477	买盘
10:57:36	34.77	--	0	904	卖盘
10:57:21	34.77	-0.02	0	2572	买盘
10:56:57	34.79	0.02	3	10437	买盘
10:56:36	34.77	-0.02	5	17385	卖盘
10:56:24	34.79	0.01	1	3479	买盘
10:56:18	34.78	-0.01	2	6956	卖盘
10:55:54	34.79	--	3	10437	买盘
10:55:45	34.79	--	1	3479	买盘
10:55:33	34.79	--	4	13916	买盘
10:55:21	34.79	-0.01	1	3479	卖盘
10:55:18	34.8	0.01	1	3479	买盘
10:55:06	34.79	--	9	31311	中性盘
10:54:57	34.79	--	16	55664	买盘
10:54:54	34.79	--	3	10437	买盘
10:54:21	34.79	--	30	104370	买盘
10:53:54	34.79	0.04	3	10437	买盘
10:53:48	34.75	--	5	17375	卖盘
10:53:36	34.75	0.01	18	62550	买盘
10:53:30	34.74	-0.01	64	222336	卖盘
10:53:27	34.75	0.01	3	10425	买盘
10:53:15	34.74	-0.01	2	6948	卖盘
10:53:09	34.75	--	11	38225	卖盘
10:53:06	34.75	--	1	3475	买盘
10:52:57	34.75	--	1	3475	买盘
10:52:54	34.75	0.01	5	17375	买盘
10:52:48	34.74	--	2	6948	卖盘
10:52:45	34.74	--	3	10422	卖盘
10:52:36	34.74	--	1	3474	卖盘
10:52:27	34.74	--	2	6948	买盘
10:52:21	34.74	--	10	34740	买盘
10:52:18	34.74	0.01	2	6948	买盘
10:52:15	34.73	-0.01	6	20837	卖盘
10:52:09	34.74	-0.01	24	83376	卖盘
10:52:06	34.75	--	10	34750	买盘
10:52:03	34.75	--	1	3475	买盘
10:51:54	34.75	--	3	10425	买盘
10:51:51	34.75	--	2	6950	卖盘
10:51:42	34.75	--	27	93825	买盘
10:51:39	34.75	--	7	24325	卖盘
10:51:21	34.75	-0.04	1	3475	卖盘
10:51:18	34.79	-0.01	5	17395	卖盘
10:51:15	34.8	--	3	10440	买盘
10:51:03	34.8	--	1	3479	买盘
10:50:57	34.8	-0.02	2	6959	卖盘
10:50:39	34.82	0.02	9	31338	买盘
10:50:30	34.8	--	13	45239	卖盘
10:50:27	34.8	--	11	38280	卖盘
10:50:15	34.8	--	5	17400	卖盘
10:50:09	34.8	-0.02	5	17400	卖盘
10:50:06	34.82	0.02	6	20892	中性盘
10:49:42	34.8	--	8	27839	卖盘
10:49:39	34.8	--	4	13919	卖盘
10:49:30	34.8	-0.03	53	184439	卖盘
10:49:27	34.83	--	2	6966	卖盘
10:49:21	34.83	--	2	6966	卖盘
10:49:15	34.83	-0.01	8	27864	卖盘
10:49:12	34.84	--	2	6968	卖盘
10:48:54	34.84	-0.01	3	10452	卖盘
10:48:48	34.85	--	1	3485	买盘
10:48:45	34.85	--	3	10455	买盘
10:48:39	34.85	--	2	6970	买盘
10:48:36	34.85	-0.01	30	107338	卖盘
10:48:15	34.86	--	2	7669	卖盘
10:48:06	34.86	--	2	6972	卖盘
10:48:00	34.86	-0.04	14	48804	中性盘
10:47:45	34.9	0.01	1	3490	买盘
10:47:39	34.89	--	2	6978	卖盘
10:47:33	34.89	--	1	3489	卖盘
10:47:24	34.89	--	1	3489	卖盘
10:47:18	34.89	--	14	48846	卖盘
10:47:12	34.89	0.03	2	6978	买盘
10:47:00	34.86	--	8	27888	买盘
10:46:57	34.86	-0.03	1	3486	中性盘
10:46:45	34.89	-0.01	2	6978	中性盘
10:45:48	34.9	--	1	3490	买盘
10:45:27	34.9	-0.01	2	6980	中性盘
10:45:09	34.91	--	1	3490	卖盘
10:44:48	34.91	0.09	1	3490	卖盘
10:44:33	34.82	-0.11	200	696400	卖盘
10:44:24	34.93	--	5	17465	买盘
10:44:09	34.93	0.01	1	3493	买盘
10:44:06	34.92	-0.01	4	13968	卖盘
10:43:54	34.93	0.01	1	3493	买盘
10:43:33	34.92	--	5	17460	买盘
10:43:18	34.92	0.01	1	3492	买盘
10:43:15	34.91	--	2	6981	买盘
10:43:03	34.91	--	3	10472	买盘
10:42:36	34.91	--	10	34910	买盘
10:42:21	34.91	--	1	3490	买盘
10:42:03	34.91	-0.01	8	27927	卖盘
10:42:00	34.92	--	1	3492	买盘
10:41:24	34.92	--	1	3492	买盘
10:40:57	34.92	0.01	1	3492	买盘
10:40:54	34.91	0.01	3	10472	买盘
10:40:36	34.9	--	3	10470	卖盘
10:40:27	34.9	--	6	20940	卖盘
10:40:24	34.9	-0.01	1	3490	卖盘
10:40:06	34.91	-0.01	1	3490	卖盘
10:40:03	34.92	--	2	6984	买盘
10:40:00	34.92	-0.01	10	34920	卖盘
10:39:48	34.93	0.01	1	3493	买盘
10:39:39	34.92	--	2	6984	买盘
10:39:00	34.92	--	1	3492	买盘
10:38:54	34.92	-0.01	5	17460	卖盘
10:38:33	34.93	--	1	3493	买盘
10:38:24	34.93	0.01	2	6986	买盘
10:38:18	34.92	--	1	3492	买盘
10:38:09	34.92	0.07	1	3492	买盘
10:37:57	34.85	0.01	11	38335	中性盘
10:37:36	34.84	--	2	6968	卖盘
10:37:27	34.84	--	2	6968	买盘
10:37:21	34.84	-0.06	7	24388	卖盘
10:37:18	34.9	--	3	10470	买盘
10:37:00	34.9	--	3	10470	买盘
10:36:57	34.9	-0.01	60	209400	卖盘
10:36:48	34.91	-0.01	3	10472	卖盘
10:36:45	34.92	--	1	3492	买盘
10:36:42	34.92	--	10	34920	买盘
10:36:36	34.92	--	16	55872	卖盘
10:36:33	34.92	--	1	3492	卖盘
10:36:27	34.92	--	2	6984	卖盘
10:36:18	34.92	--	16	55872	买盘
10:36:15	34.92	--	1	3492	买盘
10:36:09	34.92	-0.01	6	20952	卖盘
10:35:48	34.93	--	1	3493	买盘
10:35:45	34.93	--	5	17465	卖盘
10:35:27	34.93	-0.02	10	34930	卖盘
10:35:21	34.95	-0.01	6	20970	卖盘
10:35:03	34.96	-0.01	22	76912	卖盘
10:34:45	34.97	--	7	24479	买盘
10:34:42	34.97	--	4	13988	买盘
10:34:39	34.97	--	1	3497	卖盘
10:34:36	34.97	--	9	31473	买盘
10:34:18	34.97	0.01	6	20982	买盘
10:34:15	34.96	-0.01	1	3496	卖盘
10:34:03	34.97	-0.01	25	87425	卖盘
10:33:54	34.98	--	1	3497	卖盘
10:33:51	34.98	-0.01	2	6995	卖盘
10:33:48	34.99	--	1	3499	买盘
10:33:45	34.99	--	2	6998	买盘
10:33:33	34.99	0.01	1	3499	中性盘
10:33:18	34.98	-0.02	10	34980	卖盘
10:33:09	35.0	--	2	7000	买盘
10:32:51	35.0	--	12	42000	买盘
10:32:45	35.0	--	2	7000	买盘
10:32:30	35.0	-0.01	34	119000	卖盘
10:32:24	35.01	--	1	3501	买盘
10:32:06	35.01	--	5	17505	买盘
10:31:57	35.01	--	7	24507	买盘
10:31:45	35.01	--	24	84024	买盘
10:31:36	35.01	--	1	3501	买盘
10:31:33	35.01	--	1	3501	买盘
10:31:30	35.01	0.02	2	7002	买盘
10:30:57	34.99	-0.01	1	3499	卖盘
10:30:45	35.0	-0.01	2	7000	中性盘
10:30:36	35.01	--	3	10503	买盘
10:30:33	35.01	--	4	14004	买盘
10:30:30	35.01	--	1	3501	买盘
10:30:09	35.01	0.01	3	10503	买盘
10:29:48	35.0	--	2	7000	买盘
10:29:45	35.0	0.02	2	7000	买盘
10:29:36	34.98	--	1	3497	卖盘
10:29:33	34.98	--	8	27983	买盘
10:29:06	34.98	--	3	10493	卖盘
10:28:48	34.98	-0.02	7	24485	卖盘
10:28:45	35.0	--	2	7000	买盘
10:28:42	35.0	-0.01	3	10500	卖盘
10:28:36	35.01	--	3	10503	买盘
10:28:33	35.01	--	1	3501	买盘
10:28:30	35.01	0.01	1	3501	买盘
10:28:27	35.0	--	3	10500	卖盘
10:28:24	35.0	--	10	35000	卖盘
10:28:03	35.0	-0.01	4	14000	卖盘
10:27:48	35.01	--	1	3501	买盘
10:27:45	35.01	0.01	2	7002	买盘
10:27:39	35.0	--	11	38500	买盘
10:27:33	35.0	--	10	35000	买盘
10:27:27	35.0	0.02	3	10500	买盘
10:27:06	34.98	-0.02	4	13991	卖盘
10:27:00	35.0	--	4	14000	卖盘
10:26:48	35.0	--	1	3500	买盘
10:26:45	35.0	0.01	2	7000	中性盘
10:26:39	34.99	-0.01	2	6998	卖盘
10:26:18	35.0	--	10	35000	卖盘
10:26:00	35.0	-0.01	9	31500	卖盘
10:25:48	35.01	--	1	3501	买盘
10:25:45	35.01	--	2	7002	买盘
10:25:15	35.01	0.01	6	21006	买盘
10:25:06	35.0	--	1	3500	卖盘
10:25:03	35.0	-0.01	10	35000	卖盘
10:24:48	35.01	-0.01	1	3501	卖盘
10:24:45	35.02	0.01	3	10506	买盘
10:24:36	35.01	--	2	7002	卖盘
10:24:12	35.01	-0.01	10	35010	卖盘
10:24:00	35.02	--	19	66538	卖盘
10:23:54	35.02	-0.01	19	66538	卖盘
10:23:45	35.03	--	2	7006	买盘
10:23:42	35.03	--	1	3503	买盘
10:22:57	35.03	-0.01	3	10509	卖盘
10:22:51	35.04	--	5	17520	买盘
10:22:48	35.04	--	1	3504	买盘
10:22:45	35.04	--	2	7008	买盘
10:22:33	35.04	--	3	10512	买盘
10:22:30	35.04	0.01	1	3504	买盘
10:22:27	35.03	--	14	49042	中性盘
10:21:45	35.03	--	2	7006	买盘
10:21:42	35.03	0.01	1	3503	中性盘
10:21:18	35.02	-0.02	20	70040	卖盘
10:21:09	35.04	--	8	28032	买盘
10:21:03	35.04	--	3	10512	买盘
10:20:54	35.04	-0.01	5	17520	卖盘
10:20:48	35.05	--	1	3504	买盘
10:20:36	35.05	--	10	35050	买盘
10:20:03	35.05	0.03	5	17525	买盘
10:19:51	35.02	-0.03	1	3502	卖盘
10:19:48	35.05	0.03	2	7009	买盘
10:19:42	35.02	--	45	157590	卖盘
10:19:30	35.02	0.01	2	7004	买盘
10:19:27	35.01	-0.01	1	3501	卖盘
10:19:24	35.02	--	2	7004	买盘
10:19:18	35.02	--	1	3502	买盘
10:19:15	35.02	--	20	70040	买盘
10:19:06	35.02	--	3	10506	买盘
10:19:00	35.02	--	1	3502	买盘
10:18:51	35.02	-0.03	1	3502	卖盘
10:18:48	35.05	--	2	7009	买盘
10:18:45	35.05	--	11	38555	买盘
10:18:30	35.05	0.04	2	7009	买盘
10:17:57	35.01	--	4	14004	买盘
10:17:51	35.01	--	2	7002	买盘
10:17:48	35.01	--	2	7002	买盘
10:17:33	35.01	--	2	7002	买盘
10:17:06	35.01	--	1	3501	买盘
10:17:03	35.01	--	1	3501	买盘
10:17:00	35.01	-0.05	33	115533	卖盘
10:16:48	35.06	0.05	2	7012	买盘
10:16:15	35.01	-0.04	2	7002	卖盘
10:16:09	35.05	-0.01	1	3504	卖盘
10:15:48	35.06	0.01	2	7012	买盘
10:15:33	35.05	-0.01	3	10515	中性盘
10:15:09	35.06	0.05	1	3506	买盘
10:14:51	35.01	--	1	3501	买盘
10:14:48	35.01	--	2	7002	买盘
10:14:45	35.01	-0.05	1	3501	卖盘
10:14:24	35.06	0.01	7	24542	买盘
10:14:12	35.05	--	5	17525	卖盘
10:14:09	35.05	--	33	115664	卖盘
10:14:03	35.05	-0.01	17	59584	卖盘
10:14:00	35.06	0.01	2	7012	买盘
10:13:54	35.05	--	1	3504	买盘
10:13:36	35.05	--	5	17525	卖盘
10:13:33	35.05	-0.01	3	10515	卖盘
10:13:21	35.06	--	4	14024	买盘
10:13:12	35.06	--	2	7012	买盘
10:13:09	35.06	-0.03	1	3506	卖盘
10:12:54	35.09	--	4	14036	买盘
10:12:48	35.09	--	2	7018	买盘
10:12:39	35.09	-0.01	2	7018	中性盘
10:12:24	35.1	0.01	5	17550	买盘
10:12:15	35.09	0.04	5	17545	买盘
10:11:51	35.05	-0.04	1	3504	卖盘
10:11:48	35.09	0.1	5	17545	买盘
10:11:45	34.99	-0.1	50	174950	卖盘
10:11:42	35.09	--	4	14036	买盘
10:11:18	35.09	--	1	3509	买盘
10:11:15	35.09	--	3	10527	买盘
10:11:12	35.09	0.07	1	3509	买盘
10:11:06	35.02	-0.07	5	17510	中性盘
10:10:51	35.09	0.04	5	17545	买盘
10:10:48	35.05	--	2	7009	买盘
10:10:45	35.05	--	3	10515	买盘
10:10:30	35.05	-0.04	4	14019	买盘
10:10:27	35.09	--	3	10527	卖盘
10:10:24	35.09	0.04	12	42108	买盘
10:10:21	35.05	-0.04	5	17525	卖盘
10:10:12	35.09	0.08	5	17545	买盘
10:09:51	35.01	--	3	10503	买盘
10:09:48	35.01	--	2	7002	买盘
10:09:36	35.01	--	3	10503	卖盘
10:09:24	35.01	0.01	7	24507	中性盘
10:09:15	35.0	-0.03	3	10500	卖盘
10:09:09	35.03	--	3	10509	买盘
10:08:57	35.03	-0.01	5	17515	卖盘
10:08:51	35.04	--	3	10512	买盘
10:08:48	35.04	--	5	17520	买盘
10:08:45	35.04	--	4	14016	买盘
10:08:15	35.04	-0.06	1	3504	卖盘
10:08:12	35.1	--	5	17550	买盘
10:08:03	35.1	--	1	3510	买盘
10:07:48	35.1	0.06	5	17550	买盘
10:07:36	35.04	-0.06	1	3504	卖盘
10:07:33	35.1	-0.02	4	14040	中性盘
10:07:27	35.12	--	1	3511	买盘
10:07:15	35.12	--	20	70240	买盘
10:07:09	35.12	0.08	4	14047	买盘
10:07:06	35.04	-0.08	1	3504	卖盘
10:07:00	35.12	--	4	14047	买盘
10:06:48	35.12	0.09	2	7023	买盘
10:06:39	35.03	--	5	17515	买盘
10:06:33	35.03	--	3	10509	买盘
10:06:03	35.03	0.03	22	78712	买盘
10:05:57	35.0	--	7	24500	买盘
10:05:54	35.0	--	1	3500	买盘
10:05:51	35.0	0.03	3	10500	买盘
10:05:42	34.97	-0.03	5	17485	卖盘
10:05:33	35.0	--	9	31500	买盘
10:05:27	35.0	--	5	17500	买盘
10:05:12	35.0	0.03	5	17500	买盘
10:05:03	34.97	-0.01	3	10491	卖盘
10:04:48	34.98	--	1	3497	买盘
10:04:45	34.98	-0.02	1	3497	卖盘
10:04:39	35.0	--	3	10500	买盘
10:04:33	35.0	0.01	5	17500	买盘
10:04:27	34.99	-0.01	3	10497	买盘
10:04:15	35.0	--	3	10500	买盘
10:04:03	35.0	--	5	17500	买盘
10:03:54	35.0	--	20	70000	买盘
10:03:39	35.0	--	1	3500	买盘
10:03:30	35.0	--	10	35000	买盘
10:03:21	35.0	--	36	126000	买盘
10:03:12	35.0	--	10	35000	买盘
10:02:57	35.0	0.06	4	14000	买盘
10:02:45	34.94	--	4	13976	买盘
10:02:39	34.94	--	4	13976	买盘
10:02:33	34.94	0.03	3	10482	买盘
10:02:18	34.91	-0.01	1	3490	卖盘
10:02:09	34.92	--	10	34920	买盘
10:02:06	34.92	--	2	6984	买盘
10:02:03	34.92	--	10	34920	买盘
10:02:00	34.92	--	20	69840	买盘
10:01:57	34.92	--	10	34920	买盘
10:01:54	34.92	--	2	6984	买盘
10:01:51	34.92	--	11	38412	买盘
10:01:45	34.92	--	4	13968	买盘
10:01:42	34.92	0.01	1	3492	买盘
10:01:39	34.91	-0.01	2	6981	卖盘
10:01:36	34.92	--	17	59364	卖盘
10:01:27	34.92	0.01	8	27936	买盘
10:01:24	34.91	-0.01	2	6981	卖盘
10:01:21	34.92	--	34	118728	买盘
10:01:15	34.92	0.01	8	27936	买盘
10:01:12	34.91	--	1	3490	卖盘
10:01:09	34.91	-0.01	7	24436	卖盘
10:00:51	34.92	0.01	7	24444	买盘
10:00:45	34.91	--	6	20945	买盘
10:00:36	34.91	--	1	3490	买盘
10:00:33	34.91	--	4	13963	买盘
10:00:27	34.91	-0.01	31	108220	卖盘
10:00:24	34.92	--	13	45396	买盘
10:00:21	34.92	--	5	17460	买盘
10:00:18	34.92	0.01	4	13968	买盘
10:00:12	34.91	-0.01	8	27927	卖盘
10:00:06	34.92	0.01	2	6984	买盘
09:59:57	34.91	-0.01	1	3490	卖盘
09:59:45	34.92	--	6	20952	买盘
09:59:39	34.92	-0.01	9	31428	卖盘
09:59:33	34.93	0.01	1	3493	买盘
09:59:30	34.92	-0.02	26	90792	卖盘
09:59:24	34.94	0.01	4	13976	买盘
09:59:21	34.93	0.01	20	69860	买盘
09:59:18	34.92	-0.01	5	17460	卖盘
09:59:15	34.93	--	19	66367	买盘
09:59:09	34.93	--	2	6986	买盘
09:59:00	34.93	--	1	3493	买盘
09:58:57	34.93	-0.07	28	97804	卖盘
09:58:51	35.0	0.07	4	14000	买盘
09:58:45	34.93	-0.07	4	13972	卖盘
09:58:30	35.0	--	1	3500	买盘
09:58:24	35.0	--	4	14000	买盘
09:58:18	35.0	--	6	21000	买盘
09:58:06	35.0	--	1	3500	买盘
09:58:00	35.0	-0.15	79	278355	卖盘
09:57:54	35.15	0.02	6	21090	买盘
09:57:48	35.13	--	0	1651	买盘
09:57:18	35.13	0.02	5	17565	买盘
09:57:09	35.11	--	2	7022	卖盘
09:56:45	35.11	0.05	2	7022	卖盘
09:56:39	35.06	0.01	37	129722	买盘
09:56:33	35.05	-0.01	17	59584	卖盘
09:56:27	35.06	--	55	192830	买盘
09:56:24	35.06	0.01	3	10518	买盘
09:56:15	35.05	-0.01	4	14019	卖盘
09:56:12	35.06	--	9	31554	买盘
09:56:03	35.06	--	3	10518	买盘
09:55:51	35.06	-0.07	80	280480	卖盘
09:55:42	35.13	--	4	14052	买盘
09:55:36	35.13	--	10	35130	买盘
09:55:33	35.13	--	3	10539	买盘
09:55:24	35.13	--	1	3513	买盘
09:55:21	35.13	0.01	1	3513	买盘
09:55:18	35.12	--	5	17560	卖盘
09:55:15	35.12	-0.01	3	10536	卖盘
09:55:12	35.13	--	13	45669	买盘
09:55:00	35.13	0.01	7	24591	买盘
09:54:57	35.12	-0.01	2	7023	卖盘
09:54:54	35.13	--	4	14052	买盘
09:54:45	35.13	-0.03	1	3513	卖盘
09:54:21	35.16	0.01	8	28127	买盘
09:54:18	35.15	0.02	3	10545	买盘
09:53:36	35.13	-0.03	1	3513	中性盘
09:53:21	35.16	--	5	17580	买盘
09:53:18	35.16	0.06	4	14063	买盘
09:53:15	35.1	-0.06	7	24570	卖盘
09:53:09	35.16	--	4	14063	买盘
09:52:51	35.16	--	5	17580	买盘
09:52:45	35.16	0.06	5	17580	买盘
09:52:42	35.1	-0.06	3	10530	卖盘
09:52:33	35.16	--	1	3515	买盘
09:52:15	35.16	--	3	10547	买盘
09:52:12	35.16	0.01	5	17580	买盘
09:52:09	35.15	--	3	10545	买盘
09:52:06	35.15	-0.01	4	14060	卖盘
09:51:54	35.16	-0.04	1	3515	卖盘
09:51:45	35.2	--	3	10560	买盘
09:51:39	35.2	--	9	31680	买盘
09:50:54	35.2	--	3	10560	买盘
09:50:42	35.2	0.14	7	24640	买盘
09:50:33	35.06	0.01	5	17530	买盘
09:49:57	35.05	-0.01	1	3504	卖盘
09:49:51	35.06	--	4	14024	买盘
09:49:45	35.06	-0.02	9	31554	卖盘
09:49:42	35.08	0.02	3	10524	中性盘
09:49:33	35.06	-0.17	5	17530	中性盘
09:49:18	35.23	0.19	7	24660	买盘
09:49:12	35.04	-0.2	17	59568	中性盘
09:48:36	35.24	0.22	4	14096	买盘
09:48:33	35.02	-0.22	2	7004	卖盘
09:48:30	35.24	--	20	70480	卖盘
09:48:27	35.24	--	2	7048	卖盘
09:48:24	35.24	--	10	35240	卖盘
09:48:21	35.24	-0.01	28	98672	卖盘
09:48:09	35.25	--	1	3525	买盘
09:48:06	35.25	--	4	14100	买盘
09:48:03	35.25	0.01	3	10575	买盘
09:48:00	35.24	--	10	35240	卖盘
09:47:54	35.24	0.04	36	126864	买盘
09:47:48	35.2	--	4	14080	卖盘
09:47:42	35.2	-0.04	5	17600	卖盘
09:47:39	35.24	0.04	5	17620	买盘
09:47:36	35.2	--	4	14080	卖盘
09:47:30	35.2	-0.01	1	3520	卖盘
09:47:18	35.21	0.01	1	3521	中性盘
09:47:15	35.2	-0.04	6	21120	买盘
09:47:12	35.24	0.04	12	42288	买盘
09:47:06	35.2	--	3	10560	买盘
09:47:03	35.2	--	4	14080	买盘
09:47:00	35.2	--	2	7040	买盘
09:46:57	35.2	--	6	21120	买盘
09:46:48	35.2	-0.04	11	38720	卖盘
09:46:42	35.24	--	4	14096	买盘
09:46:39	35.24	0.01	4	14096	买盘
09:46:36	35.23	-0.01	4	14091	卖盘
09:46:30	35.24	--	3	10572	买盘
09:46:12	35.24	--	5	17620	买盘
09:46:06	35.24	--	4	14096	买盘
09:46:03	35.24	--	1	3524	买盘
09:46:00	35.24	--	15	52860	买盘
09:45:57	35.24	--	4	14096	买盘
09:45:45	35.24	0.01	6	21144	买盘
09:45:42	35.23	--	1	3522	买盘
09:45:39	35.23	--	1	3522	买盘
09:45:33	35.23	--	1	3522	买盘
09:45:30	35.23	0.01	7	24660	买盘
09:45:27	35.22	-0.02	1	3522	卖盘
09:45:24	35.24	--	13	45812	买盘
09:45:15	35.24	-0.01	24	84576	卖盘
09:45:12	35.25	--	2	7050	买盘
09:45:09	35.25	--	13	45825	买盘
09:45:06	35.25	-0.04	7	24675	卖盘
09:45:03	35.29	0.01	4	14116	买盘
09:45:00	35.28	--	4	14112	买盘
09:44:57	35.28	0.04	4	14112	买盘
09:44:54	35.24	-0.05	35	123340	卖盘
09:44:51	35.29	0.05	8	28232	买盘
09:44:48	35.24	-0.06	20	70480	卖盘
09:44:45	35.3	0.05	12	42360	买盘
09:44:39	35.25	--	6	21150	卖盘
09:44:36	35.25	-0.05	18	63450	卖盘
09:44:30	35.3	-0.04	7	24709	中性盘
09:44:21	35.34	0.06	9	31806	买盘
09:44:18	35.28	0.03	5	17640	中性盘
09:44:15	35.25	-0.1	1	3525	卖盘
09:44:09	35.35	0.01	29	102515	买盘
09:44:00	35.34	0.1	10	35340	买盘
09:43:57	35.24	-0.1	16	56384	卖盘
09:43:48	35.34	0.09	4	14136	买盘
09:43:45	35.25	-0.05	10	35250	卖盘
09:43:42	35.3	0.02	30	105899	买盘
09:43:36	35.28	--	1	3528	买盘
09:43:33	35.28	0.04	2	7056	买盘
09:43:30	35.24	-0.04	10	35240	卖盘
09:43:21	35.28	--	12	42336	买盘
09:43:18	35.28	0.04	20	70560	买盘
09:43:15	35.24	--	14	49336	买盘
09:43:12	35.24	--	5	17620	买盘
09:43:06	35.24	0.18	2	7048	中性盘
09:42:48	35.06	-0.19	50	175300	卖盘
09:42:45	35.25	0.13	19	66975	买盘
09:42:42	35.12	0.02	4	14047	买盘
09:42:36	35.1	0.11	9	31590	买盘
09:42:18	34.99	-0.01	5	17495	卖盘
09:42:15	35.0	--	1	3500	买盘
09:42:09	35.0	0.01	2	7000	买盘
09:42:06	34.99	-0.01	2	6998	中性盘
09:42:00	35.0	0.01	10	35000	买盘
09:41:48	34.99	0.09	4	13996	买盘
09:41:42	34.9	-0.05	30	104700	中性盘
09:41:27	34.95	0.05	6	20970	买盘
09:41:18	34.9	0.06	20	69800	买盘
09:41:09	34.84	--	10	34840	卖盘
09:41:00	34.84	--	2	6968	卖盘
09:40:48	34.84	--	1	3484	卖盘
09:40:45	34.84	--	6	24283	买盘
09:40:42	34.84	--	10	34840	买盘
09:40:39	34.84	--	4	13936	买盘
09:40:36	34.84	0.01	11	38324	买盘
09:40:33	34.83	-0.01	10	34830	卖盘
09:40:30	34.84	--	12	41808	买盘
09:40:18	34.84	-0.05	15	52260	卖盘
09:40:15	34.89	-0.01	2	6978	中性盘
09:40:00	34.9	0.07	13	45370	买盘
09:39:54	34.83	-0.01	36	125388	卖盘
09:39:51	34.84	-0.05	4	13936	中性盘
09:39:36	34.89	--	24	83736	买盘
09:39:27	34.89	0.06	5	17445	买盘
09:39:24	34.83	-0.03	53	184599	卖盘
09:39:18	34.86	-0.03	5	17430	卖盘
09:39:06	34.89	-0.01	6	20934	卖盘
09:39:03	34.9	0.01	3	10470	买盘
09:38:48	34.89	--	18	62802	买盘
09:38:45	34.89	--	1	3489	买盘
09:38:36	34.89	--	3	10467	卖盘
09:38:21	34.89	0.03	2	6978	买盘
09:38:09	34.86	--	5	17430	卖盘
09:38:00	34.86	-0.02	3	10458	卖盘
09:37:57	34.88	0.02	10	34880	买盘
09:37:54	34.86	--	1	3486	卖盘
09:37:51	34.86	-0.01	25	87150	卖盘
09:37:48	34.87	0.01	1	3486	买盘
09:37:45	34.86	--	27	94122	卖盘
09:37:42	34.86	-0.01	10	34860	卖盘
09:37:30	34.87	--	2	6973	买盘
09:37:21	34.87	0.01	4	13947	买盘
09:37:12	34.86	-0.01	17	59262	卖盘
09:37:06	34.87	0.01	3	10461	买盘
09:37:03	34.86	-0.02	7	24402	卖盘
09:37:00	34.88	0.02	7	24416	买盘
09:36:57	34.86	--	7	24402	卖盘
09:36:39	34.86	-0.02	14	48804	卖盘
09:36:30	34.88	--	10	34880	买盘
09:36:24	34.88	0.02	2	6976	买盘
09:36:21	34.86	0.03	6	20916	中性盘
09:36:12	34.83	-0.05	2	6966	卖盘
09:36:06	34.88	0.05	5	17440	买盘
09:36:00	34.83	0.01	10	34830	买盘
09:35:57	34.82	-0.01	3	10446	卖盘
09:35:51	34.83	--	10	34830	卖盘
09:35:45	34.83	--	11	38313	卖盘
09:35:36	34.83	-0.07	2	6966	卖盘
09:35:21	34.9	0.01	10	34900	买盘
09:35:15	34.89	--	1	3593	卖盘
09:35:06	34.89	-0.01	3	10467	卖盘
09:35:00	34.9	--	2	6980	买盘
09:34:51	34.9	0.01	2	6980	买盘
09:34:45	34.89	-0.01	30	104670	卖盘
09:34:42	34.9	0.01	8	27920	买盘
09:34:39	34.89	--	40	139560	卖盘
09:34:36	34.89	--	5	17445	卖盘
09:34:27	34.89	--	19	69675	卖盘
09:34:03	34.89	--	1	3489	卖盘
09:34:00	34.89	--	2	6978	卖盘
09:33:57	34.89	-0.01	2	6978	卖盘
09:33:54	34.9	0.01	1	3490	买盘
09:33:51	34.89	--	2	6978	卖盘
09:33:33	34.89	--	7	24423	卖盘
09:33:24	34.89	--	14	48846	卖盘
09:33:03	34.89	--	10	34890	卖盘
09:32:57	34.89	--	2	6978	卖盘
09:32:54	34.89	0.01	15	52335	买盘
09:32:51	34.88	--	3	10464	买盘
09:32:48	34.88	0.07	22	76736	买盘
09:32:45	34.81	-0.07	34	118354	卖盘
09:32:39	34.88	--	2	6976	卖盘
09:32:36	34.88	0.06	3	10464	买盘
09:32:30	34.82	--	3	10446	买盘
09:32:18	34.82	0.01	3	10446	中性盘
09:32:06	34.81	--	3	10443	卖盘
09:32:03	34.81	--	4	13924	卖盘
09:31:54	34.81	--	3	10443	卖盘
09:31:51	34.81	-0.09	3	10443	卖盘
09:31:45	34.9	0.09	2	6980	买盘
09:31:36	34.81	-0.09	3	10443	卖盘
09:31:30	34.9	--	3	10470	卖盘
09:31:12	34.9	-0.11	2	6980	卖盘
09:31:03	35.01	--	8	28008	买盘
09:31:00	35.01	--	3	10503	卖盘
09:30:57	35.01	-0.01	2	7002	卖盘
09:30:48	35.02	-0.08	20	70040	中性盘
09:30:36	35.1	--	1	3510	卖盘
09:30:24	35.1	0.09	4	14040	中性盘
09:30:09	35.01	0.02	2	7002	卖盘
09:30:06	34.99	0.19	4	13996	买盘
09:30:03	34.8	-0.19	51	177480	卖盘
09:30:00	34.99	--	0	0	卖盘
09:25:03	34.99	34.99	33	115467	买盘
