成交时间	成交价	价格变动	成交量(手)	成交额(元)	性质
15:00:03	29.35	--	647	1898945	卖盘
14:57:00	29.35	--	7	20545	卖盘
14:56:57	29.35	-0.01	1	2935	卖盘
14:56:54	29.36	--	24	70464	买盘
14:56:51	29.36	0.01	6	17616	买盘
14:56:48	29.35	-0.01	6	17610	卖盘
14:56:45	29.36	--	13	38168	买盘
14:56:42	29.36	--	4	11744	买盘
14:56:39	29.36	--	3	8808	买盘
14:56:36	29.36	-0.02	78	229008	卖盘
14:56:33	29.38	0.02	28	82264	买盘
14:56:30	29.36	--	4	11744	卖盘
14:56:27	29.36	0.01	65	190840	买盘
14:56:21	29.35	-0.01	4	11740	买盘
14:56:18	29.36	0.01	113	331768	买盘
14:56:15	29.35	-0.01	188	551780	卖盘
14:56:12	29.36	--	1	2936	买盘
14:56:09	29.36	--	11	32296	买盘
14:56:06	29.36	--	6	17616	买盘
14:56:03	29.36	-0.01	251	736936	卖盘
14:56:00	29.37	--	94	276078	买盘
14:55:54	29.37	0.01	4	11748	买盘
14:55:51	29.36	--	5	14680	卖盘
14:55:48	29.36	0.01	23	67528	买盘
14:55:45	29.35	-0.01	1	2935	卖盘
14:55:39	29.36	0.04	5	14680	买盘
14:55:33	29.32	-0.04	69	202308	卖盘
14:55:27	29.36	--	2	5872	买盘
14:55:24	29.36	--	3	8808	买盘
14:55:21	29.36	0.04	3	8808	买盘
14:55:18	29.32	--	1	2932	卖盘
14:55:15	29.32	-0.01	50	146600	卖盘
14:55:12	29.33	-0.02	10	29330	卖盘
14:55:09	29.35	0.03	7	20545	买盘
14:55:03	29.32	-0.01	20	58640	卖盘
14:55:00	29.33	--	7	20531	买盘
14:54:57	29.33	--	3	8799	买盘
14:54:54	29.33	0.01	4	11732	买盘
14:54:51	29.32	--	3	8796	卖盘
14:54:48	29.32	--	25	73300	卖盘
14:54:45	29.32	--	11	32252	买盘
14:54:42	29.32	0.01	83	243356	买盘
14:54:39	29.31	--	4	12105	卖盘
14:54:36	29.31	-0.01	1	2931	卖盘
14:54:33	29.32	--	56	164192	买盘
14:54:30	29.32	0.01	25	73300	买盘
14:54:27	29.31	--	35	102585	卖盘
14:54:24	29.31	--	1	2931	卖盘
14:54:21	29.31	-0.01	21	61551	卖盘
14:54:18	29.32	--	6	17592	买盘
14:54:15	29.32	0.01	1	2932	买盘
14:54:09	29.31	-0.01	19	55689	卖盘
14:54:06	29.32	0.01	5	14660	买盘
14:54:03	29.31	-0.01	3	8793	卖盘
14:54:00	29.32	0.01	1	2932	买盘
14:53:57	29.31	--	13	38103	卖盘
14:53:54	29.31	-0.01	57	167067	卖盘
14:53:48	29.32	--	15	43980	买盘
14:53:45	29.32	0.01	9	26388	买盘
14:53:39	29.31	--	41	120171	卖盘
14:53:36	29.31	--	25	73275	卖盘
14:53:30	29.31	-0.01	20	58620	卖盘
14:53:27	29.32	--	20	58640	买盘
14:53:18	29.32	0.01	10	29320	买盘
14:53:15	29.31	--	37	108447	卖盘
14:53:12	29.31	-0.01	20	58620	卖盘
14:53:09	29.32	0.01	8	23456	买盘
14:53:06	29.31	-0.01	57	167067	卖盘
14:52:57	29.32	--	89	260948	买盘
14:52:51	29.32	--	91	266812	买盘
14:52:48	29.32	0.01	13	38116	买盘
14:52:45	29.31	-0.01	18	52758	卖盘
14:52:39	29.32	--	20	58640	买盘
14:52:36	29.32	--	5	14660	买盘
14:52:33	29.32	--	7	20524	买盘
14:52:30	29.32	--	36	105552	卖盘
14:52:27	29.32	-0.01	30	87960	卖盘
14:52:24	29.33	0.01	6	17598	买盘
14:52:18	29.32	-0.01	21	61572	卖盘
14:52:15	29.33	--	2	5866	卖盘
14:52:12	29.33	0.01	3	8799	中性盘
14:52:09	29.32	--	90	263880	卖盘
14:52:06	29.32	-0.01	20	58640	卖盘
14:52:03	29.33	0.01	66	193578	买盘
14:51:51	29.32	-0.01	33	96756	卖盘
14:51:48	29.33	0.01	6	17598	买盘
14:51:45	29.32	-0.01	9	26388	卖盘
14:51:42	29.33	0.01	2	5866	买盘
14:51:39	29.32	--	50	146600	卖盘
14:51:33	29.32	0.01	30	87960	买盘
14:51:30	29.31	--	11	32241	卖盘
14:51:21	29.31	-0.02	1	2931	卖盘
14:51:18	29.33	0.01	32	93856	买盘
14:51:15	29.32	--	20	58640	买盘
14:51:12	29.32	--	20	58640	卖盘
14:51:06	29.32	--	9	26388	卖盘
14:50:57	29.32	-0.02	14	41048	卖盘
14:50:51	29.34	0.01	10	29340	买盘
14:50:48	29.33	--	12	35196	卖盘
14:50:45	29.33	0.03	1	2933	卖盘
14:50:33	29.3	-0.06	138	404340	卖盘
14:50:30	29.36	--	5	14680	买盘
14:50:24	29.36	--	249	731064	买盘
14:50:21	29.36	--	5	14680	买盘
14:50:15	29.36	0.04	4	11744	买盘
14:50:12	29.32	-0.04	17	49844	卖盘
14:50:09	29.36	--	10	29360	买盘
14:50:06	29.36	-0.01	2	5872	中性盘
14:49:51	29.37	0.06	5	14685	中性盘
14:49:48	29.31	-0.07	411	1204641	卖盘
14:49:42	29.38	--	2	5876	买盘
14:49:39	29.38	0.01	2	5876	买盘
14:49:36	29.37	-0.01	2	5874	卖盘
14:49:33	29.38	--	5	14690	买盘
14:49:27	29.38	0.01	18	52884	买盘
14:49:24	29.37	--	22	64614	卖盘
14:49:15	29.37	--	8	24054	买盘
14:49:09	29.37	--	21	64055	卖盘
14:49:03	29.37	-0.01	7	20559	卖盘
14:48:51	29.38	0.01	2	5876	买盘
14:48:45	29.37	--	5	14685	卖盘
14:48:42	29.37	0.02	19	56361	买盘
14:48:39	29.35	-0.01	27	79245	卖盘
14:48:36	29.36	--	39	114504	买盘
14:48:33	29.36	0.01	7	20552	买盘
14:48:30	29.35	-0.01	23	67505	卖盘
14:48:27	29.36	--	66	193776	买盘
14:48:24	29.36	0.01	25	73400	买盘
14:48:21	29.35	-0.01	5	14675	卖盘
14:48:18	29.36	--	6	17616	买盘
14:48:15	29.36	--	2	5872	买盘
14:48:06	29.36	--	1	2936	买盘
14:48:03	29.36	0.01	1	2936	买盘
14:48:00	29.35	-0.01	5	14675	卖盘
14:47:54	29.36	0.01	40	117440	买盘
14:47:51	29.35	--	5	14675	卖盘
14:47:42	29.35	--	7	20545	卖盘
14:47:39	29.35	--	40	117400	卖盘
14:47:36	29.35	-0.01	6	17610	卖盘
14:47:30	29.36	0.01	11	32296	买盘
14:47:27	29.35	-0.01	3	8805	卖盘
14:47:24	29.36	0.01	145	425720	买盘
14:47:21	29.35	--	26	76310	卖盘
14:47:18	29.35	--	12	35220	卖盘
14:47:12	29.35	--	138	405030	买盘
14:47:09	29.35	0.01	8	23480	买盘
14:47:00	29.34	-0.01	10	29340	卖盘
14:46:57	29.35	0.01	1	2935	买盘
14:46:51	29.34	--	22	64548	卖盘
14:46:48	29.34	-0.01	2	5868	卖盘
14:46:45	29.35	0.01	1	2935	中性盘
14:46:39	29.34	-0.02	111	325674	卖盘
14:46:36	29.36	--	2	5872	买盘
14:46:33	29.36	--	17	49912	买盘
14:46:30	29.36	0.01	10	29360	买盘
14:46:24	29.35	-0.01	14	41090	卖盘
14:46:21	29.36	0.01	6	17616	买盘
14:46:18	29.35	--	31	90985	卖盘
14:46:15	29.35	-0.01	1	2935	卖盘
14:46:12	29.36	0.01	8	23488	买盘
14:46:09	29.35	--	6	17610	卖盘
14:46:06	29.35	--	35	102725	卖盘
14:46:03	29.35	--	25	73375	卖盘
14:46:00	29.35	--	14	41090	卖盘
14:45:57	29.35	-0.01	7	20545	卖盘
14:45:54	29.36	0.01	129	380946	买盘
14:45:51	29.35	--	23	67505	卖盘
14:45:48	29.35	-0.01	2	5870	卖盘
14:45:45	29.36	0.01	21	61656	买盘
14:45:42	29.35	-0.01	51	149685	卖盘
14:45:36	29.36	0.01	5	14680	买盘
14:45:33	29.35	-0.01	1	2935	卖盘
14:45:27	29.36	--	4	11744	买盘
14:45:24	29.36	--	1	2936	买盘
14:45:21	29.36	-0.01	62	184410	卖盘
14:45:18	29.37	--	3	8811	买盘
14:45:15	29.37	-0.01	6	17622	卖盘
14:45:12	29.38	-0.01	5	14690	中性盘
14:45:03	29.39	0.03	1	2939	买盘
14:45:00	29.36	-0.02	194	570141	卖盘
14:44:57	29.38	--	1	2938	卖盘
14:44:54	29.38	-0.01	7	20566	卖盘
14:44:39	29.39	-0.01	48	141072	卖盘
14:44:36	29.4	--	8	23520	买盘
14:44:33	29.4	--	50	149557	卖盘
14:44:30	29.4	-0.01	207	608962	卖盘
14:44:24	29.41	--	20	61025	卖盘
14:44:18	29.41	--	29	87494	卖盘
14:44:09	29.41	--	12	36762	卖盘
14:44:06	29.41	-0.01	39	114699	卖盘
14:44:03	29.42	0.01	5	14710	买盘
14:44:00	29.41	-0.02	2	5882	卖盘
14:43:57	29.43	--	2	5886	买盘
14:43:54	29.43	-0.01	2	5886	买盘
14:43:51	29.44	-0.01	20	58880	中性盘
14:43:42	29.45	0.01	17	50065	买盘
14:43:39	29.44	-0.01	12	35328	卖盘
14:43:30	29.45	-0.01	34	100130	卖盘
14:43:24	29.46	--	57	167922	买盘
14:43:21	29.46	--	17	50082	卖盘
14:43:18	29.46	--	20	61188	卖盘
14:43:09	29.46	-0.01	50	147977	卖盘
14:43:03	29.47	0.01	1	2947	买盘
14:42:57	29.46	--	6	17676	卖盘
14:42:54	29.46	--	1	2946	卖盘
14:42:45	29.46	--	12	35352	卖盘
14:42:42	29.46	-0.01	28	82488	卖盘
14:42:39	29.47	-0.01	7	20629	卖盘
14:42:33	29.48	--	1	2948	买盘
14:42:24	29.48	0.01	5	14740	买盘
14:42:15	29.47	-0.01	10	29470	卖盘
14:42:12	29.48	0.01	1	2948	卖盘
14:41:51	29.47	--	2	5894	买盘
14:41:48	29.47	--	5	14735	买盘
14:41:45	29.47	-0.01	10	29470	中性盘
14:41:39	29.48	--	6	17688	买盘
14:41:36	29.48	-0.02	41	120956	卖盘
14:41:33	29.5	0.03	7	20650	买盘
14:41:30	29.47	-0.03	1	2947	卖盘
14:41:24	29.5	0.03	84	250661	买盘
14:41:21	29.47	-0.01	16	47152	卖盘
14:41:15	29.48	--	3	8844	卖盘
14:41:12	29.48	-0.02	1	2948	卖盘
14:41:09	29.5	--	2	5900	买盘
14:41:03	29.5	0.02	25	73750	买盘
14:41:00	29.48	-0.02	2	5896	中性盘
14:40:48	29.5	0.03	13	38350	买盘
14:40:45	29.47	-0.01	28	82516	卖盘
14:40:36	29.48	--	1	2948	卖盘
14:40:33	29.48	-0.02	5	14740	卖盘
14:40:30	29.5	0.02	5	14750	买盘
14:40:27	29.48	-0.02	10	29480	卖盘
14:40:12	29.5	0.02	36	106200	买盘
14:40:06	29.48	-0.02	12	35376	卖盘
14:40:03	29.5	0.04	1	2950	买盘
14:39:48	29.46	--	14	41244	卖盘
14:39:45	29.46	--	2	5892	卖盘
14:39:42	29.46	--	2	5892	卖盘
14:39:30	29.46	-0.01	28	82488	卖盘
14:39:21	29.47	--	4	11788	买盘
14:39:18	29.47	-0.01	2	5894	卖盘
14:39:15	29.48	--	2	5896	买盘
14:39:06	29.48	--	6	17688	买盘
14:39:03	29.48	0.02	12	35376	买盘
14:38:51	29.46	--	15	44190	买盘
14:38:48	29.46	0.01	4	11784	买盘
14:38:39	29.45	-0.01	4	11780	卖盘
14:38:36	29.46	0.01	10	29460	买盘
14:38:30	29.45	--	18	53010	买盘
14:38:27	29.45	0.04	3	8835	买盘
14:38:21	29.41	-0.03	15	44115	卖盘
14:38:12	29.44	--	5	14720	卖盘
14:38:09	29.44	0.03	4	13336	买盘
14:38:06	29.41	0.01	10	29410	中性盘
14:37:54	29.4	--	30	88200	卖盘
14:37:51	29.4	0.01	22	64680	买盘
14:37:42	29.39	--	6	17634	买盘
14:37:39	29.39	-0.01	3	8817	中性盘
14:37:33	29.4	0.01	5	14700	买盘
14:37:30	29.39	--	3	8817	卖盘
14:37:27	29.39	-0.01	21	61719	卖盘
14:37:24	29.4	--	1	2940	买盘
14:37:21	29.4	-0.01	50	147000	卖盘
14:37:18	29.41	-0.02	10	29410	卖盘
14:37:09	29.43	--	1	2943	卖盘
14:37:06	29.43	--	2	5886	卖盘
14:37:03	29.43	--	3	8829	卖盘
14:37:00	29.43	-0.01	1	2943	卖盘
14:36:57	29.44	0.01	12	35328	买盘
14:36:54	29.43	-0.01	32	94176	卖盘
14:36:45	29.44	-0.01	5	14720	卖盘
14:36:42	29.45	--	2	5890	买盘
14:36:39	29.45	-0.01	13	38285	卖盘
14:36:36	29.46	--	6	17676	买盘
14:36:33	29.46	--	28	82488	卖盘
14:36:24	29.46	--	10	29460	卖盘
14:36:18	29.46	--	2	5892	卖盘
14:36:15	29.46	-0.01	20	58920	卖盘
14:36:12	29.47	-0.02	28	82516	卖盘
14:36:09	29.49	--	43	126807	卖盘
14:36:06	29.49	--	68	200532	卖盘
14:36:00	29.49	-0.02	58	171042	卖盘
14:35:57	29.51	0.02	50	147550	买盘
14:35:54	29.49	-0.01	65	193071	卖盘
14:35:48	29.5	-0.01	77	227150	卖盘
14:35:45	29.51	--	12	35412	卖盘
14:35:42	29.51	--	68	200668	卖盘
14:35:39	29.51	0.01	3	8853	中性盘
14:35:30	29.5	--	35	103250	卖盘
14:35:27	29.5	-0.01	19	56050	卖盘
14:35:24	29.51	--	2	5902	买盘
14:35:15	29.51	--	9	26559	卖盘
14:35:12	29.51	--	1	2951	中性盘
14:35:09	29.51	0.01	8	23608	买盘
14:35:03	29.5	-0.02	10	29500	卖盘
14:35:00	29.52	0.01	1	2952	买盘
14:34:51	29.51	0.01	7	20657	买盘
14:34:48	29.5	-0.01	1	2950	卖盘
14:34:45	29.51	--	16	47216	买盘
14:34:39	29.51	0.01	6	17706	买盘
14:34:36	29.5	--	30	88500	卖盘
14:34:30	29.5	--	6	17700	卖盘
14:34:27	29.5	--	2	5900	卖盘
14:34:21	29.5	--	10	29500	卖盘
14:34:15	29.5	--	1	2950	卖盘
14:34:12	29.5	-0.01	1	2950	卖盘
14:34:09	29.51	--	19	56069	卖盘
14:34:03	29.51	0.01	1	2951	中性盘
14:33:54	29.5	-0.01	100	295000	卖盘
14:33:48	29.51	0.01	6	17912	买盘
14:33:42	29.5	-0.01	7	20650	卖盘
14:33:39	29.51	--	6	17706	买盘
14:33:36	29.51	--	5	14755	买盘
14:33:33	29.51	--	29	86936	买盘
14:33:30	29.51	--	43	126893	买盘
14:33:27	29.51	--	32	97176	卖盘
14:33:24	29.51	--	14	41314	卖盘
14:33:18	29.51	-0.01	3	8853	卖盘
14:33:12	29.52	0.01	5	14760	卖盘
14:33:06	29.51	--	14	41314	卖盘
14:33:03	29.51	--	14	41314	卖盘
14:32:54	29.51	--	14	44087	卖盘
14:32:51	29.51	--	5	14755	卖盘
14:32:45	29.51	-0.01	13	38363	卖盘
14:32:42	29.52	--	19	58685	买盘
14:32:39	29.52	0.01	2	5904	买盘
14:32:33	29.51	-0.01	14	43527	卖盘
14:32:30	29.52	0.01	15	44280	买盘
14:32:27	29.51	--	2	5902	卖盘
14:32:24	29.51	-0.01	29	87054	卖盘
14:32:12	29.52	-0.01	35	103320	卖盘
14:32:09	29.53	--	24	70872	买盘
14:32:06	29.53	--	44	129932	买盘
14:32:03	29.53	--	51	150603	买盘
14:32:00	29.53	-0.02	10	29530	卖盘
14:31:57	29.55	0.02	82	242310	买盘
14:31:51	29.53	--	52	153556	卖盘
14:31:48	29.53	--	1	2953	买盘
14:31:42	29.53	-0.02	9	26577	卖盘
14:31:33	29.55	0.02	15	44325	买盘
14:31:27	29.53	--	4	11812	卖盘
14:31:24	29.53	--	3	8859	卖盘
14:31:21	29.53	--	2	5906	卖盘
14:31:18	29.53	-0.01	13	38389	卖盘
14:31:12	29.54	--	6	17724	买盘
14:31:09	29.54	--	3	8862	卖盘
14:31:06	29.54	-0.01	1	2954	卖盘
14:31:03	29.55	--	2	5910	买盘
14:31:00	29.55	--	56	165480	卖盘
14:30:57	29.55	--	5	14775	卖盘
14:30:54	29.55	-0.01	1	2955	卖盘
14:30:48	29.56	0.01	12	35472	买盘
14:30:45	29.55	-0.03	33	97515	卖盘
14:30:39	29.58	--	64	189312	买盘
14:30:33	29.58	0.02	58	171564	买盘
14:30:30	29.56	--	4	11824	卖盘
14:30:27	29.56	--	4	11824	卖盘
14:30:24	29.56	-0.02	1	2956	卖盘
14:30:09	29.58	--	4	11832	买盘
14:30:03	29.58	0.02	2	5916	买盘
14:29:57	29.56	-0.02	4	11824	卖盘
14:29:51	29.58	0.02	10	29580	买盘
14:29:45	29.56	--	2	5912	卖盘
14:29:42	29.56	--	3	8868	卖盘
14:29:39	29.56	-0.02	3	8868	卖盘
14:29:33	29.58	0.02	5	14790	买盘
14:29:21	29.56	--	28	82768	卖盘
14:29:09	29.56	0.01	33	97548	买盘
14:29:00	29.55	-0.01	100	295500	卖盘
14:28:57	29.56	--	10	29560	买盘
14:28:48	29.56	--	9	26604	卖盘
14:28:45	29.56	-0.02	1	2956	卖盘
14:28:42	29.58	0.02	17	50286	买盘
14:28:39	29.56	--	38	112328	卖盘
14:28:30	29.56	--	5	14780	卖盘
14:28:18	29.56	--	5	14780	卖盘
14:28:06	29.56	--	5	14780	卖盘
14:28:00	29.56	--	2	5912	卖盘
14:27:54	29.56	0.01	57	168492	买盘
14:27:51	29.55	--	1	2955	卖盘
14:27:48	29.55	--	12	35460	卖盘
14:27:42	29.55	-0.01	13	38415	卖盘
14:27:30	29.56	--	3	8868	买盘
14:27:21	29.56	0.01	3	8868	买盘
14:27:12	29.55	--	2	5910	卖盘
14:26:57	29.55	--	133	393015	卖盘
14:26:54	29.55	--	9	26595	买盘
14:26:51	29.55	--	10	29550	买盘
14:26:48	29.55	--	5	14775	买盘
14:26:42	29.55	--	2	5910	买盘
14:26:33	29.55	0.01	48	141840	买盘
14:26:24	29.54	-0.01	42	124068	卖盘
14:26:21	29.55	0.01	4	11820	买盘
14:26:18	29.54	--	46	135884	卖盘
14:26:12	29.54	--	2	5908	卖盘
14:26:09	29.54	-0.01	2	5908	卖盘
14:26:03	29.55	0.02	15	44325	买盘
14:25:57	29.53	--	1	2953	卖盘
14:25:45	29.53	0.01	9	26577	买盘
14:25:42	29.52	--	1	2952	卖盘
14:25:39	29.52	--	5	14760	卖盘
14:25:36	29.52	0.01	2	5904	买盘
14:25:30	29.51	--	14	41314	卖盘
14:25:27	29.51	-0.01	11	32461	卖盘
14:25:24	29.52	--	7	20664	买盘
14:25:18	29.52	--	4	11808	买盘
14:25:09	29.52	-0.01	10	29520	中性盘
14:24:42	29.53	0.02	10	29530	买盘
14:24:39	29.51	0.01	25	73775	中性盘
14:24:33	29.5	-0.03	1	2950	卖盘
14:24:30	29.53	0.02	18	53154	买盘
14:24:27	29.51	--	12	35412	卖盘
14:24:18	29.51	--	1	2951	卖盘
14:24:15	29.51	-0.03	1	2951	卖盘
14:24:12	29.54	0.03	1	2954	买盘
14:24:09	29.51	-0.04	54	159354	卖盘
14:23:54	29.55	-0.01	129	381195	卖盘
14:23:51	29.56	--	14	41384	买盘
14:23:45	29.56	--	2	5912	卖盘
14:23:42	29.56	-0.01	1	2956	卖盘
14:23:39	29.57	--	53	156721	买盘
14:23:33	29.57	--	4	11828	买盘
14:23:30	29.57	-0.05	86	254302	卖盘
14:23:27	29.62	0.01	26	77012	买盘
14:23:21	29.61	--	1	2961	卖盘
14:23:18	29.61	0.03	10	29610	买盘
14:23:09	29.58	--	1	2958	买盘
14:23:06	29.58	--	1	2958	买盘
14:23:03	29.58	--	33	97614	买盘
14:22:57	29.58	--	7	20706	买盘
14:22:51	29.58	-0.02	8	23664	卖盘
14:22:45	29.6	0.02	44	130240	买盘
14:22:42	29.58	--	20	59160	卖盘
14:22:36	29.58	--	2	5916	买盘
14:22:30	29.58	0.01	1	2958	买盘
14:22:24	29.57	--	5	14785	买盘
14:22:21	29.57	--	2	5914	买盘
14:22:18	29.57	--	3	8871	买盘
14:22:06	29.57	--	42	124194	买盘
14:22:03	29.57	--	1	2957	买盘
14:22:00	29.57	--	18	53226	买盘
14:21:48	29.57	--	2	5914	买盘
14:21:45	29.57	--	13	38441	卖盘
14:21:33	29.57	--	49	144893	买盘
14:21:30	29.57	--	1	2957	买盘
14:21:27	29.57	0.02	10	29570	买盘
14:21:15	29.55	--	8	23640	买盘
14:21:12	29.55	--	2	5910	买盘
14:21:03	29.55	0.01	2	5910	买盘
14:20:51	29.54	0.02	101	298354	买盘
14:20:48	29.52	-0.02	169	498888	卖盘
14:20:42	29.54	0.01	3	8862	买盘
14:20:33	29.53	-0.01	3	8859	卖盘
14:20:30	29.54	-0.01	43	127022	卖盘
14:20:27	29.55	--	4	11820	买盘
14:20:21	29.55	--	3	8865	买盘
14:20:18	29.55	0.02	4	11820	买盘
14:20:03	29.53	--	2	5906	卖盘
14:20:00	29.53	--	10	29530	卖盘
14:19:54	29.53	--	10	29530	买盘
14:19:51	29.53	--	22	64966	买盘
14:19:48	29.53	--	17	50201	买盘
14:19:45	29.53	0.01	3	8859	买盘
14:19:39	29.52	-0.01	27	79704	卖盘
14:19:36	29.53	0.01	5	14765	买盘
14:19:30	29.52	--	8	23616	买盘
14:19:27	29.52	--	13	38376	买盘
14:19:24	29.52	--	3	8856	卖盘
14:19:21	29.52	--	58	171216	卖盘
14:19:18	29.52	-0.01	1	2952	卖盘
14:19:15	29.53	0.01	2	5906	买盘
14:19:09	29.52	0.01	1	2952	卖盘
14:19:06	29.51	-0.01	28	82628	卖盘
14:19:03	29.52	0.01	29	85608	买盘
14:18:57	29.51	--	30	88530	卖盘
14:18:54	29.51	--	6	17706	卖盘
14:18:51	29.51	--	3	8853	卖盘
14:18:42	29.51	-0.01	27	79677	卖盘
14:18:39	29.52	0.01	32	94464	买盘
14:18:36	29.51	0.01	3	8853	买盘
14:18:30	29.5	--	170	501500	卖盘
14:18:27	29.5	-0.01	53	156350	卖盘
14:18:24	29.51	--	4	11804	买盘
14:18:21	29.51	--	24	70824	卖盘
14:18:15	29.51	-0.01	10	29510	卖盘
14:18:12	29.52	0.01	2	5904	买盘
14:18:06	29.51	--	28	82628	卖盘
14:18:03	29.51	--	1	2951	卖盘
14:18:00	29.51	--	10	29510	卖盘
14:17:57	29.51	--	1	2951	卖盘
14:17:54	29.51	--	1	2951	卖盘
14:17:51	29.51	--	36	106236	卖盘
14:17:48	29.51	-0.02	32	94432	卖盘
14:17:45	29.53	--	2	5906	买盘
14:17:42	29.53	--	7	20671	买盘
14:17:36	29.53	0.01	15	44295	买盘
14:17:33	29.52	-0.01	37	109224	卖盘
14:17:18	29.53	-0.05	2	5906	卖盘
14:17:15	29.58	-0.01	7	20706	卖盘
14:17:06	29.59	--	26	76934	卖盘
14:17:03	29.59	-0.01	5	14795	卖盘
14:16:51	29.6	--	5	14800	买盘
14:16:48	29.6	--	39	115440	卖盘
14:16:36	29.6	--	1	2960	卖盘
14:16:30	29.6	--	10	29600	卖盘
14:16:27	29.6	--	7	20720	卖盘
14:16:18	29.6	--	15	44400	卖盘
14:16:12	29.6	-0.02	10	29600	卖盘
14:16:06	29.62	0.02	1	2962	买盘
14:16:03	29.6	-0.01	31	91760	卖盘
14:15:54	29.61	-0.01	7	20727	卖盘
14:15:51	29.62	0.01	9	26658	买盘
14:15:48	29.61	--	2	5922	卖盘
14:15:45	29.61	-0.01	4	11844	卖盘
14:15:30	29.62	-0.01	77	230473	卖盘
14:15:27	29.63	0.01	32	94816	买盘
14:15:21	29.62	-0.01	4	11848	卖盘
14:15:18	29.63	0.01	6	18340	买盘
14:14:42	29.62	0.01	3	8886	买盘
14:14:39	29.61	--	10	29610	买盘
14:14:36	29.61	--	7	20727	买盘
14:14:33	29.61	-0.01	33	97713	卖盘
14:14:24	29.62	--	3	8886	买盘
14:14:21	29.62	-0.01	5	14810	卖盘
14:14:18	29.63	0.01	3	8889	买盘
14:14:12	29.62	--	1	2962	卖盘
14:14:09	29.62	-0.01	1	2962	卖盘
14:14:06	29.63	0.01	20	59260	买盘
14:14:03	29.62	-0.01	12	35544	卖盘
14:13:54	29.63	--	20	59260	买盘
14:13:48	29.63	--	4	11852	买盘
14:13:42	29.63	0.01	5	14815	买盘
14:13:36	29.62	--	19	56278	卖盘
14:13:33	29.62	-0.01	14	41468	卖盘
14:13:30	29.63	--	24	71112	买盘
14:13:27	29.63	--	18	53334	买盘
14:13:24	29.63	--	7	20741	买盘
14:13:21	29.63	0.02	21	62223	买盘
14:13:15	29.61	-0.01	5	14805	卖盘
14:13:12	29.62	0.01	1	2962	中性盘
14:13:03	29.61	-0.02	15	44415	卖盘
14:13:00	29.63	0.01	4	11852	买盘
14:12:57	29.62	--	30	88860	买盘
14:12:54	29.62	-0.01	5	14810	买盘
14:12:48	29.63	--	3	8889	买盘
14:12:45	29.63	0.02	4	11852	买盘
14:12:42	29.61	--	4	11844	卖盘
14:12:39	29.61	--	10	29610	中性盘
14:12:27	29.61	0.01	10	29610	买盘
14:12:09	29.6	--	55	162800	买盘
14:12:06	29.6	0.02	49	145040	买盘
14:12:03	29.58	-0.02	2	5916	卖盘
14:12:00	29.6	--	2	5920	买盘
14:11:51	29.6	--	13	38480	买盘
14:11:48	29.6	--	39	115440	卖盘
14:11:45	29.6	-0.01	22	65120	卖盘
14:11:42	29.61	--	15	44415	买盘
14:11:39	29.61	-0.02	7	20727	卖盘
14:11:36	29.63	--	1	2963	买盘
14:11:33	29.63	-0.03	11	32593	卖盘
14:11:30	29.66	-0.01	2	5932	卖盘
14:11:27	29.67	0.01	64	189888	买盘
14:11:24	29.66	-0.01	61	180926	卖盘
14:11:15	29.67	-0.02	10	29670	卖盘
14:11:09	29.69	-0.04	93	276117	卖盘
14:11:06	29.73	--	27	80271	卖盘
14:11:03	29.73	-0.01	9	26757	卖盘
14:11:00	29.74	--	10	29740	买盘
14:10:57	29.74	0.01	2	5948	买盘
14:10:54	29.73	-0.01	3	8919	卖盘
14:10:51	29.74	0.01	8	23792	买盘
14:10:39	29.73	0.02	30	89190	买盘
14:10:33	29.71	--	16	47536	卖盘
14:10:30	29.71	-0.02	5	14855	卖盘
14:10:18	29.73	0.01	2	5946	买盘
14:10:15	29.72	--	1	2972	卖盘
14:10:12	29.72	-0.02	16	47552	卖盘
14:10:09	29.74	--	47	139778	买盘
14:10:03	29.74	-0.01	5	14870	卖盘
14:10:00	29.75	--	2	5950	买盘
14:09:54	29.75	-0.05	48	142800	卖盘
14:09:51	29.8	--	20	59600	买盘
14:09:48	29.8	0.04	4	11920	买盘
14:09:45	29.76	--	8	23808	卖盘
14:09:36	29.76	-0.04	5	14880	卖盘
14:09:33	29.8	--	2	5960	买盘
14:09:30	29.8	0.05	3	8940	买盘
14:09:27	29.75	-0.07	16	47600	卖盘
14:09:24	29.82	0.01	21	62622	买盘
14:09:21	29.81	0.02	152	453112	买盘
14:09:18	29.79	-0.01	10	29790	卖盘
14:09:15	29.8	--	54	160920	买盘
14:09:12	29.8	--	19	56620	买盘
14:09:09	29.8	--	22	65560	买盘
14:09:06	29.8	-0.01	15	44700	卖盘
14:09:03	29.81	0.01	17	50677	买盘
14:09:00	29.8	-0.01	48	143040	卖盘
14:08:57	29.81	--	8	23848	买盘
14:08:54	29.81	0.01	56	166936	买盘
14:08:51	29.8	-0.01	76	226480	卖盘
14:08:48	29.81	0.01	24	71544	买盘
14:08:45	29.8	-0.01	18	53640	卖盘
14:08:42	29.81	--	10	29810	买盘
14:08:39	29.81	0.01	6	17886	买盘
14:08:36	29.8	--	26	77480	卖盘
14:08:33	29.8	--	10	29800	卖盘
14:08:30	29.8	--	122	363560	买盘
14:08:27	29.8	0.01	85	253300	买盘
14:08:24	29.79	-0.01	45	134055	卖盘
14:08:21	29.8	--	5	14900	买盘
14:08:18	29.8	0.01	75	223500	买盘
14:08:15	29.79	-0.01	20	59580	买盘
14:08:12	29.8	-0.02	22	65560	卖盘
14:08:09	29.82	0.02	108	322056	买盘
14:08:06	29.8	--	32	95360	买盘
14:08:00	29.8	-0.01	79	235420	买盘
14:07:57	29.81	0.08	34	101354	买盘
14:07:54	29.73	-0.02	62	184326	卖盘
14:07:51	29.75	-0.05	476	1416100	卖盘
14:07:48	29.8	--	26	77480	卖盘
14:07:45	29.8	--	88	262240	买盘
14:07:42	29.8	--	12	35760	买盘
14:07:39	29.8	--	10	29800	买盘
14:07:36	29.8	0.01	317	944660	买盘
14:07:33	29.79	0.04	1	2979	买盘
14:07:30	29.75	--	96	285600	买盘
14:07:27	29.75	--	57	169575	买盘
14:07:24	29.75	0.02	83	246925	买盘
14:07:21	29.73	--	1	2973	买盘
14:07:18	29.73	0.02	2	5946	买盘
14:07:15	29.71	--	14	41594	卖盘
14:07:12	29.71	0.01	10	29710	买盘
14:07:09	29.7	0.04	171	507870	买盘
14:07:06	29.66	-0.02	3	8898	卖盘
14:07:03	29.68	--	69	204792	买盘
14:07:00	29.68	0.02	170	504560	买盘
14:06:57	29.66	0.03	217	643622	买盘
14:06:54	29.63	0.03	3	8889	买盘
14:06:51	29.6	--	2	5920	卖盘
14:06:48	29.6	0.02	120	355880	买盘
14:06:45	29.58	--	18	53244	买盘
14:06:42	29.58	--	5	14790	买盘
14:06:39	29.58	-0.02	121	357918	中性盘
14:06:36	29.6	0.07	181	535760	买盘
14:06:33	29.53	--	45	134184	卖盘
14:06:30	29.53	-0.06	20	59060	卖盘
14:06:27	29.59	0.04	212	627308	买盘
14:06:24	29.55	0.02	5	14775	买盘
14:06:21	29.53	-0.01	37	109261	卖盘
14:06:18	29.54	0.01	13	38402	买盘
14:06:15	29.53	--	3	10512	买盘
14:06:12	29.53	0.04	102	301206	买盘
14:06:09	29.49	--	52	153348	卖盘
14:06:06	29.49	-0.04	6	17694	卖盘
14:06:03	29.53	0.04	1547	4568291	买盘
14:06:00	29.49	--	10	29490	卖盘
14:05:57	29.49	--	111	327339	卖盘
14:05:51	29.49	0.01	98	289002	买盘
14:05:39	29.48	-0.01	62	182776	卖盘
14:05:36	29.49	--	6	17694	买盘
14:05:33	29.49	0.01	2	5898	买盘
14:05:30	29.48	-0.01	1	2948	中性盘
14:05:18	29.49	0.01	40	117960	买盘
14:05:09	29.48	-0.01	11	32428	买盘
14:04:57	29.49	0.02	133	392217	买盘
14:04:51	29.47	0.02	4	11788	买盘
14:04:42	29.45	-0.02	9	26505	卖盘
14:04:39	29.47	-0.02	27	79569	卖盘
14:04:33	29.49	0.02	1	2949	买盘
14:04:24	29.47	-0.01	1	2947	中性盘
14:04:21	29.48	--	46	135608	买盘
14:04:15	29.48	0.01	30	88440	买盘
14:04:12	29.47	-0.01	14	41258	卖盘
14:03:54	29.48	0.01	12	35376	买盘
14:03:45	29.47	--	2	5894	买盘
14:03:42	29.47	--	13	38311	买盘
14:03:36	29.47	--	2	5894	买盘
14:03:33	29.47	0.02	47	138509	买盘
14:03:30	29.45	--	13	38285	买盘
14:03:24	29.45	--	11	32395	买盘
14:03:21	29.45	--	51	150195	买盘
14:03:18	29.45	0.01	33	97185	买盘
14:03:15	29.44	-0.01	3	8832	卖盘
14:03:12	29.45	0.02	129	379905	买盘
14:03:06	29.43	--	88	258984	买盘
14:03:03	29.43	--	30	88290	买盘
14:03:00	29.43	--	100	294300	买盘
14:02:57	29.43	--	171	503253	卖盘
14:02:54	29.43	-0.02	9	26487	卖盘
14:02:51	29.45	0.01	57	167865	买盘
14:02:48	29.44	--	50	147200	买盘
14:02:45	29.44	0.01	15	44160	买盘
14:02:42	29.43	--	115	338445	卖盘
14:02:33	29.43	--	5	14715	卖盘
14:02:21	29.43	0.01	1	2943	中性盘
14:02:12	29.42	-0.01	20	58840	卖盘
14:02:06	29.43	--	10	29430	卖盘
14:02:00	29.43	0.01	45	132435	买盘
14:01:36	29.42	-0.01	2	5884	卖盘
14:01:33	29.43	--	1	2943	买盘
14:01:30	29.43	-0.01	22	64746	卖盘
14:01:27	29.44	0.01	4	11776	买盘
14:01:24	29.43	-0.01	11	32373	卖盘
14:01:18	29.44	--	4	11776	买盘
14:01:12	29.44	0.01	20	58880	买盘
14:01:09	29.43	--	1	2943	卖盘
14:01:06	29.43	-0.01	2	5886	卖盘
14:01:00	29.44	--	3	8832	买盘
14:00:54	29.44	--	1	2944	买盘
14:00:48	29.44	--	4	11776	买盘
14:00:42	29.44	0.01	11	32384	买盘
14:00:27	29.43	0.01	42	123606	买盘
14:00:21	29.42	-0.01	10	29420	卖盘
14:00:18	29.43	0.01	1	2943	买盘
14:00:09	29.42	--	1	2942	卖盘
14:00:03	29.42	--	1	2942	卖盘
13:59:57	29.42	-0.01	1	2942	卖盘
13:59:45	29.43	0.01	39	114777	买盘
13:59:36	29.42	--	1	2942	卖盘
13:59:33	29.42	--	39	114738	卖盘
13:59:18	29.42	--	11	32362	买盘
13:59:00	29.42	--	2	5884	买盘
13:58:51	29.42	-0.01	1	2942	卖盘
13:58:48	29.43	0.01	2	5886	买盘
13:58:45	29.42	--	10	29420	卖盘
13:58:36	29.42	--	5	14710	卖盘
13:58:33	29.42	--	1	2942	卖盘
13:58:21	29.42	0.01	12	35304	买盘
13:58:15	29.41	--	1	2941	卖盘
13:57:54	29.41	--	1	2941	卖盘
13:57:51	29.41	--	1	2941	卖盘
13:57:48	29.41	--	14	41174	买盘
13:57:45	29.41	-0.02	8	23528	卖盘
13:57:42	29.43	0.02	4	11772	买盘
13:57:39	29.41	--	1	2941	卖盘
13:57:33	29.41	-0.02	9	26469	卖盘
13:57:24	29.43	0.02	19	55917	买盘
13:57:18	29.41	-0.02	6	17646	卖盘
13:57:03	29.43	--	24	70632	买盘
13:56:51	29.43	-0.02	65	191295	卖盘
13:56:48	29.45	--	1	2945	卖盘
13:56:45	29.45	--	7	20615	买盘
13:56:33	29.45	--	3	8835	买盘
13:56:30	29.45	--	21	61845	卖盘
13:56:27	29.45	--	34	100130	卖盘
13:56:24	29.45	-0.01	35	103075	卖盘
13:56:15	29.46	0.01	30	88380	买盘
13:56:09	29.45	--	2	5890	卖盘
13:56:06	29.45	--	2	5890	卖盘
13:56:03	29.45	-0.01	50	147250	卖盘
13:55:54	29.46	0.01	4	11784	买盘
13:55:48	29.45	0.02	122	359290	买盘
13:55:45	29.43	--	1	2943	卖盘
13:55:33	29.43	-0.02	5	14715	卖盘
13:55:30	29.45	0.04	126	371070	买盘
13:55:21	29.41	-0.02	1	2941	卖盘
13:55:18	29.43	0.02	6	17658	买盘
13:55:15	29.41	-0.02	50	147050	卖盘
13:55:12	29.43	0.01	7	20601	买盘
13:55:06	29.42	0.01	5	14710	买盘
13:55:03	29.41	0.01	4	11764	买盘
13:54:57	29.4	0.01	2	5880	买盘
13:54:39	29.39	--	4	11756	卖盘
13:54:30	29.39	-0.01	19	55841	卖盘
13:54:21	29.4	0.01	89	261660	买盘
13:54:15	29.39	0.01	61	179279	买盘
13:54:09	29.38	0.01	19	55822	买盘
13:54:06	29.37	-0.01	10	29370	卖盘
13:54:03	29.38	--	10	29380	买盘
13:53:54	29.38	-0.01	110	323180	卖盘
13:53:51	29.39	--	16	47024	买盘
13:53:45	29.39	-0.01	15	44085	卖盘
13:53:42	29.4	0.01	80	235200	买盘
13:53:33	29.39	--	15	44085	卖盘
13:53:30	29.39	--	4	11756	卖盘
13:53:24	29.39	-0.01	1	2939	卖盘
13:53:21	29.4	0.01	5	14700	买盘
13:53:18	29.39	--	2	5878	卖盘
13:53:12	29.39	--	11	32329	卖盘
13:53:09	29.39	0.01	10	29390	中性盘
13:52:54	29.38	-0.01	7	20566	卖盘
13:52:48	29.39	-0.01	2	5878	中性盘
13:52:36	29.4	0.02	5	14700	买盘
13:52:30	29.38	-0.01	2	5876	卖盘
13:52:27	29.39	-0.01	56	164584	卖盘
13:52:24	29.4	0.01	3	8820	买盘
13:52:21	29.39	0.01	23	67597	买盘
13:52:15	29.38	--	3	8814	卖盘
13:52:03	29.38	--	20	58760	卖盘
13:52:00	29.38	-0.01	3	8814	卖盘
13:51:54	29.39	0.01	1	2939	买盘
13:51:48	29.38	--	8	23504	卖盘
13:51:42	29.38	--	10	29380	卖盘
13:51:39	29.38	--	40	117520	卖盘
13:51:36	29.38	--	2	5876	卖盘
13:51:27	29.38	--	2	5876	卖盘
13:51:24	29.38	--	1	2938	卖盘
13:51:12	29.38	-0.01	130	381940	卖盘
13:51:06	29.39	--	2	5878	买盘
13:51:00	29.39	--	9	26451	卖盘
13:50:57	29.39	-0.01	39	114621	卖盘
13:50:54	29.4	0.01	26	76440	买盘
13:50:48	29.39	--	2	5878	卖盘
13:50:42	29.39	0.01	7	20573	买盘
13:50:33	29.38	0.01	33	96954	买盘
13:50:27	29.37	-0.01	5	14685	卖盘
13:50:24	29.38	0.01	10	29380	买盘
13:50:21	29.37	--	1	2937	卖盘
13:50:18	29.37	-0.02	1	2937	卖盘
13:50:15	29.39	0.03	1	2939	买盘
13:50:12	29.36	-0.03	1	2936	卖盘
13:50:06	29.39	--	62	182218	买盘
13:50:03	29.39	-0.01	12	35268	卖盘
13:49:57	29.4	-0.01	2	5880	中性盘
13:49:48	29.41	0.01	17	49997	买盘
13:49:45	29.4	-0.02	21	61740	卖盘
13:49:42	29.42	--	13	38246	买盘
13:49:36	29.42	0.02	3	8826	买盘
13:49:33	29.4	--	1	2940	卖盘
13:49:30	29.4	-0.02	7	20580	卖盘
13:49:27	29.42	-0.02	312	917904	卖盘
13:49:21	29.44	0.02	6	17664	买盘
13:49:18	29.42	-0.02	65	191230	卖盘
13:49:12	29.44	--	20	58880	买盘
13:49:06	29.44	-0.01	131	385664	卖盘
13:48:57	29.45	-0.01	73	214985	卖盘
13:48:54	29.46	-0.01	11	32406	卖盘
13:48:48	29.47	-0.01	11	32417	卖盘
13:48:45	29.48	--	2	5896	买盘
13:48:42	29.48	--	104	306592	买盘
13:48:24	29.48	--	50	147400	卖盘
13:48:09	29.48	-0.02	1	2948	卖盘
13:47:57	29.5	0.02	16	47200	买盘
13:47:48	29.48	--	13	38324	卖盘
13:47:30	29.48	-0.02	19	56012	卖盘
13:47:24	29.5	0.01	17	50150	买盘
13:47:18	29.49	-0.01	2	5898	卖盘
13:47:15	29.5	0.01	10	29500	买盘
13:47:12	29.49	-0.01	1	2949	卖盘
13:47:09	29.5	--	100	295000	买盘
13:47:03	29.5	0.01	13	38350	买盘
13:47:00	29.49	--	18	53082	卖盘
13:46:57	29.49	--	10	29490	卖盘
13:46:51	29.49	--	19	56031	买盘
13:46:48	29.49	--	2	5898	买盘
13:46:42	29.49	-0.01	42	123858	卖盘
13:46:36	29.5	0.02	8	23600	买盘
13:46:33	29.48	-0.01	131	386188	卖盘
13:46:27	29.49	--	57	168093	买盘
13:46:18	29.49	--	11	32439	买盘
13:46:15	29.49	0.01	15	44235	买盘
13:46:12	29.48	-0.01	4	11792	卖盘
13:46:09	29.49	-0.01	17	50133	卖盘
13:46:00	29.5	0.01	1	2950	买盘
13:45:57	29.49	-0.01	31	91419	卖盘
13:45:54	29.5	--	3	8850	买盘
13:45:48	29.5	--	4	11800	买盘
13:45:45	29.5	0.02	2	5900	买盘
13:45:39	29.48	-0.02	10	29480	卖盘
13:45:33	29.5	--	2	5900	买盘
13:45:30	29.5	0.02	19	56050	买盘
13:45:24	29.48	--	18	53064	卖盘
13:45:18	29.48	-0.02	2	5896	卖盘
13:45:15	29.5	--	100	295000	买盘
13:45:12	29.5	--	100	295000	买盘
13:45:09	29.5	--	15	44250	买盘
13:45:03	29.5	0.02	5	14750	买盘
13:44:54	29.48	0.01	5	14740	买盘
13:44:51	29.47	-0.01	30	88410	卖盘
13:44:48	29.48	--	19	56012	买盘
13:44:30	29.48	-0.02	20	58960	卖盘
13:44:27	29.5	0.02	200	590000	买盘
13:44:18	29.48	--	1	2948	卖盘
13:44:09	29.48	--	10	29480	买盘
13:44:06	29.48	--	2	5896	买盘
13:44:03	29.48	--	10	29480	买盘
13:44:00	29.48	--	120	353760	买盘
13:43:54	29.48	0.01	27	79596	买盘
13:43:48	29.47	-0.01	1	2947	卖盘
13:43:42	29.48	0.02	20	58960	买盘
13:43:39	29.46	-0.02	22	64812	卖盘
13:43:27	29.48	0.01	20	58960	买盘
13:43:24	29.47	-0.01	5	14735	卖盘
13:43:21	29.48	--	32	94336	买盘
13:43:09	29.48	--	13	38324	买盘
13:42:57	29.48	0.01	3	8844	买盘
13:42:54	29.47	--	16	47152	卖盘
13:42:48	29.47	0.01	26	76622	买盘
13:42:42	29.46	--	1	2946	卖盘
13:42:39	29.46	-0.01	3	8838	卖盘
13:42:33	29.47	0.01	30	88410	买盘
13:42:27	29.46	--	3	8838	卖盘
13:42:15	29.46	--	2	5892	卖盘
13:42:12	29.46	--	23	67758	买盘
13:42:09	29.46	0.01	14	41244	买盘
13:42:06	29.45	--	4	11780	卖盘
13:42:03	29.45	--	1	2945	卖盘
13:42:00	29.45	--	2	5890	卖盘
13:41:54	29.45	-0.01	15	44175	卖盘
13:41:51	29.46	0.01	18	53028	买盘
13:41:39	29.45	--	10	29450	卖盘
13:41:36	29.45	--	1	2945	卖盘
13:41:33	29.45	0.01	47	138415	买盘
13:41:30	29.44	-0.01	7	20608	卖盘
13:41:27	29.45	--	36	106020	买盘
13:41:15	29.45	-0.02	69	203205	卖盘
13:41:09	29.47	--	42	123774	买盘
13:41:03	29.47	--	10	29470	买盘
13:41:00	29.47	--	5	14735	买盘
13:40:51	29.47	--	4	11788	买盘
13:40:42	29.47	0.01	10	29470	买盘
13:40:33	29.46	--	10	29460	卖盘
13:40:30	29.46	--	1	2946	卖盘
13:40:27	29.46	-0.01	10	29460	卖盘
13:40:24	29.47	0.01	3	8841	买盘
13:40:15	29.46	--	1	2946	卖盘
13:40:06	29.46	--	4	11784	卖盘
13:40:03	29.46	-0.01	9	26514	卖盘
13:40:00	29.47	--	2	5894	买盘
13:39:57	29.47	--	1	2947	买盘
13:39:54	29.47	--	100	294700	买盘
13:39:48	29.47	-0.01	29	85463	卖盘
13:39:45	29.48	0.01	175	515900	买盘
13:39:42	29.47	--	6	17682	买盘
13:39:39	29.47	--	5	14735	卖盘
13:39:30	29.47	--	4	11788	卖盘
13:39:27	29.47	-0.01	1	2947	中性盘
13:39:15	29.48	0.01	29	85492	买盘
13:39:06	29.47	0.01	18	53046	买盘
13:38:51	29.46	0.01	60	176760	买盘
13:38:42	29.45	--	10	29450	卖盘
13:38:30	29.45	--	11	32395	买盘
13:38:24	29.45	--	17	50065	买盘
13:38:21	29.45	--	33	97185	买盘
13:38:12	29.45	--	5	14725	买盘
13:38:06	29.45	--	44	129580	卖盘
13:38:03	29.45	-0.03	1	2945	卖盘
13:37:48	29.48	--	25	73700	买盘
13:37:18	29.48	0.03	29	85492	买盘
13:37:15	29.45	-0.03	2	5890	买盘
13:37:09	29.48	-0.01	8	23584	卖盘
13:37:03	29.49	--	20	58980	卖盘
13:37:00	29.49	--	4	11796	卖盘
13:36:57	29.49	0.01	5	14745	买盘
13:36:54	29.48	-0.02	2	5896	中性盘
13:36:45	29.5	0.02	100	295000	买盘
13:36:42	29.48	-0.01	1	2948	卖盘
13:36:33	29.49	0.04	100	294900	买盘
13:36:30	29.45	-0.03	17	50065	卖盘
13:36:18	29.48	-0.01	19	56012	卖盘
13:36:15	29.49	--	60	176940	卖盘
13:36:06	29.49	--	68	200532	买盘
13:35:57	29.49	--	27	79623	买盘
13:35:54	29.49	--	69	203481	买盘
13:35:48	29.49	--	20	58980	买盘
13:35:45	29.49	--	63	185787	买盘
13:35:42	29.49	--	1	2949	买盘
13:35:39	29.49	--	10	29490	买盘
13:35:30	29.49	--	5	14745	买盘
13:35:24	29.49	0.01	20	58980	买盘
13:35:21	29.48	-0.01	41	120868	中性盘
13:35:18	29.49	0.01	65	191685	买盘
13:35:12	29.48	--	93	274164	买盘
13:35:09	29.48	0.01	100	294800	买盘
13:35:06	29.47	0.02	15	44205	买盘
13:35:00	29.45	--	8	23560	买盘
13:34:57	29.45	--	5	14725	买盘
13:34:51	29.45	0.03	5	14725	买盘
13:34:27	29.42	-0.03	9	26478	卖盘
13:34:24	29.45	0.03	100	294500	买盘
13:34:18	29.42	--	36	107941	买盘
13:34:15	29.42	0.01	3	8826	买盘
13:34:03	29.41	0.01	9	26469	买盘
13:33:57	29.4	--	2	5880	卖盘
13:33:51	29.4	--	7	20580	卖盘
13:33:45	29.4	-0.02	12	35280	中性盘
13:33:33	29.42	0.07	9	26478	买盘
13:33:12	29.35	-0.07	313	918655	卖盘
13:33:09	29.42	-0.01	1	2942	卖盘
13:33:03	29.43	0.05	6	17658	买盘
13:33:00	29.38	-0.04	8	23504	卖盘
13:32:57	29.42	--	9	26478	买盘
13:32:54	29.42	0.03	4	11768	买盘
13:32:51	29.39	0.01	4	11756	卖盘
13:32:45	29.38	--	6	17628	买盘
13:32:42	29.38	-0.01	64	188032	卖盘
13:32:33	29.39	--	1	2939	中性盘
13:32:27	29.39	--	8	23512	买盘
13:32:24	29.39	--	13	38207	卖盘
13:32:18	29.39	--	12	35268	买盘
13:32:15	29.39	-0.01	3	8817	卖盘
13:32:09	29.4	0.01	1	2940	买盘
13:32:06	29.39	-0.05	14	41146	中性盘
13:31:54	29.44	0.05	20	58880	买盘
13:31:51	29.39	-0.04	2	5878	卖盘
13:31:45	29.43	0.04	19	55917	买盘
13:31:33	29.39	0.01	3	8817	买盘
13:31:30	29.38	-0.01	12	35256	中性盘
13:31:24	29.39	--	4	11756	买盘
13:31:15	29.39	--	2	5878	买盘
13:31:12	29.39	-0.01	7	20573	卖盘
13:31:00	29.4	-0.04	13	38220	卖盘
13:30:48	29.44	--	2	5888	买盘
13:30:45	29.44	0.02	1	2944	买盘
13:30:42	29.42	-0.02	3	8826	卖盘
13:30:36	29.44	0.02	4	11776	买盘
13:30:33	29.42	--	23	67666	卖盘
13:30:30	29.42	-0.02	2	5884	卖盘
13:30:27	29.44	--	25	73600	买盘
13:30:21	29.44	--	8	23552	卖盘
13:30:18	29.44	-0.01	6	17664	卖盘
13:30:12	29.45	-0.01	7	20615	卖盘
13:30:03	29.46	-0.02	13	38298	卖盘
13:29:54	29.48	--	26	76648	买盘
13:29:51	29.48	-0.01	131	386188	卖盘
13:29:48	29.49	0.01	4	11796	买盘
13:29:45	29.48	-0.01	7	20636	卖盘
13:29:42	29.49	--	5	14745	买盘
13:29:39	29.49	--	13	38337	买盘
13:29:36	29.49	0.01	39	115011	买盘
13:29:33	29.48	-0.01	17	50116	卖盘
13:29:30	29.49	--	2	5898	买盘
13:29:24	29.49	-0.01	247	728403	卖盘
13:29:21	29.5	0.01	71	209450	买盘
13:29:15	29.49	-0.01	7	20643	卖盘
13:29:12	29.5	--	6	17700	买盘
13:29:09	29.5	--	2	5900	买盘
13:29:06	29.5	0.01	3	8850	买盘
13:29:03	29.49	-0.01	3	8847	卖盘
13:29:00	29.5	0.01	8	23600	买盘
13:28:54	29.49	--	100	294900	卖盘
13:28:51	29.49	--	31	91419	买盘
13:28:48	29.49	--	14	41286	买盘
13:28:45	29.49	0.01	20	58980	买盘
13:28:42	29.48	-0.01	43	126764	卖盘
13:28:36	29.49	--	10	29490	买盘
13:28:33	29.49	0.01	3	8847	买盘
13:28:30	29.48	--	11	32428	卖盘
13:28:21	29.48	0.03	144	424512	买盘
13:28:18	29.45	--	2	5890	买盘
13:28:15	29.45	--	5	14725	买盘
13:28:12	29.45	0.01	8	23560	买盘
13:28:06	29.44	-0.01	1	2944	卖盘
13:28:03	29.45	0.01	30	88350	买盘
13:28:00	29.44	--	5	14720	买盘
13:27:57	29.44	--	16	47104	买盘
13:27:54	29.44	--	55	161920	买盘
13:27:51	29.44	--	29	85376	买盘
13:27:45	29.44	0.03	200	588800	买盘
13:27:42	29.41	0.02	4	11764	买盘
13:27:36	29.39	-0.01	9	26451	卖盘
13:27:33	29.4	--	100	294000	买盘
13:27:30	29.4	0.05	121	355740	买盘
13:27:27	29.35	-0.04	3	8805	卖盘
13:27:21	29.39	0.04	100	293900	买盘
13:27:18	29.35	0.01	3	8805	买盘
13:27:12	29.34	--	2	5868	卖盘
13:27:09	29.34	0.04	8	23472	中性盘
13:26:57	29.3	--	101	296486	卖盘
13:26:54	29.3	--	7	20510	卖盘
13:26:51	29.3	--	2	5860	卖盘
13:26:48	29.3	-0.04	21	61530	卖盘
13:26:45	29.34	0.04	45	132030	买盘
13:26:42	29.3	--	1	2930	卖盘
13:26:30	29.3	0.04	1	2930	买盘
13:26:24	29.26	-0.04	1	2926	卖盘
13:26:21	29.3	0.04	42	123060	买盘
13:26:15	29.26	-0.04	8	23408	卖盘
13:26:09	29.3	-0.04	6	17580	中性盘
13:25:57	29.34	0.06	20	58680	买盘
13:25:54	29.28	0.01	2	5856	买盘
13:25:48	29.27	-0.03	20	58540	卖盘
13:25:45	29.3	0.02	4	11720	中性盘
13:25:42	29.28	-0.01	10	29280	卖盘
13:25:33	29.29	-0.01	50	146450	卖盘
13:25:24	29.3	-0.04	6	17580	卖盘
13:25:18	29.34	-0.01	3	8802	卖盘
13:25:09	29.35	--	75	222502	卖盘
13:25:06	29.35	--	1	2935	卖盘
13:25:03	29.35	--	17	49895	卖盘
13:24:57	29.35	--	72	211320	卖盘
13:24:51	29.35	--	4	11740	卖盘
13:24:48	29.35	--	28	82180	卖盘
13:24:45	29.35	--	7	20545	卖盘
13:24:36	29.35	-0.02	4	11740	卖盘
13:24:33	29.37	0.02	18	52866	买盘
13:24:30	29.35	-0.01	12	35220	卖盘
13:24:27	29.36	0.01	2	5872	买盘
13:24:24	29.35	-0.01	38	111882	卖盘
13:24:21	29.36	0.01	17	49912	买盘
13:24:15	29.35	--	1	2935	卖盘
13:24:09	29.35	-0.01	10	29350	卖盘
13:24:06	29.36	0.01	2	5872	买盘
13:24:03	29.35	--	16	46960	卖盘
13:24:00	29.35	-0.01	25	73375	卖盘
13:23:57	29.36	--	7	20552	买盘
13:23:54	29.36	0.01	5	14680	买盘
13:23:45	29.35	--	10	29350	卖盘
13:23:42	29.35	--	34	99995	卖盘
13:23:39	29.35	-0.01	31	90985	卖盘
13:23:33	29.36	0.01	17	49912	买盘
13:23:30	29.35	--	4	11740	卖盘
13:23:18	29.35	0.03	174	510690	买盘
13:23:12	29.32	-0.03	39	114348	卖盘
13:23:06	29.35	0.02	38	111530	买盘
13:23:03	29.33	--	1	2933	买盘
13:23:00	29.33	-0.02	14	41062	卖盘
13:22:57	29.35	--	8	23480	买盘
13:22:54	29.35	--	11	32285	买盘
13:22:48	29.35	--	44	129140	卖盘
13:22:45	29.35	--	2	5870	卖盘
13:22:42	29.35	--	80	234800	卖盘
13:22:36	29.35	-0.01	7	20545	卖盘
13:22:27	29.36	-0.01	55	161480	卖盘
13:22:18	29.37	--	2	5874	卖盘
13:22:12	29.37	--	20	58740	卖盘
13:22:09	29.37	-0.01	5	14685	卖盘
13:22:06	29.38	--	40	117520	买盘
13:22:03	29.38	--	8	23504	买盘
13:21:51	29.38	--	1	2938	买盘
13:21:39	29.38	-0.01	3	8814	中性盘
13:21:30	29.39	0.01	32	94048	买盘
13:21:24	29.38	0.02	5	14690	中性盘
13:21:21	29.36	-0.03	12	35232	卖盘
13:21:18	29.39	0.01	70	205730	买盘
13:21:12	29.38	0.02	1	2938	买盘
13:21:09	29.36	-0.02	27	79272	卖盘
13:20:57	29.38	--	10	29380	买盘
13:20:51	29.38	-0.01	4	11752	卖盘
13:20:45	29.39	0.01	16	47024	买盘
13:20:42	29.38	--	1	2938	买盘
13:20:39	29.38	--	7	20566	买盘
13:20:36	29.38	--	17	49946	买盘
13:20:30	29.38	--	10	29380	买盘
13:20:24	29.38	--	6	17628	买盘
13:20:21	29.38	--	21	61698	买盘
13:20:18	29.38	0.02	6	17628	买盘
13:20:15	29.36	-0.02	2	5872	卖盘
13:20:12	29.38	--	50	146900	买盘
13:20:06	29.38	0.02	7	20566	买盘
13:20:03	29.36	0.01	17	49912	买盘
13:20:00	29.35	-0.01	1	2935	中性盘
13:19:51	29.36	0.01	13	38168	买盘
13:19:48	29.35	--	68	199580	卖盘
13:19:42	29.35	0.02	32	93920	买盘
13:19:39	29.33	--	33	96789	买盘
13:19:36	29.33	--	11	32262	卖盘
13:19:33	29.33	--	5	14665	卖盘
13:19:30	29.33	--	14	41062	卖盘
13:19:27	29.33	0.01	68	199444	买盘
13:19:24	29.32	-0.01	4	11728	卖盘
13:19:18	29.33	0.01	5	14665	买盘
13:19:12	29.32	--	70	205240	卖盘
13:19:00	29.32	-0.01	1	2932	卖盘
13:18:57	29.33	--	137	401821	卖盘
13:18:54	29.33	--	3	8799	卖盘
13:18:42	29.33	--	6	17598	买盘
13:18:39	29.33	0.01	100	293300	买盘
13:18:33	29.32	--	7	20524	卖盘
13:18:30	29.32	--	12	35184	买盘
13:18:27	29.32	-0.01	2	5864	中性盘
13:18:09	29.33	0.03	5	14665	买盘
13:18:06	29.3	-0.03	28	82040	卖盘
13:18:00	29.33	0.03	3	8799	买盘
13:17:57	29.3	0.01	1	2930	中性盘
13:17:54	29.29	-0.04	21	61509	卖盘
13:17:51	29.33	--	8	23464	卖盘
13:17:48	29.33	--	2	5866	卖盘
13:17:39	29.33	0.03	125	366625	买盘
13:17:36	29.3	--	2	5860	卖盘
13:17:33	29.3	--	1	2930	卖盘
13:17:24	29.3	-0.03	3	8790	卖盘
13:17:18	29.33	0.03	154	451682	买盘
13:17:09	29.3	-0.01	11	32230	卖盘
13:17:06	29.31	--	9	26379	买盘
13:17:03	29.31	-0.02	309	905679	卖盘
13:16:51	29.33	--	30	87990	卖盘
13:16:42	29.33	--	17	49861	卖盘
13:16:09	29.33	0.01	6	17598	中性盘
13:15:57	29.32	--	14	41048	卖盘
13:15:51	29.32	-0.03	10	29320	卖盘
13:15:45	29.35	0.03	11	32285	中性盘
13:15:36	29.32	-0.01	5	14660	卖盘
13:15:30	29.33	--	2	5866	买盘
13:15:27	29.33	-0.03	3	8799	卖盘
13:15:15	29.36	0.04	4	11744	买盘
13:15:09	29.32	-0.04	19	55708	卖盘
13:15:06	29.36	0.04	17	49912	买盘
13:15:03	29.32	-0.04	12	35184	卖盘
13:14:57	29.36	0.04	3	8808	买盘
13:14:51	29.32	-0.04	54	158328	卖盘
13:14:45	29.36	0.05	5	14680	买盘
13:14:42	29.31	-0.05	2	5862	卖盘
13:14:39	29.36	0.06	15	44040	买盘
13:14:33	29.3	-0.03	10	29300	卖盘
13:14:21	29.33	0.03	1	2933	中性盘
13:14:06	29.3	--	4	11720	买盘
13:14:03	29.3	0.03	6	17580	中性盘
13:14:00	29.27	-0.03	15	43905	卖盘
13:13:51	29.3	--	47	137710	买盘
13:13:48	29.3	--	3	8790	买盘
13:13:45	29.3	--	3	8790	买盘
13:13:42	29.3	-0.06	31	90830	卖盘
13:13:39	29.36	--	1	2936	卖盘
13:13:36	29.36	--	9	26424	卖盘
13:13:33	29.36	--	28	82208	卖盘
13:13:30	29.36	--	3	8808	卖盘
13:13:27	29.36	--	1	2936	卖盘
13:13:21	29.36	0.01	4	11744	买盘
13:13:18	29.35	--	50	146750	买盘
13:13:15	29.35	0.03	10	29350	买盘
13:13:12	29.32	-0.03	6	17592	卖盘
13:13:06	29.35	0.03	8	23480	买盘
13:13:03	29.32	-0.03	3	8796	卖盘
13:12:54	29.35	0.03	2	5870	买盘
13:12:51	29.32	-0.04	2	5864	卖盘
13:12:48	29.36	0.01	10	29360	买盘
13:12:45	29.35	-0.01	7	20545	卖盘
13:12:42	29.36	--	33	96888	买盘
13:12:39	29.36	--	3	8808	买盘
13:12:33	29.36	-0.04	11	32296	卖盘
13:12:30	29.4	--	13	38220	卖盘
13:12:21	29.4	-0.05	5	14700	卖盘
13:12:18	29.45	0.05	11	32395	买盘
13:12:12	29.4	--	23	67620	卖盘
13:12:09	29.4	-0.01	4	11760	卖盘
13:12:06	29.41	-0.06	13	38233	卖盘
13:12:03	29.47	-0.02	2	5894	卖盘
13:12:00	29.49	0.03	105	309645	买盘
13:11:57	29.46	-0.02	3	8838	卖盘
13:11:54	29.48	-0.01	206	607288	卖盘
13:11:51	29.49	0.01	90	265410	买盘
13:11:48	29.48	-0.01	4	11792	卖盘
13:11:36	29.49	--	2	5898	买盘
13:11:30	29.49	--	32	94368	卖盘
13:11:27	29.49	-0.01	91	268359	卖盘
13:11:24	29.5	--	10	29500	买盘
13:11:09	29.5	--	10	29500	卖盘
13:11:06	29.5	-0.01	10	29500	卖盘
13:11:03	29.51	0.01	27	79677	买盘
13:10:57	29.5	-0.01	5	14750	卖盘
13:10:51	29.51	0.01	33	97383	买盘
13:10:48	29.5	--	34	100300	卖盘
13:10:42	29.5	-0.02	96	283200	卖盘
13:10:39	29.52	0.01	75	221400	买盘
13:10:33	29.51	-0.02	7	20657	卖盘
13:10:27	29.53	0.03	21	62013	买盘
13:10:21	29.5	-0.02	20	59000	卖盘
13:10:18	29.52	-0.01	20	59040	卖盘
13:10:15	29.53	0.01	50	147650	买盘
13:10:09	29.52	--	12	35424	卖盘
13:10:06	29.52	--	5	14760	卖盘
13:10:03	29.52	-0.01	3	8856	卖盘
13:10:00	29.53	--	5	14765	买盘
13:09:57	29.53	--	1	2953	买盘
13:09:54	29.53	0.01	6	17718	买盘
13:09:51	29.52	--	10	29520	卖盘
13:09:48	29.52	--	10	29520	卖盘
13:09:45	29.52	--	4	11808	卖盘
13:09:39	29.52	--	51	150552	买盘
13:09:36	29.52	--	14	41328	买盘
13:09:33	29.52	--	1	2952	买盘
13:09:30	29.52	-0.01	12	35424	中性盘
13:09:15	29.53	0.02	61	180133	买盘
13:09:12	29.51	-0.01	60	178358	卖盘
13:09:09	29.52	--	6	17712	卖盘
13:09:06	29.52	--	12	35424	卖盘
13:09:03	29.52	--	33	97416	卖盘
13:08:48	29.52	--	31	93165	买盘
13:08:45	29.52	--	102	301104	买盘
13:08:42	29.52	--	5	14760	买盘
13:08:39	29.52	--	29	85608	买盘
13:08:36	29.52	0.01	10	29520	买盘
13:08:33	29.51	-0.01	41	120991	卖盘
13:08:30	29.52	--	30	88560	买盘
13:08:27	29.52	0.01	32	94464	买盘
13:08:21	29.51	--	7	20657	卖盘
13:08:12	29.51	-0.01	11	32461	卖盘
13:08:09	29.52	0.02	28	82656	买盘
13:08:06	29.5	-0.01	11	32450	卖盘
13:08:00	29.51	--	2	5902	中性盘
13:07:57	29.51	--	8	23608	买盘
13:07:51	29.51	0.01	15	44265	买盘
13:07:48	29.5	--	3	8850	卖盘
13:07:45	29.5	--	59	174050	买盘
13:07:42	29.5	--	39	115050	买盘
13:07:39	29.5	--	2	5900	买盘
13:07:36	29.5	--	102	300900	买盘
13:07:30	29.5	--	2	5900	买盘
13:07:27	29.5	0.01	6	17700	买盘
13:07:24	29.49	-0.03	134	395166	卖盘
13:07:21	29.52	0.01	33	97416	买盘
13:07:18	29.51	--	5	14755	卖盘
13:07:15	29.51	-0.01	61	180011	卖盘
13:07:12	29.52	0.02	160	472320	买盘
13:07:09	29.5	--	8	23600	卖盘
13:07:06	29.5	-0.01	4	11800	卖盘
13:07:03	29.51	0.01	3	8853	买盘
13:07:00	29.5	--	13	38350	卖盘
13:06:57	29.5	--	73	215350	卖盘
13:06:54	29.5	--	19	56050	卖盘
13:06:51	29.5	-0.01	35	103250	卖盘
13:06:48	29.51	0.01	33	97383	买盘
13:06:42	29.5	--	10	29500	卖盘
13:06:39	29.5	--	56	165200	买盘
13:06:36	29.5	--	34	100300	买盘
13:06:33	29.5	--	32	94400	买盘
13:06:30	29.5	0.01	15	44250	买盘
13:06:27	29.49	-0.01	2	5898	卖盘
13:06:24	29.5	0.01	16	47200	买盘
13:06:21	29.49	-0.01	20	58980	中性盘
13:06:18	29.5	--	17	50150	买盘
13:06:15	29.5	--	57	168150	买盘
13:06:12	29.5	0.01	21	61950	买盘
13:06:09	29.49	-0.01	50	147450	卖盘
13:06:06	29.5	--	30	88500	买盘
13:06:00	29.5	0.02	73	215350	买盘
13:05:57	29.48	--	17	50116	卖盘
13:05:54	29.48	-0.01	109	321332	卖盘
13:05:48	29.49	0.01	15	44235	买盘
13:05:45	29.48	--	21	61908	买盘
13:05:42	29.48	0.03	40	117920	买盘
13:05:39	29.45	0.05	7	20615	买盘
13:05:36	29.4	-0.05	15	44100	卖盘
13:05:33	29.45	0.05	118	347510	买盘
13:05:27	29.4	0.03	18	52920	买盘
13:05:24	29.37	-0.02	13	38181	卖盘
13:05:21	29.39	0.02	91	267449	买盘
13:05:15	29.37	--	1	2937	买盘
13:05:09	29.37	0.07	208	610896	买盘
13:05:03	29.3	--	6	17580	卖盘
13:05:00	29.3	--	8	23440	卖盘
13:04:57	29.3	--	50	146500	卖盘
13:04:54	29.3	0.04	306	896580	买盘
13:04:48	29.26	-0.01	2	5852	卖盘
13:04:42	29.27	-0.01	29	84883	卖盘
13:04:36	29.28	0.01	10	29280	买盘
13:04:30	29.27	--	58	169766	卖盘
13:04:24	29.27	-0.01	11	32197	卖盘
13:04:21	29.28	0.02	15	43920	买盘
13:04:15	29.26	-0.01	30	87780	卖盘
13:04:12	29.27	--	7	20489	卖盘
13:04:09	29.27	0.01	10	29270	买盘
13:03:54	29.26	--	3	8778	买盘
13:03:51	29.26	--	3	8778	卖盘
13:03:48	29.26	--	2	5852	卖盘
13:03:45	29.26	-0.01	42	122892	卖盘
13:03:42	29.27	0.01	3	8781	中性盘
13:03:33	29.26	0.01	1	2926	买盘
13:03:27	29.25	--	10	29250	卖盘
13:03:24	29.25	--	6	17550	卖盘
13:03:18	29.25	-0.01	7	20475	卖盘
13:03:15	29.26	0.01	5	14630	买盘
13:03:12	29.25	-0.01	1	2925	卖盘
13:03:00	29.26	--	3	8778	买盘
13:02:51	29.26	-0.02	16	46816	卖盘
13:02:30	29.28	--	4	11712	卖盘
13:02:21	29.28	-0.01	2	5856	卖盘
13:02:15	29.29	--	2	5858	买盘
13:02:12	29.29	--	1	2929	买盘
13:02:03	29.29	--	9	26361	买盘
13:02:00	29.29	--	32	93728	卖盘
13:01:57	29.29	-0.01	4	11716	卖盘
13:01:48	29.3	--	3	8790	买盘
13:01:39	29.3	0.01	21	61530	买盘
13:01:36	29.29	--	12	35148	卖盘
13:01:33	29.29	--	15	43935	卖盘
13:01:30	29.29	-0.01	15	43935	卖盘
13:01:21	29.3	--	7	20510	买盘
13:01:06	29.3	0.01	23	67390	买盘
13:01:03	29.29	-0.01	1	2929	卖盘
13:00:57	29.3	--	11	32230	买盘
13:00:51	29.3	0.01	5	14650	买盘
13:00:39	29.29	--	1	2929	卖盘
13:00:33	29.29	-0.01	25	73225	卖盘
13:00:24	29.3	--	1	2930	买盘
13:00:21	29.3	--	4	11720	买盘
13:00:18	29.3	0.03	8	23440	买盘
13:00:15	29.27	--	6	17562	买盘
13:00:12	29.27	-0.01	26	76102	卖盘
13:00:09	29.28	0.01	96	281088	买盘
13:00:06	29.27	--	186	544422	中性盘
13:00:03	29.27	--	264	772728	卖盘
13:00:00	29.27	--	0	0	卖盘
11:30:00	29.27	0.03	16	46832	买盘
11:29:48	29.24	--	78	228072	买盘
11:29:45	29.24	--	50	146200	买盘
11:29:42	29.24	-0.03	38	111112	卖盘
11:29:39	29.27	0.01	1	2927	买盘
11:29:36	29.26	--	10	29260	卖盘
11:29:24	29.26	--	5	14630	卖盘
11:29:21	29.26	0.01	56	163856	买盘
11:29:18	29.25	0.02	31	90675	买盘
11:29:15	29.23	--	20	58460	卖盘
11:29:09	29.23	--	35	102305	卖盘
11:29:06	29.23	-0.02	12	35076	卖盘
11:28:54	29.25	0.02	44	128700	买盘
11:28:45	29.23	-0.01	2	6839	卖盘
11:28:39	29.24	0.01	10	29240	中性盘
11:28:33	29.23	-0.02	6	17538	卖盘
11:28:30	29.25	0.02	6	17550	买盘
11:28:27	29.23	-0.02	1	2923	卖盘
11:28:24	29.25	--	2	5850	买盘
11:28:21	29.25	--	50	146250	买盘
11:28:15	29.25	--	11	32175	买盘
11:28:12	29.25	--	53	155025	买盘
11:28:09	29.25	0.02	10	29250	买盘
11:28:03	29.23	-0.02	14	40922	卖盘
11:27:57	29.25	0.02	34	99450	买盘
11:27:51	29.23	-0.02	2	5846	卖盘
11:27:48	29.25	--	3	8775	买盘
11:27:45	29.25	--	6	17550	买盘
11:27:42	29.25	0.02	33	96525	买盘
11:27:36	29.23	-0.01	35	102305	卖盘
11:27:30	29.24	0.01	15	43860	买盘
11:27:27	29.23	-0.01	8	23384	卖盘
11:27:24	29.24	--	2	5848	买盘
11:27:15	29.24	0.02	30	87720	买盘
11:27:12	29.22	0.02	5	14610	中性盘
11:27:03	29.2	-0.04	1	2920	卖盘
11:27:00	29.24	0.04	15	43860	买盘
11:26:57	29.2	-0.03	7	20440	卖盘
11:26:48	29.23	0.03	143	417989	中性盘
11:26:42	29.2	-0.04	12	35040	卖盘
11:26:39	29.24	0.09	4	11696	买盘
11:26:12	29.15	-0.04	10	29150	卖盘
11:25:54	29.19	-0.05	10	29190	中性盘
11:25:51	29.24	0.05	35	102340	买盘
11:25:45	29.19	-0.01	13	37947	卖盘
11:25:42	29.2	--	1	2920	买盘
11:25:39	29.2	--	4	11680	卖盘
11:25:36	29.2	-0.05	25	73000	卖盘
11:25:33	29.25	--	13	38025	买盘
11:25:30	29.25	0.06	16	46800	买盘
11:25:18	29.19	-0.01	21	61299	卖盘
11:25:15	29.2	--	5	14600	卖盘
11:25:12	29.2	0.05	1	2920	买盘
11:25:03	29.15	--	46	134090	买盘
11:25:00	29.15	--	70	204050	买盘
11:24:57	29.15	--	127	370205	买盘
11:24:54	29.15	--	28	81620	买盘
11:24:51	29.15	-0.04	50	145750	卖盘
11:24:48	29.19	--	10	29190	卖盘
11:24:45	29.19	--	3	8757	买盘
11:24:42	29.19	--	10	29190	买盘
11:24:39	29.19	--	2	5838	买盘
11:24:36	29.19	0.06	4	11676	买盘
11:24:33	29.13	-0.06	1	2913	卖盘
11:24:30	29.19	0.06	400	1167600	买盘
11:24:27	29.13	--	12	34956	卖盘
11:24:21	29.13	--	34	99042	买盘
11:24:12	29.13	0.01	36	104868	买盘
11:24:09	29.12	-0.01	5	14560	卖盘
11:24:03	29.13	0.01	41	119433	买盘
11:23:54	29.12	--	2	5824	卖盘
11:23:51	29.12	--	16	46592	买盘
11:23:48	29.12	0.03	2	5824	买盘
11:23:42	29.09	-0.03	210	610890	卖盘
11:23:36	29.12	--	55	160160	卖盘
11:23:33	29.12	--	11	32032	卖盘
11:23:24	29.12	--	5	14560	卖盘
11:23:21	29.12	-0.01	26	75712	卖盘
11:23:15	29.13	-0.02	119	346647	卖盘
11:23:12	29.15	--	2	5830	买盘
11:23:09	29.15	-0.02	21	61215	卖盘
11:23:06	29.17	0.01	2	5834	买盘
11:23:03	29.16	-0.01	2	5832	卖盘
11:23:00	29.17	--	4	11668	买盘
11:22:54	29.17	--	2	5834	买盘
11:22:51	29.17	-0.03	1	2917	卖盘
11:22:45	29.2	0.01	22	64240	买盘
11:22:42	29.19	--	25	72975	买盘
11:22:39	29.19	-0.01	4	11676	卖盘
11:22:36	29.2	0.01	3	8760	买盘
11:22:33	29.19	-0.01	3	8757	卖盘
11:22:27	29.2	--	25	73000	买盘
11:22:24	29.2	--	26	75920	买盘
11:22:21	29.2	--	89	259880	买盘
11:22:18	29.2	-0.05	115	335800	卖盘
11:22:12	29.25	--	10	29250	买盘
11:22:09	29.25	--	28	81900	卖盘
11:22:06	29.25	--	12	35100	卖盘
11:22:03	29.25	-0.01	22	64350	卖盘
11:22:00	29.26	0.01	4	11704	买盘
11:21:54	29.25	--	1	2925	卖盘
11:21:51	29.25	-0.01	10	29250	中性盘
11:21:42	29.26	-0.02	2	5852	买盘
11:21:39	29.28	0.07	3	8784	买盘
11:21:36	29.21	-0.04	12	35052	卖盘
11:21:33	29.25	--	12	35100	买盘
11:21:30	29.25	--	2	5850	买盘
11:21:27	29.25	-0.03	5	14625	中性盘
11:21:21	29.28	-0.01	52	152256	中性盘
11:21:18	29.29	0.01	45	131805	买盘
11:21:15	29.28	-0.01	4	11712	中性盘
11:21:12	29.29	--	24	70296	买盘
11:21:09	29.29	--	2	5858	买盘
11:21:06	29.29	--	15	43935	买盘
11:21:03	29.29	-0.01	1	2929	中性盘
11:21:00	29.3	0.02	73	213890	买盘
11:20:57	29.28	-0.02	12	35136	买盘
11:20:54	29.3	0.01	18	52740	买盘
11:20:51	29.29	--	34	99586	买盘
11:20:48	29.29	--	17	49793	买盘
11:20:36	29.29	0.1	5	14645	买盘
11:20:30	29.19	-0.03	6	17514	卖盘
11:20:27	29.22	-0.07	8	23376	买盘
11:20:18	29.29	0.1	605	1772045	买盘
11:20:12	29.19	0.02	85	248115	买盘
11:20:09	29.17	-0.02	12	35004	卖盘
11:20:06	29.19	--	55	160545	买盘
11:20:03	29.19	--	12	35028	买盘
11:20:00	29.19	-0.01	14	40866	卖盘
11:19:57	29.2	--	317	925640	买盘
11:19:54	29.2	--	82	239440	买盘
11:19:51	29.2	0.01	6	17520	买盘
11:19:48	29.19	--	2	5838	卖盘
11:19:45	29.19	-0.01	45	131355	买盘
11:19:42	29.2	0.01	55	160600	买盘
11:19:36	29.19	--	5	14595	买盘
11:19:33	29.19	0.04	32	93408	买盘
11:19:30	29.15	-0.05	21	61215	卖盘
11:19:18	29.2	0.05	191	557720	买盘
11:19:15	29.15	--	4	11660	买盘
11:19:09	29.15	--	16	46640	买盘
11:19:06	29.15	0.01	217	632555	买盘
11:19:03	29.14	-0.01	17	49538	卖盘
11:19:00	29.15	--	3	8745	买盘
11:18:57	29.15	--	58	169070	买盘
11:18:54	29.15	0.02	13	37895	买盘
11:18:51	29.13	0.01	144	419472	买盘
11:18:48	29.12	-0.02	18	52416	卖盘
11:18:45	29.14	0.01	27	78678	买盘
11:18:42	29.13	--	29	84477	买盘
11:18:39	29.13	--	22	64086	卖盘
11:18:36	29.13	-0.01	11	32043	中性盘
11:18:30	29.14	0.01	15	43710	买盘
11:18:27	29.13	--	12	34956	买盘
11:18:21	29.13	0.01	4	11652	买盘
11:18:15	29.12	--	18	52416	买盘
11:18:12	29.12	0.01	10	29120	买盘
11:18:09	29.11	--	20	58220	卖盘
11:18:06	29.11	-0.01	4	11644	卖盘
11:18:03	29.12	0.02	49	142688	买盘
11:18:00	29.1	--	220	640200	买盘
11:17:57	29.1	--	18	52380	买盘
11:17:54	29.1	--	17	49470	买盘
11:17:51	29.1	--	20	58200	买盘
11:17:48	29.1	--	10	29100	买盘
11:17:42	29.1	--	10	29100	买盘
11:17:39	29.1	0.01	2	5820	买盘
11:17:36	29.09	-0.01	144	418896	卖盘
11:17:33	29.1	--	12	34920	买盘
11:17:30	29.1	--	7	20370	买盘
11:17:24	29.1	0.01	2	5820	买盘
11:17:21	29.09	--	36	104724	买盘
11:17:18	29.09	--	1	2909	买盘
11:17:15	29.09	0.01	3	8727	买盘
11:17:12	29.08	-0.01	10	29080	卖盘
11:17:03	29.09	0.01	12	34908	买盘
11:17:00	29.08	--	1	2908	卖盘
11:16:57	29.08	--	71	206468	买盘
11:16:54	29.08	--	50	145400	买盘
11:16:51	29.08	--	11	31987	买盘
11:16:48	29.08	0.01	58	168664	买盘
11:16:39	29.07	--	41	121280	买盘
11:16:36	29.07	--	56	162792	买盘
11:16:30	29.07	--	5	14535	买盘
11:16:27	29.07	--	13	37791	买盘
11:16:24	29.07	0.01	2	5814	买盘
11:16:15	29.06	--	7	20342	卖盘
11:16:06	29.06	0.01	18	52308	买盘
11:15:57	29.05	0.01	9	26145	买盘
11:15:51	29.04	--	1	2904	卖盘
11:15:48	29.04	--	10	29040	卖盘
11:15:42	29.04	-0.02	1	2904	卖盘
11:15:36	29.06	0.02	110	319660	买盘
11:15:33	29.04	-0.01	5	14520	卖盘
11:15:30	29.05	--	40	116200	买盘
11:15:21	29.05	--	1	2905	买盘
11:15:12	29.05	0.01	5	14525	买盘
11:15:09	29.04	-0.01	2	5808	卖盘
11:14:45	29.05	--	1	2905	买盘
11:14:39	29.05	--	18	52290	卖盘
11:14:33	29.05	--	2	5810	卖盘
11:14:30	29.05	--	5	14525	卖盘
11:14:27	29.05	--	2	5810	卖盘
11:14:24	29.05	--	46	133630	买盘
11:14:21	29.05	--	10	29050	买盘
11:14:18	29.05	--	7	20335	买盘
11:14:15	29.05	--	5	14525	买盘
11:14:12	29.05	--	3	8715	买盘
11:14:03	29.05	--	38	110390	卖盘
11:14:00	29.05	--	20	58100	卖盘
11:13:57	29.05	--	3	8715	卖盘
11:13:54	29.05	--	31	90055	买盘
11:13:48	29.05	--	70	203350	买盘
11:13:45	29.05	0.02	13	37765	买盘
11:13:42	29.03	-0.02	6	17418	卖盘
11:13:36	29.05	--	147	427035	买盘
11:13:33	29.05	--	5	14525	买盘
11:13:27	29.05	--	5	14525	买盘
11:13:24	29.05	--	5	14525	买盘
11:13:21	29.05	0.01	132	383460	买盘
11:13:18	29.04	-0.01	53	153912	卖盘
11:13:12	29.05	0.01	8	23240	中性盘
11:13:09	29.04	-0.03	2	5808	卖盘
11:13:06	29.07	0.02	100	290700	买盘
11:13:00	29.05	0.01	3	8715	买盘
11:12:57	29.04	-0.01	1	2904	卖盘
11:12:54	29.05	--	5	14525	买盘
11:12:51	29.05	0.01	3	8715	买盘
11:12:48	29.04	--	3	8712	卖盘
11:12:42	29.04	--	1	2904	买盘
11:12:39	29.04	-0.01	5	14520	买盘
11:12:36	29.05	--	17	49385	买盘
11:12:27	29.05	--	10	29050	买盘
11:12:24	29.05	0.01	15	43575	买盘
11:12:18	29.04	0.02	5	14520	买盘
11:12:15	29.02	--	5	14510	卖盘
11:12:09	29.02	-0.03	4	11608	卖盘
11:12:06	29.05	0.01	300	871500	买盘
11:12:03	29.04	0.02	70	203280	买盘
11:12:00	29.02	-0.01	34	98668	卖盘
11:11:54	29.03	--	21	60963	卖盘
11:11:51	29.03	--	50	145150	卖盘
11:11:48	29.03	--	20	58060	卖盘
11:11:45	29.03	--	8	23224	买盘
11:11:39	29.03	-0.01	2	5806	买盘
11:11:30	29.04	0.01	1	2904	买盘
11:11:24	29.03	-0.01	5	14515	买盘
11:11:21	29.04	--	30	87120	买盘
11:11:18	29.04	--	3	8712	买盘
11:11:06	29.04	0.02	2	5808	买盘
11:11:00	29.02	--	1	2902	卖盘
11:10:57	29.02	--	86	249572	卖盘
11:10:54	29.02	-0.01	10	29020	卖盘
11:10:45	29.03	0.01	4	11612	买盘
11:10:42	29.02	--	5	14510	卖盘
11:10:39	29.02	--	2	5804	卖盘
11:10:27	29.02	--	2	5804	卖盘
11:10:21	29.02	0.01	37	107374	买盘
11:10:12	29.01	--	10	29010	卖盘
11:10:09	29.01	--	43	124743	卖盘
11:10:06	29.01	--	18	52218	卖盘
11:10:03	29.01	--	60	174060	卖盘
11:10:00	29.01	-0.01	3	8703	卖盘
11:09:57	29.02	0.01	1	2902	买盘
11:09:54	29.01	--	7	20307	卖盘
11:09:42	29.01	--	79	229179	买盘
11:09:39	29.01	0.01	2	5802	买盘
11:09:36	29.0	-0.01	21	60900	卖盘
11:09:30	29.01	0.01	15	43515	买盘
11:09:24	29.0	--	3	8700	卖盘
11:09:18	29.0	-0.01	5	14500	卖盘
11:09:15	29.01	0.01	3	8703	买盘
11:09:12	29.0	-0.02	71	205900	卖盘
11:09:09	29.02	0.02	21	60942	买盘
11:09:06	29.0	-0.01	27	78300	卖盘
11:09:03	29.01	--	4	11604	卖盘
11:09:00	29.01	--	14	40614	卖盘
11:08:57	29.01	-0.01	13	37713	卖盘
11:08:54	29.02	0.01	23	66746	买盘
11:08:51	29.01	0.01	2	5802	卖盘
11:08:48	29.0	-0.02	19	55100	卖盘
11:08:45	29.02	0.02	21	60942	买盘
11:08:42	29.0	--	5	14500	卖盘
11:08:39	29.0	--	54	156600	卖盘
11:08:36	29.0	0.08	95	275500	买盘
11:08:33	28.92	-0.01	25	72300	卖盘
11:08:27	28.93	-0.07	39	112827	卖盘
11:08:15	29.0	-0.02	225	652500	卖盘
11:08:09	29.02	--	156	452712	卖盘
11:08:06	29.02	-0.01	2	5804	卖盘
11:08:00	29.03	--	28	81284	卖盘
11:07:57	29.03	--	12	34836	买盘
11:07:51	29.03	0.01	2	5806	买盘
11:07:45	29.02	0.02	18	52236	买盘
11:07:42	29.0	--	26	75400	卖盘
11:07:36	29.0	--	22	63800	卖盘
11:07:27	29.0	--	10	29000	卖盘
11:07:24	29.0	--	3	8700	卖盘
11:07:09	29.0	--	81	234900	卖盘
11:07:06	29.0	--	1	2900	卖盘
11:07:00	29.0	--	8	23200	卖盘
11:06:54	29.0	0.05	587	1702300	买盘
11:06:48	28.95	0.03	7	20265	买盘
11:06:45	28.92	--	30	86760	卖盘
11:06:39	28.92	--	53	153276	卖盘
11:06:30	28.92	-0.03	21	60732	卖盘
11:06:27	28.95	--	25	72375	买盘
11:06:21	28.95	0.03	1	2895	买盘
11:06:15	28.92	-0.03	13	37596	卖盘
11:06:12	28.95	--	3	8685	卖盘
11:06:06	28.95	--	7	20265	卖盘
11:06:03	28.95	-0.02	22	63690	卖盘
11:05:57	28.97	--	9	26073	买盘
11:05:51	28.97	-0.01	10	28970	卖盘
11:05:48	28.98	--	2	5796	卖盘
11:05:45	28.98	--	9	26082	卖盘
11:05:42	28.98	--	7	20286	卖盘
11:05:39	28.98	-0.02	15	43470	卖盘
11:05:33	29.0	0.02	17	49300	买盘
11:05:30	28.98	-0.01	8	23184	卖盘
11:05:24	28.99	-0.01	4	11596	卖盘
11:05:15	29.0	0.01	9	26100	买盘
11:05:12	28.99	-0.01	5	14495	卖盘
11:05:09	29.0	-0.01	142	411800	卖盘
11:05:06	29.01	0.01	29	84129	买盘
11:05:03	29.0	--	76	220400	卖盘
11:05:00	29.0	--	30	87000	卖盘
11:04:57	29.0	--	71	205900	卖盘
11:04:54	29.0	--	14	40600	卖盘
11:04:48	29.0	--	20	58000	卖盘
11:04:45	29.0	--	1	2900	卖盘
11:04:42	29.0	--	22	63800	卖盘
11:04:39	29.0	--	3	8700	卖盘
11:04:33	29.0	-0.01	3	8700	卖盘
11:04:30	29.01	--	8	23208	卖盘
11:04:24	29.01	--	13	37713	卖盘
11:04:15	29.01	-0.02	15	43515	卖盘
11:04:09	29.03	0.01	1	2903	中性盘
11:04:03	29.02	-0.01	9	26118	卖盘
11:04:00	29.03	--	1	2903	卖盘
11:03:57	29.03	-0.01	2	5806	卖盘
11:03:48	29.04	--	2	5808	买盘
11:03:42	29.04	--	4	11616	卖盘
11:03:36	29.04	-0.01	6	17424	卖盘
11:03:27	29.05	--	10	29050	卖盘
11:03:24	29.05	0.01	6	17430	买盘
11:03:21	29.04	--	5	14520	卖盘
11:03:12	29.04	0.03	5	14520	买盘
11:03:06	29.01	--	10	29010	中性盘
11:03:03	29.01	--	7	20307	买盘
11:02:57	29.01	--	5	14505	买盘
11:02:45	29.01	-0.06	23	66723	卖盘
11:02:42	29.07	--	17	49419	买盘
11:02:39	29.07	--	2	5814	买盘
11:02:33	29.07	0.02	10	29070	买盘
11:02:30	29.05	--	29	85755	卖盘
11:02:24	29.05	-0.02	3	8715	卖盘
11:02:18	29.07	--	7	20349	买盘
11:02:15	29.07	-0.01	40	116280	卖盘
11:02:12	29.08	0.01	100	290800	买盘
11:02:09	29.07	--	1	2907	卖盘
11:02:03	29.07	--	24	69768	卖盘
11:02:00	29.07	0.02	54	156978	买盘
11:01:57	29.05	0.04	68	198934	买盘
11:01:54	29.01	-0.04	1	2901	卖盘
11:01:51	29.05	0.05	20	58100	买盘
11:01:48	29.0	-0.01	39	113100	卖盘
11:01:45	29.01	-0.03	5	14505	中性盘
11:01:39	29.04	0.04	61	177144	买盘
11:01:36	29.0	--	16	46400	卖盘
11:01:30	29.0	--	12	34800	卖盘
11:01:27	29.0	--	1	2900	卖盘
11:01:24	29.0	--	28	81200	卖盘
11:01:21	29.0	-0.04	3	8700	卖盘
11:01:18	29.04	0.04	8	23232	买盘
11:01:09	29.0	-0.04	23	66700	卖盘
11:01:06	29.04	-0.02	5	14520	中性盘
11:01:03	29.06	--	6	17436	卖盘
11:01:00	29.06	0.01	25	72650	买盘
11:00:54	29.05	-0.01	2	5810	中性盘
11:00:51	29.06	--	13	37778	卖盘
11:00:48	29.06	-0.03	20	58120	中性盘
11:00:42	29.09	0.08	100	290900	买盘
11:00:39	29.01	-0.05	8	23208	卖盘
11:00:36	29.06	-0.03	18	52308	卖盘
11:00:33	29.09	--	3	8727	卖盘
11:00:30	29.09	-0.01	46	133814	卖盘
11:00:27	29.1	--	11	32010	买盘
11:00:24	29.1	--	23	66930	买盘
11:00:21	29.1	-0.02	2	5820	中性盘
11:00:18	29.12	--	150	436800	买盘
11:00:15	29.12	--	16	46592	买盘
11:00:12	29.12	--	5	14560	买盘
11:00:09	29.12	0.01	20	58240	卖盘
11:00:06	29.11	-0.02	166	483226	卖盘
11:00:03	29.13	0.01	48	139824	卖盘
11:00:00	29.12	0.01	110	320320	买盘
10:59:57	29.11	-0.01	79	229969	卖盘
10:59:51	29.12	-0.03	1	2912	卖盘
10:59:48	29.15	0.03	38	110770	买盘
10:59:45	29.12	0.01	17	49504	买盘
10:59:42	29.11	--	43	125173	买盘
10:59:39	29.11	--	81	235791	买盘
10:59:36	29.11	--	40	116440	买盘
10:59:33	29.11	0.01	4	11644	买盘
10:59:30	29.1	0.01	40	116400	买盘
10:59:27	29.09	0.01	10	29090	中性盘
10:59:24	29.08	-0.02	89	258811	买盘
10:59:18	29.1	--	20	58200	买盘
10:59:15	29.1	0.04	209	608190	买盘
10:59:12	29.06	0.01	92	267352	中性盘
10:59:03	29.05	0.01	2	5810	买盘
10:59:00	29.04	0.04	98	284592	买盘
10:58:57	29.0	-0.01	36	104400	卖盘
10:58:54	29.01	0.01	29	84129	买盘
10:58:51	29.0	--	72	209235	买盘
10:58:48	29.0	0.04	309	896100	买盘
10:58:45	28.96	0.01	9	26064	卖盘
10:58:42	28.95	-0.01	513	1485135	卖盘
10:58:39	28.96	0.01	32	92672	买盘
10:58:36	28.95	-0.01	22	63690	卖盘
10:58:33	28.96	--	12	34752	买盘
10:58:30	28.96	-0.01	6	17376	买盘
10:58:27	28.97	0.01	20	57940	买盘
10:58:18	28.96	-0.01	74	214304	卖盘
10:58:15	28.97	0.01	4	11588	买盘
10:58:12	28.96	-0.01	3	8688	中性盘
10:58:09	28.97	0.02	13	37661	买盘
10:58:03	28.95	0.02	3	8685	中性盘
10:58:00	28.93	-0.04	1	2893	卖盘
10:57:57	28.97	0.02	107	309979	买盘
10:57:54	28.95	--	31	89745	买盘
10:57:51	28.95	-0.01	22	66556	卖盘
10:57:48	28.96	--	8	23168	卖盘
10:57:45	28.96	--	7	20300	买盘
10:57:42	28.96	0.04	59	170864	买盘
10:57:39	28.92	-0.04	48	139770	卖盘
10:57:33	28.96	0.01	166	482676	买盘
10:57:30	28.95	0.02	1	2895	买盘
10:57:27	28.93	--	25	72325	卖盘
10:57:24	28.93	-0.02	20	57860	中性盘
10:57:21	28.95	--	210	607950	买盘
10:57:18	28.95	--	21	60795	买盘
10:57:15	28.95	0.03	60	173700	买盘
10:57:12	28.92	-0.03	9	26028	卖盘
10:57:06	28.95	0.03	208	602160	买盘
10:57:03	28.92	--	3	8676	买盘
10:57:00	28.92	--	7	20244	卖盘
10:56:57	28.92	0.01	29	83868	买盘
10:56:48	28.91	-0.01	10	28910	中性盘
10:56:45	28.92	0.01	20	57840	买盘
10:56:42	28.91	--	6	17346	买盘
10:56:33	28.91	0.03	174	503034	买盘
10:56:30	28.88	--	58	167504	卖盘
10:56:21	28.88	--	17	50655	买盘
10:56:18	28.88	--	90	259920	买盘
10:56:12	28.88	--	15	43320	买盘
10:56:09	28.88	--	10	28880	买盘
10:56:03	28.88	0.06	8	23104	买盘
10:56:00	28.82	-0.02	17	48994	卖盘
10:55:57	28.84	0.02	1	2884	卖盘
10:55:51	28.82	-0.01	23	66286	买盘
10:55:45	28.83	0.01	4	11532	卖盘
10:55:39	28.82	--	4	11528	买盘
10:55:36	28.82	0.07	4	11528	买盘
10:55:30	28.75	-0.04	32	92000	卖盘
10:55:24	28.79	0.04	34	97886	买盘
10:55:21	28.75	0.02	2	5750	买盘
10:55:18	28.73	-0.02	32	91936	卖盘
10:55:15	28.75	--	66	189750	买盘
10:55:12	28.75	--	5	14375	买盘
10:55:06	28.75	-0.07	12	34500	卖盘
10:55:00	28.82	0.02	38	109516	买盘
10:54:57	28.8	--	5	14400	买盘
10:54:48	28.8	-0.02	26	74880	卖盘
10:54:45	28.82	-0.06	5	14410	卖盘
10:54:36	28.88	0.06	27	77976	买盘
10:54:33	28.82	-0.06	18	51876	卖盘
10:54:30	28.88	-0.02	3	8664	中性盘
10:54:21	28.9	--	17	49130	买盘
10:54:15	28.9	0.05	15	43350	买盘
10:54:12	28.85	-0.05	19	54815	卖盘
10:54:09	28.9	-0.01	181	523090	卖盘
10:54:06	28.91	0.01	23	66493	买盘
10:54:03	28.9	--	15	43350	卖盘
10:54:00	28.9	--	9	26010	卖盘
10:53:54	28.9	--	5	14450	卖盘
10:53:51	28.9	--	10	28900	卖盘
10:53:48	28.9	-0.02	15	43350	卖盘
10:53:45	28.92	--	10	28920	卖盘
10:53:42	28.92	0.01	31	89652	买盘
10:53:39	28.91	-0.02	11	31801	卖盘
10:53:36	28.93	0.01	45	130185	买盘
10:53:33	28.92	--	7	20244	卖盘
10:53:30	28.92	--	14	40488	卖盘
10:53:27	28.92	--	16	46272	卖盘
10:53:24	28.92	-0.01	20	57840	卖盘
10:53:21	28.93	0.02	19	54967	买盘
10:53:18	28.91	-0.02	8	23128	卖盘
10:53:15	28.93	--	34	98362	买盘
10:53:12	28.93	--	34	98362	卖盘
10:53:06	28.93	-0.01	174	503382	卖盘
10:53:00	28.94	--	20	57880	买盘
10:52:57	28.94	0.01	13	37622	买盘
10:52:54	28.93	--	53	153329	买盘
10:52:51	28.93	--	5	14465	买盘
10:52:48	28.93	-0.02	50	144650	卖盘
10:52:45	28.95	--	6	17370	买盘
10:52:42	28.95	0.02	73	211335	买盘
10:52:39	28.93	-0.02	55	159115	卖盘
10:52:36	28.95	0.01	35	101325	买盘
10:52:30	28.94	-0.01	56	162064	中性盘
10:52:27	28.95	0.02	24	69480	买盘
10:52:24	28.93	0.03	200	578600	买盘
10:52:21	28.9	-0.05	94	271660	卖盘
10:52:18	28.95	0.02	37	107115	买盘
10:52:12	28.93	0.03	13	37609	中性盘
10:52:09	28.9	-0.03	28	80920	卖盘
10:52:06	28.93	--	22	63646	买盘
10:52:03	28.93	0.03	23	66539	买盘
10:52:00	28.9	-0.03	17	49130	卖盘
10:51:57	28.93	0.03	3	8679	卖盘
10:51:54	28.9	-0.03	2	5780	卖盘
10:51:51	28.93	-0.03	4	11572	中性盘
10:51:48	28.96	0.03	28	81088	买盘
10:51:45	28.93	-0.03	15	43395	卖盘
10:51:42	28.96	--	74	214304	买盘
10:51:39	28.96	0.01	270	781920	买盘
10:51:36	28.95	-0.01	23	66585	卖盘
10:51:33	28.96	0.01	99	286704	买盘
10:51:30	28.95	--	4	11580	买盘
10:51:27	28.95	--	41	118695	买盘
10:51:24	28.95	-0.01	9	26055	卖盘
10:51:21	28.96	--	1	2896	买盘
10:51:18	28.96	--	99	286704	卖盘
10:51:15	28.96	--	47	136112	卖盘
10:51:12	28.96	--	41	118736	卖盘
10:51:09	28.96	0.03	42	121632	买盘
10:51:06	28.93	--	79	228547	卖盘
10:51:03	28.93	--	65	188045	买盘
10:51:00	28.93	--	70	202510	买盘
10:50:57	28.93	--	59	170687	买盘
10:50:54	28.93	--	130	376090	买盘
10:50:51	28.93	-0.02	235	679855	卖盘
10:50:48	28.95	-0.01	20	57900	卖盘
10:50:45	28.96	0.01	23	66608	买盘
10:50:42	28.95	--	48	138960	卖盘
10:50:39	28.95	0.02	6	17370	买盘
10:50:33	28.93	0.03	4	11572	买盘
10:50:27	28.9	0.05	142	410380	买盘
10:50:24	28.85	0.02	6	17310	卖盘
10:50:21	28.83	0.03	161	464163	买盘
10:50:09	28.8	0.1	434	1249920	买盘
10:50:06	28.7	--	40	114800	买盘
10:50:00	28.7	--	6	17220	买盘
10:49:57	28.7	0.02	231	662970	买盘
10:49:54	28.68	0.01	11	31548	买盘
10:49:51	28.67	--	21	60207	中性盘
10:49:42	28.67	--	6	17202	买盘
10:49:36	28.67	0.01	27	77409	买盘
10:49:33	28.66	--	37	106042	买盘
10:49:27	28.66	0.01	100	286600	买盘
10:49:24	28.65	0.01	84	240660	买盘
10:49:21	28.64	--	16	45824	买盘
10:49:18	28.64	0.01	16	45824	买盘
10:49:15	28.63	--	15	42945	买盘
10:49:12	28.63	--	2	5726	买盘
10:49:09	28.63	--	14	40082	买盘
10:49:06	28.63	0.01	25	71575	买盘
10:49:03	28.62	--	91	260442	买盘
10:49:00	28.62	--	17	48654	买盘
10:48:57	28.62	0.05	2	5724	买盘
10:48:54	28.57	--	6	17142	卖盘
10:48:51	28.57	-0.05	5	14285	中性盘
10:48:48	28.62	0.04	288	824256	买盘
10:48:45	28.58	0.01	16	45728	买盘
10:48:42	28.57	0.01	7	19999	买盘
10:48:33	28.56	-0.01	240	685440	中性盘
10:48:30	28.57	--	46	131422	买盘
10:48:27	28.57	0.01	68	194276	买盘
10:48:24	28.56	--	3	8568	买盘
10:48:18	28.56	0.01	4	11424	买盘
10:48:15	28.55	--	12	34260	买盘
10:48:12	28.55	--	33	94215	买盘
10:48:09	28.55	--	25	71375	买盘
10:48:06	28.55	0.01	30	85650	买盘
10:48:03	28.54	-0.01	53	151262	卖盘
10:48:00	28.55	0.01	10	28550	买盘
10:47:57	28.54	0.01	162	462348	买盘
10:47:54	28.53	--	11	31383	买盘
10:47:51	28.53	--	23	65619	买盘
10:47:45	28.53	--	6	17118	买盘
10:47:42	28.53	0.01	83	236799	买盘
10:47:39	28.52	-0.01	4	11408	卖盘
10:47:36	28.53	0.01	42	119826	买盘
10:47:30	28.52	--	29	82708	买盘
10:47:27	28.52	--	10	28520	买盘
10:47:21	28.52	0.01	36	102672	买盘
10:47:12	28.51	0.02	43	122593	买盘
10:47:09	28.49	-0.02	6	17094	卖盘
10:47:06	28.51	0.01	70	199570	买盘
10:47:03	28.5	--	2	5700	买盘
10:47:00	28.5	--	10	28500	买盘
10:46:57	28.5	--	21	59850	卖盘
10:46:51	28.5	--	19	54150	买盘
10:46:48	28.5	--	6	17100	买盘
10:46:45	28.5	--	32	91200	买盘
10:46:33	28.5	--	5	14250	买盘
10:46:30	28.5	0.01	50	142500	买盘
10:46:27	28.49	-0.01	3	8547	中性盘
10:46:24	28.5	0.04	99	282150	买盘
10:46:18	28.46	-0.04	1	2846	中性盘
10:46:15	28.5	0.04	75	213750	买盘
10:46:12	28.46	--	6	17076	卖盘
10:46:06	28.46	-0.04	34	96764	卖盘
10:46:03	28.5	0.02	31	88350	买盘
10:45:54	28.48	-0.02	3	8544	卖盘
10:45:51	28.5	--	86	245100	买盘
10:45:39	28.5	0.02	187	532950	买盘
10:45:33	28.48	--	1	2848	买盘
10:45:27	28.48	0.02	120	341760	买盘
10:45:18	28.46	--	1	2846	卖盘
10:45:12	28.46	0.01	4	11384	买盘
10:45:06	28.45	--	13	36985	卖盘
10:45:00	28.45	--	3	10042	卖盘
10:44:57	28.45	-0.01	55	156475	卖盘
10:44:54	28.46	-0.03	137	389902	卖盘
10:44:45	28.49	0.01	10	28490	买盘
10:44:42	28.48	-0.01	13	37024	卖盘
10:44:39	28.49	0.01	52	148148	买盘
10:44:36	28.48	--	5	14240	卖盘
10:44:30	28.48	0.02	52	148096	中性盘
10:44:18	28.46	-0.03	7	19922	卖盘
10:44:15	28.49	0.03	69	196581	买盘
10:43:51	28.46	-0.04	1	2846	卖盘
10:43:48	28.5	0.04	16	45600	买盘
10:43:45	28.46	-0.03	20	56920	卖盘
10:43:42	28.49	--	7	19943	买盘
10:43:39	28.49	--	50	142450	买盘
10:43:24	28.49	-0.01	27	76923	卖盘
10:43:18	28.5	0.03	8	22800	买盘
10:43:15	28.47	-0.03	4	11388	中性盘
10:43:12	28.5	0.01	30	85500	买盘
10:43:06	28.49	--	7	19943	买盘
10:42:57	28.49	0.04	5	14245	买盘
10:42:54	28.45	-0.04	3	8535	卖盘
10:42:51	28.49	0.04	14	39886	买盘
10:42:48	28.45	-0.04	11	31295	卖盘
10:42:42	28.49	--	1	2849	买盘
10:42:39	28.49	--	7	19943	买盘
10:42:36	28.49	0.04	3	8547	买盘
10:42:21	28.45	-0.03	104	295880	卖盘
10:42:18	28.48	0.02	134	381632	买盘
10:42:12	28.46	--	12	34152	买盘
10:42:09	28.46	0.01	14	39844	买盘
10:42:00	28.45	-0.01	30	85350	卖盘
10:41:54	28.46	0.01	5	14230	买盘
10:41:51	28.45	--	2	5690	卖盘
10:41:48	28.45	-0.03	6	17070	卖盘
10:41:42	28.48	0.02	10	28480	买盘
10:41:33	28.46	-0.02	5	14230	卖盘
10:41:21	28.48	--	12	34176	卖盘
10:41:18	28.48	-0.02	28	79744	卖盘
10:41:15	28.5	--	4	11400	买盘
10:41:12	28.5	--	20	57000	买盘
10:41:09	28.5	0.01	7	19950	买盘
10:41:03	28.49	-0.01	5	14245	中性盘
10:40:57	28.5	--	10	28500	买盘
10:40:54	28.5	--	11	31350	买盘
10:40:48	28.5	--	4	11400	买盘
10:40:39	28.5	--	10	28500	买盘
10:40:36	28.5	--	15	42750	买盘
10:40:30	28.5	--	2	5700	买盘
10:40:27	28.5	--	42	119700	买盘
10:40:24	28.5	--	65	185250	买盘
10:40:21	28.5	--	15	42750	买盘
10:40:15	28.5	--	23	65550	买盘
10:40:12	28.5	--	41	116850	买盘
10:40:09	28.5	--	100	285000	买盘
10:40:03	28.5	0.02	30	85500	买盘
10:40:00	28.48	--	7	19936	买盘
10:39:57	28.48	0.02	32	91136	买盘
10:39:54	28.46	0.02	78	221988	买盘
10:39:51	28.44	-0.01	10	28440	中性盘
10:39:48	28.45	0.01	14	39830	买盘
10:39:45	28.44	0.01	129	366876	买盘
10:39:39	28.43	--	10	28430	买盘
10:39:33	28.43	0.02	59	167737	买盘
10:39:30	28.41	0.01	35	99435	买盘
10:39:27	28.4	0.01	1000	2840880	买盘
10:39:24	28.39	0.01	30	85170	买盘
10:39:15	28.38	0.02	20	56760	买盘
10:39:06	28.36	0.02	36	102266	买盘
10:39:03	28.34	-0.02	6	17004	卖盘
10:39:00	28.36	0.02	59	167324	买盘
10:38:54	28.34	--	5	14170	买盘
10:38:51	28.34	--	3	8502	买盘
10:38:48	28.34	--	22	62348	买盘
10:38:45	28.34	--	13	36842	买盘
10:38:42	28.34	-0.01	156	442104	卖盘
10:38:39	28.35	--	121	343035	买盘
10:38:36	28.35	0.01	11	31185	买盘
10:38:24	28.34	--	8	22672	买盘
10:38:15	28.34	--	8	22672	买盘
10:38:09	28.34	0.01	15	42510	买盘
10:38:00	28.33	0.01	25	70825	买盘
10:37:57	28.32	--	2	5664	卖盘
10:37:51	28.32	-0.01	5	14160	卖盘
10:37:48	28.33	0.01	14	39662	中性盘
10:37:33	28.32	0.01	97	274704	买盘
10:37:27	28.31	--	1	2831	买盘
10:37:18	28.31	0.02	2	5662	买盘
10:37:15	28.29	--	20	56608	买盘
10:37:00	28.29	0.02	2	5658	买盘
10:36:54	28.27	-0.02	4	11308	卖盘
10:36:45	28.29	--	14	39606	买盘
10:36:42	28.29	--	3	8487	买盘
10:36:33	28.29	-0.01	11	33919	卖盘
10:36:30	28.3	--	5	14150	卖盘
10:36:27	28.3	0.01	226	639580	买盘
10:36:24	28.29	--	2	5658	卖盘
10:36:15	28.29	-0.01	16	45264	卖盘
10:36:12	28.3	0.01	5	14150	买盘
10:36:09	28.29	--	1	2829	卖盘
10:35:54	28.29	-0.01	9	25461	卖盘
10:35:45	28.3	0.01	6	16980	买盘
10:35:33	28.29	-0.01	57	161253	卖盘
10:35:27	28.3	-0.01	10	28300	买盘
10:35:18	28.31	0.02	78	220818	买盘
10:35:12	28.29	0.04	22	62266	买盘
10:35:09	28.25	--	12	33900	卖盘
10:35:06	28.25	-0.04	6	16950	卖盘
10:35:00	28.29	-0.02	27	79183	卖盘
10:34:57	28.31	--	35	99085	买盘
10:34:54	28.31	0.04	1	2831	买盘
10:34:45	28.27	-0.01	47	132869	卖盘
10:34:33	28.28	--	1	2828	卖盘
10:34:21	28.28	-0.02	10	28280	卖盘
10:34:18	28.3	0.02	3	8490	买盘
10:34:15	28.28	-0.03	134	378952	卖盘
10:34:09	28.31	-0.03	23	65113	买盘
10:34:00	28.34	0.02	155	439270	中性盘
10:33:48	28.32	-0.01	2	5664	卖盘
10:33:39	28.33	0.01	1	2833	中性盘
10:33:24	28.32	0.01	62	175584	买盘
10:33:12	28.31	0.02	44	124564	买盘
10:33:09	28.29	-0.01	58	164082	卖盘
10:33:06	28.3	--	2	5660	买盘
10:32:57	28.3	--	8	22640	买盘
10:32:51	28.3	--	8	22640	买盘
10:32:45	28.3	--	6	16980	买盘
10:32:30	28.3	--	1	2830	买盘
10:32:24	28.3	0.01	10	28300	买盘
10:32:15	28.29	-0.01	1	2857	中性盘
10:32:09	28.3	0.02	2	5660	买盘
10:32:06	28.28	-0.01	41	115948	卖盘
10:32:00	28.29	--	1	2829	卖盘
10:31:57	28.29	0.01	1	2829	买盘
10:31:51	28.28	--	3	8484	卖盘
10:31:45	28.28	--	14	39592	卖盘
10:31:36	28.28	0.03	37	104636	买盘
10:31:30	28.25	--	5	14125	卖盘
10:31:21	28.25	-0.01	19	53675	卖盘
10:31:03	28.26	-0.02	5	14130	卖盘
10:30:54	28.28	-0.02	35	98980	卖盘
10:30:48	28.3	--	2	5660	买盘
10:30:42	28.3	-0.02	8	22640	卖盘
10:30:36	28.32	-0.03	49	138768	卖盘
10:30:30	28.35	--	20	56700	买盘
10:30:27	28.35	--	27	76545	买盘
10:30:24	28.35	--	89	252315	卖盘
10:30:18	28.35	--	7	19845	卖盘
10:30:15	28.35	--	4	11340	卖盘
10:30:09	28.35	0.01	50	141750	买盘
10:30:06	28.34	-0.01	21	59514	卖盘
10:29:57	28.35	0.01	2	5670	买盘
10:29:54	28.34	-0.01	13	36842	卖盘
10:29:48	28.35	0.01	30	85050	买盘
10:29:45	28.34	0.02	1	2834	中性盘
10:29:33	28.32	-0.03	4	11328	卖盘
10:29:27	28.35	0.03	30	85050	买盘
10:29:18	28.32	-0.03	1	2832	卖盘
10:29:06	28.35	--	13	36855	卖盘
10:29:03	28.35	-0.01	7	19845	卖盘
10:29:00	28.36	0.05	3	8508	买盘
10:28:54	28.31	--	3	8493	买盘
10:28:48	28.31	-0.05	57	161367	卖盘
10:28:45	28.36	0.05	6	17016	买盘
10:28:42	28.31	--	9	25479	卖盘
10:28:36	28.31	-0.04	54	152874	卖盘
10:28:33	28.35	-0.01	25	72122	卖盘
10:28:30	28.36	--	2	5672	买盘
10:28:15	28.36	--	7	19852	买盘
10:28:09	28.36	--	2	5672	卖盘
10:28:00	28.36	-0.01	5	14180	卖盘
10:27:51	28.37	--	4	11348	买盘
10:27:48	28.37	--	38	107806	卖盘
10:27:45	28.37	--	5	14185	卖盘
10:27:42	28.37	--	25	70925	卖盘
10:27:21	28.37	-0.01	10	28370	卖盘
10:27:18	28.38	--	6	17028	卖盘
10:27:15	28.38	--	2	5676	卖盘
10:27:12	28.38	0.01	12	34056	买盘
10:27:09	28.37	-0.01	4	11348	卖盘
10:27:03	28.38	0.01	10	28380	买盘
10:26:57	28.37	-0.01	42	119154	卖盘
10:26:51	28.38	0.01	17	48246	买盘
10:26:48	28.37	--	23	65251	卖盘
10:26:45	28.37	-0.01	2	5674	卖盘
10:26:39	28.38	--	3	8514	买盘
10:26:36	28.38	--	4	11352	买盘
10:26:33	28.38	0.01	1	2838	买盘
10:26:30	28.37	-0.01	4	11348	卖盘
10:26:24	28.38	--	13	36894	买盘
10:26:15	28.38	0.01	2	5676	买盘
10:26:12	28.37	--	6	17022	卖盘
10:26:09	28.37	--	6	17022	卖盘
10:26:06	28.37	--	35	99295	买盘
10:26:03	28.37	0.02	2	5674	买盘
10:26:00	28.35	-0.01	7	19845	卖盘
10:25:57	28.36	0.01	39	110604	买盘
10:25:48	28.35	--	200	568587	买盘
10:25:45	28.35	--	54	153090	买盘
10:25:42	28.35	--	141	399735	买盘
10:25:36	28.35	--	25	70875	买盘
10:25:33	28.35	--	5	14175	买盘
10:25:27	28.35	--	52	147420	买盘
10:25:24	28.35	0.02	5	14175	买盘
10:25:15	28.33	0.01	22	62325	买盘
10:25:12	28.32	--	45	127440	买盘
10:25:03	28.32	0.02	259	733488	买盘
10:24:51	28.3	--	117	331987	买盘
10:24:48	28.3	--	1	2830	买盘
10:24:45	28.3	0.03	108	305640	买盘
10:24:42	28.27	--	180	508860	卖盘
10:24:36	28.27	-0.03	6	16962	卖盘
10:24:27	28.3	0.01	200	566000	买盘
10:24:24	28.29	--	36	101844	卖盘
10:24:18	28.29	-0.01	10	28290	卖盘
10:24:15	28.3	--	2	5660	买盘
10:24:03	28.3	0.01	4	11320	买盘
10:24:00	28.29	0.02	9	25461	买盘
10:23:57	28.27	-0.02	54	152658	卖盘
10:23:48	28.29	0.02	25	70725	买盘
10:23:45	28.27	--	24	67848	买盘
10:23:39	28.27	0.01	1	2827	买盘
10:23:36	28.26	-0.01	6	16956	卖盘
10:23:21	28.27	--	3	8481	买盘
10:23:09	28.27	--	50	141350	卖盘
10:23:06	28.27	--	22	62194	卖盘
10:23:00	28.27	--	3	8481	卖盘
10:22:57	28.27	-0.02	9	25443	卖盘
10:22:51	28.29	0.02	5	14145	买盘
10:22:48	28.27	--	4	11308	买盘
10:22:39	28.27	--	31	87637	卖盘
10:22:30	28.27	--	3	8481	卖盘
10:22:27	28.27	--	3	8481	卖盘
10:22:21	28.27	0.02	7	19789	买盘
10:22:18	28.25	-0.01	3	8475	中性盘
10:22:06	28.26	--	61	172386	卖盘
10:21:57	28.26	--	2	5652	卖盘
10:21:54	28.26	0.03	26	73476	买盘
10:21:51	28.23	-0.03	39	110097	卖盘
10:21:42	28.26	--	5	14130	买盘
10:21:39	28.26	--	4	11304	买盘
10:21:36	28.26	0.01	10	28260	买盘
10:21:33	28.25	-0.01	22	62150	卖盘
10:21:30	28.26	--	6	16956	买盘
10:21:24	28.26	--	22	62172	买盘
10:21:21	28.26	-0.04	42	118692	中性盘
10:21:12	28.3	0.04	20	56600	买盘
10:21:06	28.26	--	9	25434	卖盘
10:21:03	28.26	-0.04	14	39564	卖盘
10:21:00	28.3	--	9	25470	买盘
10:20:57	28.3	--	2	5660	买盘
10:20:48	28.3	--	4	11320	买盘
10:20:42	28.3	0.04	15	42450	买盘
10:20:36	28.26	-0.03	72	203472	卖盘
10:20:33	28.29	0.03	20	56580	买盘
10:20:30	28.26	-0.03	20	56520	卖盘
10:20:27	28.29	--	2	5658	卖盘
10:20:21	28.29	--	9	25461	买盘
10:20:18	28.29	--	5	14145	买盘
10:20:15	28.29	--	8	22632	买盘
10:20:12	28.29	0.03	2	5658	买盘
10:20:09	28.26	--	1	2826	卖盘
10:20:06	28.26	-0.03	14	39564	卖盘
10:20:03	28.29	-0.01	12	33948	卖盘
10:20:00	28.3	0.01	3	8490	买盘
10:19:54	28.29	--	25	70725	买盘
10:19:48	28.29	0.03	3	8487	买盘
10:19:39	28.26	-0.03	22	62172	卖盘
10:19:36	28.29	--	40	113160	卖盘
10:19:33	28.29	--	8	22632	卖盘
10:19:30	28.29	-0.01	2	5658	卖盘
10:19:27	28.3	--	10	28300	买盘
10:19:24	28.3	0.01	5	14150	买盘
10:19:18	28.29	-0.01	5	14145	卖盘
10:19:15	28.3	--	8	22640	买盘
10:19:09	28.3	0.01	16	45280	买盘
10:19:06	28.29	-0.01	7	19803	卖盘
10:19:03	28.3	--	44	124520	买盘
10:19:00	28.3	--	21	59430	买盘
10:18:57	28.3	--	78	220740	买盘
10:18:54	28.3	--	9	25470	买盘
10:18:51	28.3	0.01	11	31130	买盘
10:18:39	28.29	--	2	5658	卖盘
10:18:36	28.29	0.04	109	308361	买盘
10:18:30	28.25	-0.03	2	5650	卖盘
10:18:27	28.28	--	9	25452	卖盘
10:18:24	28.28	--	4	11312	卖盘
10:18:18	28.28	0.02	5	14140	买盘
10:18:12	28.26	--	37	104562	买盘
10:18:09	28.26	--	7	19782	卖盘
10:18:06	28.26	--	17	48042	卖盘
10:18:00	28.26	-0.03	4	11304	卖盘
10:17:57	28.29	0.03	34	96186	买盘
10:17:51	28.26	--	5	14130	卖盘
10:17:48	28.26	--	4	11304	卖盘
10:17:42	28.26	0.01	1	2826	中性盘
10:17:33	28.25	-0.01	64	180800	卖盘
10:17:30	28.26	--	4	11304	买盘
10:17:27	28.26	--	1	2826	买盘
10:17:21	28.26	--	5	14130	卖盘
10:17:12	28.26	--	1	2826	卖盘
10:17:09	28.26	--	226	638676	买盘
10:17:06	28.26	0.02	3	8478	买盘
10:16:48	28.24	--	6	16944	卖盘
10:16:45	28.24	0.04	47	132728	买盘
10:16:39	28.2	-0.02	9	26479	卖盘
10:16:33	28.22	-0.04	46	131533	卖盘
10:16:27	28.26	--	25	70650	买盘
10:16:24	28.26	0.02	23	64998	买盘
10:16:21	28.24	-0.02	49	138376	卖盘
10:16:15	28.26	--	2	5652	买盘
10:16:12	28.26	0.01	14	39564	卖盘
10:16:09	28.25	-0.05	10	28250	卖盘
10:16:06	28.3	--	19	53770	买盘
10:16:03	28.3	--	1	2830	买盘
10:15:54	28.3	0.01	30	84900	买盘
10:15:51	28.29	-0.01	27	76383	中性盘
10:15:39	28.3	0.05	82	232201	买盘
10:15:36	28.25	-0.05	60	169500	卖盘
10:15:30	28.3	0.02	20	56600	买盘
10:15:27	28.28	0.03	253	715597	买盘
10:15:24	28.25	--	2	5650	卖盘
10:15:12	28.25	--	163	463045	买盘
10:15:09	28.25	0.01	82	231650	买盘
10:15:06	28.24	--	6	16944	卖盘
10:15:03	28.24	-0.01	54	152496	卖盘
10:15:00	28.25	--	57	161025	买盘
10:14:51	28.25	0.01	80	226000	买盘
10:14:48	28.24	-0.01	18	50832	卖盘
10:14:45	28.25	0.01	2	5650	买盘
10:14:39	28.24	-0.01	8	22592	卖盘
10:14:36	28.25	0.01	24	67800	买盘
10:14:27	28.24	0.04	4	11296	中性盘
10:14:24	28.2	-0.05	5	14100	卖盘
10:14:21	28.25	--	5	14125	买盘
10:14:18	28.25	0.05	110	310750	买盘
10:14:15	28.2	--	4	11280	卖盘
10:14:12	28.2	-0.05	10	28200	卖盘
10:14:09	28.25	--	5	14125	买盘
10:14:06	28.25	--	28	81416	买盘
10:14:00	28.25	--	2	5650	买盘
10:13:51	28.25	0.01	102	288150	买盘
10:13:48	28.24	--	11	31064	买盘
10:13:42	28.24	0.03	20	56480	买盘
10:13:39	28.21	0.01	8	22568	卖盘
10:13:36	28.2	--	46	129720	卖盘
10:13:27	28.2	-0.04	3	8460	卖盘
10:13:24	28.24	0.03	46	129904	买盘
10:13:21	28.21	0.01	1	2821	买盘
10:13:15	28.2	--	7	20247	买盘
10:13:12	28.2	--	1	2820	买盘
10:13:09	28.2	0.03	10	28200	买盘
10:13:03	28.17	-0.03	6	16902	卖盘
10:13:00	28.2	--	28	78960	买盘
10:12:57	28.2	--	7	19740	买盘
10:12:48	28.2	--	20	56400	买盘
10:12:45	28.2	--	4	11280	买盘
10:12:42	28.2	--	75	211500	买盘
10:12:39	28.2	--	41	115620	买盘
10:12:36	28.2	--	1	2820	买盘
10:12:33	28.2	--	3	8460	买盘
10:12:30	28.2	--	9	25380	买盘
10:12:27	28.2	--	30	84600	买盘
10:12:24	28.2	--	109	307380	买盘
10:12:21	28.2	--	10	28200	买盘
10:12:18	28.2	--	13	36660	买盘
10:12:12	28.2	0.05	21	59220	买盘
10:12:03	28.15	-0.05	98	275870	卖盘
10:12:00	28.2	0.05	61	172020	买盘
10:11:57	28.15	--	1	2815	卖盘
10:11:54	28.15	--	14	39944	买盘
10:11:48	28.15	--	136	382840	买盘
10:11:39	28.15	0.02	5	14075	买盘
10:11:36	28.13	--	7	19691	买盘
10:11:33	28.13	-0.02	2	5626	卖盘
10:11:30	28.15	--	1	2815	买盘
10:11:24	28.15	0.02	100	281500	买盘
10:11:21	28.13	--	11	30943	买盘
10:11:18	28.13	--	6	16878	买盘
10:11:15	28.13	--	3	8439	买盘
10:11:12	28.13	--	1	2813	买盘
10:11:06	28.13	--	1	2813	卖盘
10:11:03	28.13	0.01	10	28130	中性盘
10:10:51	28.12	-0.03	1	2812	卖盘
10:10:45	28.15	0.02	1	2815	买盘
10:10:33	28.13	--	1	2813	卖盘
10:10:27	28.13	0.01	3	8439	买盘
10:10:09	28.12	-0.01	19	53428	卖盘
10:10:06	28.13	--	2	5626	买盘
10:10:03	28.13	--	20	56260	买盘
10:10:00	28.13	--	6	16878	买盘
10:09:57	28.13	--	6	16878	买盘
10:09:54	28.13	--	10	28130	买盘
10:09:48	28.13	-0.02	4	11252	中性盘
10:09:36	28.15	0.02	3	8445	买盘
10:09:33	28.13	-0.02	13	36569	卖盘
10:09:30	28.15	--	28	78820	买盘
10:09:27	28.15	--	72	202680	买盘
10:09:21	28.15	--	13	36595	买盘
10:09:12	28.15	--	72	202680	买盘
10:09:06	28.15	--	12	33780	买盘
10:09:03	28.15	--	10	28150	买盘
10:08:54	28.15	0.02	14	39410	买盘
10:08:51	28.13	0.01	6	16878	买盘
10:08:48	28.12	-0.01	1	2812	卖盘
10:08:45	28.13	--	40	112520	买盘
10:08:42	28.13	--	9	25317	买盘
10:08:39	28.13	0.01	54	151902	买盘
10:08:36	28.12	0.02	1	2812	买盘
10:08:33	28.1	--	447	1256070	卖盘
10:08:30	28.1	--	59	165790	卖盘
10:08:24	28.1	--	5	14050	卖盘
10:08:18	28.1	0.01	39	109590	买盘
10:08:12	28.09	-0.01	3	8427	卖盘
10:08:03	28.1	0.01	9	25290	卖盘
10:07:57	28.09	-0.04	21	58989	卖盘
10:07:54	28.13	0.03	54	151902	买盘
10:07:45	28.1	--	16	44960	卖盘
10:07:39	28.1	--	44	123640	卖盘
10:07:36	28.1	--	1	2810	卖盘
10:07:27	28.1	-0.01	1	2810	卖盘
10:07:24	28.11	--	5	14055	买盘
10:07:18	28.11	-0.01	35	98385	买盘
10:07:06	28.12	0.01	30	84360	买盘
10:07:03	28.11	0.01	7	19677	卖盘
10:06:39	28.1	-0.03	86	241660	卖盘
10:06:33	28.13	0.02	15	42195	买盘
10:06:30	28.11	0.01	1	2811	中性盘
10:06:27	28.1	-0.01	10	28100	卖盘
10:06:24	28.11	-0.02	3	8433	卖盘
10:06:21	28.13	0.03	10	28130	买盘
10:06:18	28.1	-0.03	15	42150	卖盘
10:06:15	28.13	--	19	53447	买盘
10:06:09	28.13	0.03	2	5626	买盘
10:06:06	28.1	--	15	42150	中性盘
10:05:57	28.1	--	71	199510	买盘
10:05:45	28.1	--	17	47770	买盘
10:05:42	28.1	0.02	6	16860	买盘
10:05:33	28.08	--	22	61775	买盘
10:05:30	28.08	--	24	67392	买盘
10:05:27	28.08	--	6	16848	买盘
10:05:24	28.08	0.02	8	22464	买盘
10:05:15	28.06	0.01	19	53314	买盘
10:05:12	28.05	--	11	30855	卖盘
10:05:09	28.05	0.03	245	687281	买盘
10:05:06	28.02	-0.03	103	288606	卖盘
10:05:00	28.05	-0.01	37	103785	卖盘
10:04:57	28.06	--	49	137494	买盘
10:04:51	28.06	--	2	5612	买盘
10:04:48	28.06	--	10	28060	买盘
10:04:45	28.06	-0.02	5	14030	卖盘
10:04:39	28.08	--	27	75816	卖盘
10:04:36	28.08	--	21	58968	卖盘
10:04:33	28.08	0.02	22	61775	卖盘
10:04:30	28.06	0.01	4	11224	中性盘
10:04:24	28.05	-0.03	21	58905	卖盘
10:04:18	28.08	-0.02	4	11232	卖盘
10:04:15	28.1	0.01	10	28100	买盘
10:04:12	28.09	-0.01	10	28090	中性盘
10:04:09	28.1	--	4	11240	买盘
10:04:06	28.1	0.01	211	592910	买盘
10:04:03	28.09	-0.01	16	44944	卖盘
10:04:00	28.1	-0.02	361	1014410	卖盘
10:03:54	28.12	--	20	56240	卖盘
10:03:51	28.12	--	10	28120	卖盘
10:03:45	28.12	--	1	2812	卖盘
10:03:42	28.12	-0.03	3	8436	卖盘
10:03:36	28.15	0.02	12	33780	买盘
10:03:33	28.13	--	47	132211	卖盘
10:03:27	28.13	-0.02	105	295365	卖盘
10:03:21	28.15	-0.01	3	8445	卖盘
10:03:18	28.16	0.01	5	14080	中性盘
10:03:15	28.15	--	64	180160	卖盘
10:03:12	28.15	-0.01	139	391285	卖盘
10:03:09	28.16	--	5	14080	买盘
10:03:03	28.16	--	49	140124	卖盘
10:03:00	28.16	-0.01	20	56320	卖盘
10:02:57	28.17	--	4	11268	卖盘
10:02:54	28.17	--	8	22536	卖盘
10:02:51	28.17	0.02	0	676	买盘
10:02:48	28.15	--	3	8445	卖盘
10:02:45	28.15	-0.02	9	25335	卖盘
10:02:42	28.17	0.01	40	112680	买盘
10:02:39	28.16	-0.01	29	81664	卖盘
10:02:33	28.17	0.01	28	78876	买盘
10:02:30	28.16	-0.01	100	281600	卖盘
10:02:24	28.17	--	1	2817	买盘
10:02:18	28.17	--	4	13408	卖盘
10:02:12	28.17	--	3	8451	卖盘
10:02:09	28.17	--	11	30987	卖盘
10:02:03	28.17	--	69	194373	卖盘
10:02:00	28.17	-0.01	4	11268	卖盘
10:01:54	28.18	0.01	8	22544	买盘
10:01:45	28.17	-0.01	3	8451	卖盘
10:01:39	28.18	--	6	16908	卖盘
10:01:33	28.18	-0.02	2	5636	卖盘
10:01:27	28.2	0.03	1	2820	买盘
10:01:24	28.17	-0.01	15	42255	卖盘
10:01:21	28.18	-0.02	28	78904	卖盘
10:01:18	28.2	--	20	56400	卖盘
10:01:15	28.2	--	2	5640	卖盘
10:01:12	28.2	0.02	63	178336	买盘
10:01:09	28.18	--	56	157808	买盘
10:01:06	28.18	0.01	7	19726	买盘
10:01:03	28.17	-0.01	3	8451	卖盘
10:01:00	28.18	--	8	22544	买盘
10:00:57	28.18	-0.02	40	112720	卖盘
10:00:51	28.2	0.02	2	5640	买盘
10:00:45	28.18	-0.02	12	33816	卖盘
10:00:39	28.2	--	4	11280	买盘
10:00:36	28.2	-0.01	205	580243	卖盘
10:00:33	28.21	--	3	8463	买盘
10:00:30	28.21	-0.01	7	19747	卖盘
10:00:27	28.22	0.01	5	14110	中性盘
10:00:15	28.21	-0.01	1	2821	卖盘
10:00:12	28.22	0.02	1	2822	买盘
10:00:09	28.2	-0.01	49	138180	卖盘
10:00:03	28.21	0.01	2	5642	中性盘
09:59:57	28.2	--	6	16920	卖盘
09:59:48	28.2	-0.02	20	56400	卖盘
09:59:42	28.22	0.01	13	36686	买盘
09:59:39	28.21	-0.01	78	220038	卖盘
09:59:27	28.22	--	2	5644	买盘
09:59:21	28.22	0.01	3	8466	买盘
09:59:18	28.21	-0.02	16	45136	卖盘
09:59:12	28.23	0.01	3	8469	买盘
09:59:09	28.22	-0.01	15	42330	卖盘
09:59:06	28.23	--	1	2823	买盘
09:59:03	28.23	0.01	33	93159	买盘
09:59:00	28.22	--	3	8466	卖盘
09:58:57	28.22	-0.01	1	2822	卖盘
09:58:54	28.23	--	5	14115	卖盘
09:58:42	28.23	--	1	2823	买盘
09:58:39	28.23	--	5	14115	卖盘
09:58:36	28.23	-0.01	4	11292	卖盘
09:58:33	28.24	-0.01	1	2824	中性盘
09:58:24	28.25	0.04	19	53675	买盘
09:58:21	28.21	-0.04	5	14105	卖盘
09:58:15	28.25	0.04	1	2825	买盘
09:58:12	28.21	--	3	8463	买盘
09:58:09	28.21	-0.03	53	149513	卖盘
09:58:06	28.24	0.01	1	2824	卖盘
09:58:03	28.23	-0.02	4	11292	中性盘
09:57:57	28.25	--	4	11300	买盘
09:57:54	28.25	--	9	25425	买盘
09:57:51	28.25	0.04	55	155375	买盘
09:57:48	28.21	-0.03	7	19747	卖盘
09:57:42	28.24	0.03	11	31064	买盘
09:57:39	28.21	0.01	3	8463	中性盘
09:57:33	28.2	-0.04	18	50760	卖盘
09:57:27	28.24	--	29	81896	卖盘
09:57:24	28.24	--	13	36712	买盘
09:57:21	28.24	0.04	4	11296	买盘
09:57:09	28.2	0.01	3	9136	买盘
09:57:06	28.19	-0.01	7	19733	卖盘
09:57:00	28.2	--	18	50760	买盘
09:56:54	28.2	--	30	84600	买盘
09:56:51	28.2	0.02	59	166380	买盘
09:56:48	28.18	-0.02	1	2818	中性盘
09:56:45	28.2	--	170	479400	买盘
09:56:42	28.2	--	43	121260	买盘
09:56:39	28.2	0.03	3	8460	买盘
09:56:36	28.17	-0.01	162	456354	卖盘
09:56:27	28.18	--	21	59178	卖盘
09:56:24	28.18	--	15	42270	卖盘
09:56:18	28.18	--	5	14090	卖盘
09:56:15	28.18	--	3	8454	卖盘
09:56:09	28.18	-0.02	3	8454	中性盘
09:56:00	28.2	0.02	23	64860	买盘
09:55:57	28.18	--	20	56360	买盘
09:55:54	28.18	--	6	16908	卖盘
09:55:51	28.18	--	3	8454	买盘
09:55:48	28.18	-0.01	36	101448	卖盘
09:55:42	28.19	-0.01	5	14095	卖盘
09:55:36	28.2	0.02	25	70500	买盘
09:55:33	28.18	-0.02	16	45088	卖盘
09:55:30	28.2	--	6	16920	买盘
09:55:24	28.2	0.02	12	33840	买盘
09:55:18	28.18	-0.02	11	30998	卖盘
09:55:15	28.2	0.01	10	28200	买盘
09:55:12	28.19	--	5	14095	买盘
09:55:09	28.19	0.01	16	45104	买盘
09:55:06	28.18	--	9	25362	卖盘
09:55:03	28.18	--	2	5636	卖盘
09:55:00	28.18	-0.01	8	22544	卖盘
09:54:54	28.19	0.01	7	19733	买盘
09:54:51	28.18	-0.01	32	90176	卖盘
09:54:45	28.19	--	33	93027	买盘
09:54:42	28.19	--	4	11276	买盘
09:54:33	28.19	--	42	118398	卖盘
09:54:30	28.19	--	54	152226	卖盘
09:54:27	28.19	--	4	11276	卖盘
09:54:24	28.19	--	1	2819	卖盘
09:54:21	28.19	--	6	16914	买盘
09:54:18	28.19	--	38	107122	买盘
09:54:15	28.19	--	5	14095	买盘
09:54:06	28.19	--	9	25371	买盘
09:53:57	28.19	--	3	8457	买盘
09:53:54	28.19	--	2	5638	卖盘
09:53:51	28.19	--	3	8457	卖盘
09:53:48	28.19	--	5	14095	卖盘
09:53:45	28.19	--	8	22552	卖盘
09:53:42	28.19	-0.01	18	50742	卖盘
09:53:39	28.2	--	12	33840	买盘
09:53:36	28.2	--	19	53580	买盘
09:53:33	28.2	--	1	2820	买盘
09:53:27	28.2	0.01	5	14100	买盘
09:53:24	28.19	-0.01	4	11276	卖盘
09:53:18	28.2	--	31	87420	买盘
09:53:15	28.2	--	28	78960	买盘
09:53:09	28.2	-0.04	78	220213	卖盘
09:53:06	28.24	--	40	112960	买盘
09:53:03	28.24	--	3	8472	买盘
09:52:57	28.24	0.04	3	8472	买盘
09:52:54	28.2	-0.02	105	296100	卖盘
09:52:42	28.22	0.02	6	16932	中性盘
09:52:33	28.2	--	54	154846	买盘
09:52:27	28.2	0.01	1	2820	买盘
09:52:24	28.19	-0.01	30	84570	卖盘
09:52:21	28.2	--	48	135360	买盘
09:52:15	28.2	0.01	5	14100	买盘
09:52:09	28.19	--	9	25371	买盘
09:52:00	28.19	0.02	4	11276	买盘
09:51:51	28.17	--	14	39438	中性盘
09:51:39	28.17	0.01	48	135216	买盘
09:51:36	28.16	-0.01	17	47872	卖盘
09:51:33	28.17	0.01	10	28170	买盘
09:51:27	28.16	-0.01	4	11264	卖盘
09:51:24	28.17	--	2	5634	买盘
09:51:18	28.17	--	10	28170	买盘
09:51:15	28.17	0.01	6	16902	中性盘
09:51:12	28.16	-0.01	59	166144	卖盘
09:51:09	28.17	--	35	98595	卖盘
09:51:03	28.17	0.01	4	11268	中性盘
09:51:00	28.16	-0.04	2	5632	中性盘
09:50:54	28.2	--	26	73320	买盘
09:50:51	28.2	0.01	7	19740	买盘
09:50:48	28.19	0.01	11	31009	卖盘
09:50:45	28.18	0.03	54	152172	买盘
09:50:42	28.15	-0.01	57	160455	卖盘
09:50:39	28.16	-0.03	66	185856	卖盘
09:50:36	28.19	--	5	14095	买盘
09:50:33	28.19	-0.02	51	143769	卖盘
09:50:30	28.21	0.01	139	392119	买盘
09:50:27	28.2	--	5	14100	卖盘
09:50:24	28.2	--	25	70500	卖盘
09:50:21	28.2	--	16	45120	卖盘
09:50:18	28.2	--	1	2820	卖盘
09:50:15	28.2	--	5	14100	卖盘
09:50:12	28.2	--	12	33840	卖盘
09:50:06	28.2	-0.01	40	112800	卖盘
09:50:00	28.21	-0.04	51	143871	卖盘
09:49:57	28.25	-0.03	186	527653	卖盘
09:49:48	28.28	--	15	42420	买盘
09:49:45	28.28	--	7	19796	买盘
09:49:39	28.28	0.03	10	28280	买盘
09:49:36	28.25	-0.03	152	430021	卖盘
09:49:33	28.28	--	16	45248	卖盘
09:49:30	28.28	-0.01	42	118776	卖盘
09:49:27	28.29	-0.01	30	84870	卖盘
09:49:24	28.3	0.01	3	8490	买盘
09:49:21	28.29	--	14	39606	买盘
09:49:18	28.29	--	18	50922	买盘
09:49:15	28.29	-0.01	5	14145	中性盘
09:49:06	28.3	--	40	113200	买盘
09:49:03	28.3	-0.01	60	169800	卖盘
09:48:57	28.31	-0.02	118	334058	卖盘
09:48:54	28.33	--	15	42495	买盘
09:48:45	28.33	-0.03	132	376165	卖盘
09:48:42	28.36	--	6	17016	卖盘
09:48:39	28.36	0.01	10	28360	中性盘
09:48:24	28.35	-0.04	5	14175	卖盘
09:48:21	28.39	0.03	30	85794	买盘
09:48:18	28.36	-0.03	6	17016	卖盘
09:48:12	28.39	--	10	28390	买盘
09:48:06	28.39	--	3	8517	买盘
09:48:03	28.39	-0.01	18	53316	卖盘
09:48:00	28.4	0.01	7	19880	买盘
09:47:57	28.39	-0.01	13	36907	卖盘
09:47:54	28.4	-0.01	19	53960	买盘
09:47:48	28.41	--	23	65343	卖盘
09:47:45	28.41	0.01	11	31251	卖盘
09:47:42	28.4	--	21	59640	买盘
09:47:36	28.4	-0.01	59	167560	卖盘
09:47:30	28.41	0.01	2	5682	买盘
09:47:27	28.4	--	5	14200	卖盘
09:47:21	28.4	--	7	19880	卖盘
09:47:18	28.4	0.03	27	77304	买盘
09:47:15	28.37	-0.03	11	31207	卖盘
09:47:12	28.4	0.03	15	42600	买盘
09:47:00	28.37	--	1	2837	卖盘
09:46:57	28.37	0.02	331	939047	买盘
09:46:54	28.35	0.03	4	11340	买盘
09:46:51	28.32	0.02	14	39648	中性盘
09:46:45	28.3	-0.06	101	285830	卖盘
09:46:42	28.36	--	10	28360	卖盘
09:46:39	28.36	--	23	65228	买盘
09:46:36	28.36	--	11	31196	买盘
09:46:33	28.36	0.05	52	147472	买盘
09:46:30	28.31	-0.01	50	141550	卖盘
09:46:24	28.32	0.02	3	8496	买盘
09:46:21	28.3	--	14	39620	卖盘
09:46:18	28.3	-0.01	38	107540	卖盘
09:46:15	28.31	--	11	31141	买盘
09:46:09	28.31	0.01	4	11324	中性盘
09:46:06	28.3	-0.02	36	101880	卖盘
09:46:03	28.32	0.01	8	22656	中性盘
09:45:51	28.31	-0.06	66	186846	卖盘
09:45:48	28.37	0.02	5	14185	中性盘
09:45:45	28.35	-0.03	4	11340	卖盘
09:45:39	28.38	--	4	11352	买盘
09:45:36	28.38	-0.01	174	493812	卖盘
09:45:33	28.39	-0.01	5	14195	卖盘
09:45:24	28.4	--	90	255600	卖盘
09:45:21	28.4	-0.01	2	5680	卖盘
09:45:18	28.41	--	1	2841	买盘
09:45:12	28.41	-0.03	15	42615	卖盘
09:45:03	28.44	--	101	287244	卖盘
09:45:00	28.44	--	11	31284	买盘
09:44:54	28.44	--	10	28440	买盘
09:44:51	28.44	--	1	2844	买盘
09:44:48	28.44	-0.01	7	19908	买盘
09:44:45	28.45	--	42	119490	卖盘
09:44:42	28.45	--	6	17070	卖盘
09:44:39	28.45	--	5	14225	卖盘
09:44:33	28.45	0.02	33	93885	买盘
09:44:30	28.43	-0.02	25	71075	卖盘
09:44:27	28.45	0.01	98	278810	买盘
09:44:24	28.44	0.01	5	14220	买盘
09:44:21	28.43	--	14	39802	卖盘
09:44:18	28.43	-0.02	11	31273	卖盘
09:44:15	28.45	--	1	2845	买盘
09:44:12	28.45	0.01	50	142250	买盘
09:44:09	28.44	--	7	19908	买盘
09:44:03	28.44	-0.02	3	8532	中性盘
09:43:54	28.46	--	1	2846	买盘
09:43:51	28.46	--	86	244756	买盘
09:43:48	28.46	--	5	14230	买盘
09:43:45	28.46	0.01	10	28460	买盘
09:43:39	28.45	0.01	48	136560	买盘
09:43:36	28.44	-0.01	2	5688	中性盘
09:43:33	28.45	--	11	31295	买盘
09:43:30	28.45	--	16	45520	买盘
09:43:27	28.45	--	14	39830	卖盘
09:43:24	28.45	-0.02	5	14225	卖盘
09:43:21	28.47	0.02	11	31317	买盘
09:43:18	28.45	--	1	2845	买盘
09:43:15	28.45	--	3	8535	买盘
09:43:03	28.45	--	5	14225	卖盘
09:43:00	28.45	0.04	14	39830	卖盘
09:42:42	28.41	-0.03	1	2841	卖盘
09:42:39	28.44	0.04	25	71100	买盘
09:42:36	28.4	-0.03	5	14200	卖盘
09:42:33	28.43	0.02	9	25587	中性盘
09:42:30	28.41	-0.04	70	198870	卖盘
09:42:27	28.45	0.04	16	45520	买盘
09:42:24	28.41	0.01	34	96594	中性盘
09:42:15	28.4	-0.01	4	11360	卖盘
09:42:12	28.41	--	9	25569	买盘
09:42:09	28.41	--	3	8523	买盘
09:42:06	28.41	-0.04	30	85230	卖盘
09:42:03	28.45	0.04	4	11380	中性盘
09:41:51	28.41	0.01	20	56820	买盘
09:41:48	28.4	--	6	17040	卖盘
09:41:45	28.4	--	19	53960	卖盘
09:41:42	28.4	0.01	27	76680	买盘
09:41:36	28.39	-0.01	3	8517	卖盘
09:41:33	28.4	0.02	15	42600	买盘
09:41:30	28.38	-0.02	52	147576	卖盘
09:41:27	28.4	--	22	62480	买盘
09:41:24	28.4	--	36	102240	买盘
09:41:21	28.4	0.02	5	14200	买盘
09:41:15	28.38	-0.02	3	8514	中性盘
09:41:12	28.4	0.02	23	65320	买盘
09:41:09	28.38	--	16	45408	买盘
09:41:03	28.38	0.07	1	2838	买盘
09:40:57	28.31	--	1	2831	买盘
09:40:54	28.31	0.01	40	113240	买盘
09:40:48	28.3	0.02	15	42450	卖盘
09:40:39	28.28	-0.02	20	56560	卖盘
09:40:36	28.3	--	5	14150	买盘
09:40:30	28.3	0.08	3	8490	买盘
09:40:27	28.22	-0.03	71	200362	卖盘
09:40:24	28.25	--	22	62150	中性盘
09:40:21	28.25	--	4	11300	卖盘
09:40:15	28.25	0.04	51	144075	买盘
09:40:12	28.21	--	33	93093	买盘
09:40:09	28.21	-0.01	7	19747	中性盘
09:40:06	28.22	-0.03	23	64906	卖盘
09:40:03	28.25	0.04	57	161025	中性盘
09:40:00	28.21	-0.04	40	112840	卖盘
09:39:57	28.25	--	12	33900	买盘
09:39:54	28.25	-0.03	51	144075	买盘
09:39:48	28.28	-0.02	36	101808	卖盘
09:39:45	28.3	0.02	5	14150	买盘
09:39:39	28.28	-0.02	20	56560	卖盘
09:39:36	28.3	-0.01	45	127350	卖盘
09:39:33	28.31	-0.01	50	141550	买盘
09:39:30	28.32	0.02	30	84960	中性盘
09:39:27	28.3	-0.05	76	215080	卖盘
09:39:21	28.35	--	6	17010	卖盘
09:39:18	28.35	-0.03	3	8505	卖盘
09:39:15	28.38	--	14	39732	卖盘
09:39:12	28.38	-0.02	10	28380	卖盘
09:39:06	28.4	-0.01	115	326600	卖盘
09:39:03	28.41	--	17	48297	买盘
09:39:00	28.41	-0.06	71	201711	卖盘
09:38:57	28.47	0.01	30	85410	买盘
09:38:54	28.46	--	7	19922	卖盘
09:38:51	28.46	-0.03	29	82534	卖盘
09:38:48	28.49	0.01	27	76923	买盘
09:38:45	28.48	--	4	11392	买盘
09:38:39	28.48	0.01	12	34176	中性盘
09:38:36	28.47	--	44	125268	卖盘
09:38:33	28.47	-0.02	5	14235	卖盘
09:38:30	28.49	--	11	31339	买盘
09:38:27	28.49	--	1	2849	买盘
09:38:24	28.49	--	1	2849	买盘
09:38:21	28.49	--	1	2849	买盘
09:38:18	28.49	-0.01	13	37037	卖盘
09:38:12	28.5	--	29	82650	买盘
09:38:09	28.5	--	14	39900	买盘
09:38:06	28.5	0.01	57	162450	买盘
09:38:00	28.49	-0.01	10	28490	卖盘
09:37:51	28.5	-0.01	99	282150	卖盘
09:37:45	28.51	--	48	136848	卖盘
09:37:42	28.51	--	32	91232	卖盘
09:37:39	28.51	0.01	4	11404	中性盘
09:37:36	28.5	-0.01	175	498750	卖盘
09:37:33	28.51	--	1	2851	买盘
09:37:27	28.51	--	2	5702	买盘
09:37:21	28.51	0.01	10	28510	买盘
09:37:15	28.5	0.01	113	322050	中性盘
09:37:12	28.49	-0.01	30	85470	卖盘
09:37:09	28.5	--	11	31350	卖盘
09:37:06	28.5	--	28	79800	买盘
09:37:03	28.5	--	59	168150	买盘
09:37:00	28.5	--	26	74100	买盘
09:36:57	28.5	--	10	28500	买盘
09:36:54	28.5	0.01	11	31350	买盘
09:36:51	28.49	-0.01	4	11396	卖盘
09:36:48	28.5	0.01	6	17100	买盘
09:36:45	28.49	-0.01	12	34188	中性盘
09:36:39	28.5	0.05	56	159600	买盘
09:36:36	28.45	-0.05	2	5690	卖盘
09:36:33	28.5	--	10	28500	买盘
09:36:30	28.5	0.02	1	2850	买盘
09:36:27	28.48	--	2	5696	中性盘
09:36:24	28.48	0.03	21	59808	卖盘
09:36:21	28.45	--	214	608830	买盘
09:36:18	28.45	--	21	59745	买盘
09:36:15	28.45	--	3	8535	买盘
09:36:12	28.45	-0.05	49	139405	卖盘
09:36:06	28.5	0.05	57	162450	买盘
09:36:03	28.45	-0.03	19	54055	卖盘
09:36:00	28.48	0.02	17	48416	卖盘
09:35:57	28.46	-0.02	27	76842	卖盘
09:35:54	28.48	--	90	256320	卖盘
09:35:48	28.48	-0.01	40	113920	卖盘
09:35:45	28.49	--	2	5698	中性盘
09:35:42	28.49	--	7	19943	卖盘
09:35:39	28.49	-0.01	7	19943	中性盘
09:35:33	28.5	0.02	120	342000	买盘
09:35:30	28.48	-0.01	25	71200	卖盘
09:35:27	28.49	--	29	82621	卖盘
09:35:24	28.49	-0.01	6	17094	卖盘
09:35:21	28.5	0.01	31	88350	买盘
09:35:18	28.49	-0.01	3	8547	卖盘
09:35:15	28.5	--	10	28500	买盘
09:35:12	28.5	-0.01	51	145350	卖盘
09:35:09	28.51	--	12	34212	买盘
09:35:06	28.51	--	5	14255	买盘
09:35:03	28.51	--	1	2851	买盘
09:35:00	28.51	-0.02	154	439054	卖盘
09:34:57	28.53	-0.01	60	171180	卖盘
09:34:54	28.54	--	26	74204	买盘
09:34:51	28.54	--	65	185510	卖盘
09:34:48	28.54	-0.01	10	28540	卖盘
09:34:45	28.55	--	62	177010	买盘
09:34:42	28.55	-0.02	32	91360	卖盘
09:34:39	28.57	0.02	251	717107	买盘
09:34:36	28.55	-0.01	17	48535	卖盘
09:34:33	28.56	--	36	102816	买盘
09:34:30	28.56	--	5	14280	买盘
09:34:27	28.56	-0.01	32	91392	卖盘
09:34:24	28.57	--	18	51426	买盘
09:34:21	28.57	0.01	32	91424	买盘
09:34:18	28.56	--	37	105672	买盘
09:34:15	28.56	--	7	19992	买盘
09:34:12	28.56	-0.01	155	442680	卖盘
09:34:09	28.57	0.01	27	77139	买盘
09:34:06	28.56	-0.01	4	11424	卖盘
09:34:03	28.57	0.01	16	45712	买盘
09:34:00	28.56	--	57	162792	买盘
09:33:57	28.56	--	31	88536	买盘
09:33:51	28.56	0.01	64	182784	买盘
09:33:48	28.55	-0.01	70	199850	卖盘
09:33:45	28.56	--	63	179928	买盘
09:33:42	28.56	--	25	71400	买盘
09:33:39	28.56	--	40	114240	买盘
09:33:36	28.56	0.01	2	5712	买盘
09:33:33	28.55	-0.01	31	88505	卖盘
09:33:30	28.56	--	12	34272	买盘
09:33:27	28.56	--	8	22848	买盘
09:33:24	28.56	-0.02	130	371280	买盘
09:33:21	28.58	--	35	100030	买盘
09:33:18	28.58	0.01	8	22864	买盘
09:33:15	28.57	0.02	28	79996	中性盘
09:33:12	28.55	-0.03	195	556725	卖盘
09:33:09	28.58	--	17	48586	买盘
09:33:06	28.58	--	2	5716	买盘
09:33:03	28.58	--	34	97172	买盘
09:33:00	28.58	--	56	160048	买盘
09:32:57	28.58	--	64	182912	卖盘
09:32:54	28.58	0.02	5	14290	卖盘
09:32:51	28.56	-0.02	70	199920	卖盘
09:32:48	28.58	--	10	28580	买盘
09:32:45	28.58	--	24	68592	买盘
09:32:42	28.58	-0.02	50	142900	卖盘
09:32:39	28.6	--	3	8580	卖盘
09:32:36	28.6	0.02	19	54340	中性盘
09:32:33	28.58	-0.02	18	51444	卖盘
09:32:30	28.6	--	85	243100	买盘
09:32:27	28.6	0.02	64	183040	买盘
09:32:24	28.58	-0.02	315	900270	卖盘
09:32:21	28.6	--	29	82940	买盘
09:32:18	28.6	--	34	97240	买盘
09:32:15	28.6	--	123	351780	卖盘
09:32:12	28.6	-0.05	12	34320	卖盘
09:32:09	28.65	0.05	37	106005	买盘
09:32:06	28.6	-0.05	20	57200	买盘
09:32:03	28.65	0.07	23	65895	买盘
09:32:00	28.58	-0.07	39	111462	卖盘
09:31:57	28.65	--	113	323745	买盘
09:31:54	28.65	0.09	26	74490	买盘
09:31:51	28.56	-0.02	2	5712	卖盘
09:31:48	28.58	--	17	48586	买盘
09:31:45	28.58	0.01	2	5716	买盘
09:31:42	28.57	-0.01	5	14285	卖盘
09:31:39	28.58	--	10	28580	买盘
09:31:36	28.58	--	10	28580	买盘
09:31:33	28.58	-0.09	76	217208	卖盘
09:31:30	28.67	0.05	261	748287	买盘
09:31:27	28.62	-0.05	137	392094	卖盘
09:31:21	28.67	--	54	154818	卖盘
09:31:18	28.67	0.01	57	163419	卖盘
09:31:15	28.66	-0.02	46	131836	买盘
09:31:12	28.68	0.06	101	289668	买盘
09:31:09	28.62	-0.03	100	286200	卖盘
09:31:06	28.65	0.05	80	229200	买盘
09:31:03	28.6	--	41	117260	买盘
09:31:00	28.6	-0.06	33	94380	卖盘
09:30:57	28.66	--	39	111774	买盘
09:30:54	28.66	0.04	16	45856	买盘
09:30:51	28.62	-0.04	34	97308	中性盘
09:30:48	28.66	0.01	29	83114	买盘
09:30:45	28.65	-0.02	284	813660	卖盘
09:30:42	28.67	0.01	120	344040	买盘
09:30:39	28.66	--	16	45856	买盘
09:30:36	28.66	--	63	180558	买盘
09:30:33	28.66	-0.01	101	289466	中性盘
09:30:30	28.67	--	16	45872	买盘
09:30:27	28.67	--	10	28670	买盘
09:30:24	28.67	--	22	63074	买盘
09:30:21	28.67	-0.01	23	65941	中性盘
09:30:18	28.68	--	62	177816	买盘
09:30:15	28.68	0.08	18	51624	买盘
09:30:12	28.6	-0.01	19	54340	卖盘
09:30:09	28.61	--	1	2861	卖盘
09:30:06	28.61	--	31	88691	卖盘
09:30:03	28.61	0.1	608	1739488	买盘
09:30:00	28.51	--	0	0	卖盘
09:25:03	28.51	28.51	495	1411245	买盘
