成交时间	成交价	价格变动	成交量(手)	成交额(元)	性质
15:00:03	7.23	0.01	8124	5874013	买盘
14:57:00	7.22	0.01	270	194940	买盘
14:56:57	7.21	-0.01	124	89404	卖盘
14:56:54	7.22	--	142	102524	买盘
14:56:51	7.22	--	157	113354	买盘
14:56:48	7.22	--	494	356668	买盘
14:56:45	7.22	--	301	217322	买盘
14:56:42	7.22	--	197	142234	买盘
14:56:39	7.22	--	133	96026	买盘
14:56:36	7.22	--	541	390602	买盘
14:56:33	7.22	--	145	104690	买盘
14:56:30	7.22	--	88	63680	买盘
14:56:27	7.22	0.01	75	54150	买盘
14:56:24	7.21	-0.01	114	82194	卖盘
14:56:21	7.22	--	101	72922	买盘
14:56:18	7.22	--	294	212268	买盘
14:56:15	7.22	0.01	117	84474	买盘
14:56:12	7.21	--	304	219184	卖盘
14:56:09	7.21	--	46	33166	卖盘
14:56:06	7.21	--	85	61285	卖盘
14:56:03	7.21	--	185	133385	卖盘
14:56:00	7.21	--	62	44702	卖盘
14:55:57	7.21	--	62	44702	卖盘
14:55:54	7.21	0.01	323	232883	买盘
14:55:51	7.2	-0.01	242	174240	卖盘
14:55:48	7.21	--	602	434042	买盘
14:55:45	7.21	0.01	154	111034	买盘
14:55:42	7.2	-0.01	194	139680	卖盘
14:55:39	7.21	--	204	147084	买盘
14:55:36	7.21	--	223	160783	买盘
14:55:33	7.21	--	201	144921	买盘
14:55:30	7.21	--	76	54796	买盘
14:55:27	7.21	--	120	86520	卖盘
14:55:24	7.21	-0.01	538	387898	卖盘
14:55:21	7.22	0.01	145	104690	买盘
14:55:18	7.21	--	601	433321	买盘
14:55:15	7.21	--	204	147084	卖盘
14:55:12	7.21	--	664	478744	买盘
14:55:09	7.21	--	109	78589	买盘
14:55:06	7.21	--	214	154294	买盘
14:55:03	7.21	--	637	459298	卖盘
14:55:00	7.21	--	110	79310	卖盘
14:54:57	7.21	--	411	296331	卖盘
14:54:54	7.21	--	14	10094	卖盘
14:54:51	7.21	--	120	86520	卖盘
14:54:48	7.21	--	309	223488	买盘
14:54:45	7.21	--	263	189623	买盘
14:54:42	7.21	--	343	247303	买盘
14:54:39	7.21	--	103	74263	买盘
14:54:36	7.21	--	19	13699	买盘
14:54:33	7.21	--	41	29561	买盘
14:54:30	7.21	--	30	21630	买盘
14:54:27	7.21	--	33	23793	买盘
14:54:24	7.21	-0.01	426	307167	卖盘
14:54:21	7.22	--	214	154508	买盘
14:54:18	7.22	--	140	101080	买盘
14:54:15	7.22	0.01	295	212990	买盘
14:54:12	7.21	-0.01	342	246582	卖盘
14:54:09	7.22	--	94	67868	买盘
14:54:06	7.22	--	146	105412	买盘
14:54:03	7.22	--	975	703950	买盘
14:54:00	7.22	--	66	47652	买盘
14:53:57	7.22	0.01	199	143678	买盘
14:53:54	7.21	--	446	321566	卖盘
14:53:51	7.21	-0.01	399	287679	卖盘
14:53:48	7.22	--	110	79420	买盘
14:53:45	7.22	--	122	88084	买盘
14:53:42	7.22	--	203	146566	买盘
14:53:39	7.22	--	196	141512	买盘
14:53:36	7.22	--	452	326344	买盘
14:53:33	7.22	0.01	155	111910	买盘
14:53:30	7.21	-0.01	62	44702	卖盘
14:53:27	7.22	--	263	189886	卖盘
14:53:24	7.22	--	362	261364	买盘
14:53:21	7.22	--	114	82308	买盘
14:53:18	7.22	--	156	112632	买盘
14:53:15	7.22	--	33	23826	买盘
14:53:12	7.22	--	130	93860	买盘
14:53:09	7.22	--	13	9386	买盘
14:53:06	7.22	--	179	129238	买盘
14:53:03	7.22	--	281	202882	买盘
14:53:00	7.22	--	160	115520	买盘
14:52:57	7.22	--	84	60648	卖盘
14:52:54	7.22	--	59	42598	买盘
14:52:51	7.22	--	241	174002	卖盘
14:52:48	7.22	--	353	254866	卖盘
14:52:45	7.22	--	130	93860	卖盘
14:52:42	7.22	--	238	171836	卖盘
14:52:39	7.22	--	111	80142	卖盘
14:52:36	7.22	--	20	14440	卖盘
14:52:33	7.22	--	77	55594	卖盘
14:52:30	7.22	--	153	110466	买盘
14:52:27	7.22	--	91	65702	卖盘
14:52:24	7.22	-0.01	136	98192	卖盘
14:52:21	7.23	0.01	42	30366	买盘
14:52:18	7.22	-0.01	136	98192	卖盘
14:52:15	7.23	--	30	21690	买盘
14:52:12	7.23	--	15	10845	买盘
14:52:09	7.23	0.01	235	169905	买盘
14:52:06	7.22	--	1779	1284777	卖盘
14:52:03	7.22	-0.01	180	129960	卖盘
14:52:00	7.23	--	114	82422	买盘
14:51:57	7.23	0.01	41	29643	买盘
14:51:54	7.22	--	57	41154	卖盘
14:51:51	7.22	-0.01	255	184117	卖盘
14:51:48	7.23	--	81	58563	买盘
14:51:45	7.23	0.01	45	32535	买盘
14:51:42	7.22	--	51	36822	卖盘
14:51:39	7.22	-0.01	145	104690	卖盘
14:51:36	7.23	0.01	295	213285	买盘
14:51:33	7.22	--	32	23104	卖盘
14:51:30	7.22	-0.01	200	144400	卖盘
14:51:27	7.23	0.01	18	13014	买盘
14:51:24	7.22	--	65	47305	买盘
14:51:21	7.22	--	420	303240	买盘
14:51:18	7.22	--	227	164500	卖盘
14:51:15	7.22	--	112	80864	卖盘
14:51:12	7.22	--	134	96863	买盘
14:51:09	7.22	--	13	9386	买盘
14:51:06	7.22	-0.01	71	51868	卖盘
14:51:03	7.23	0.01	129	93382	买盘
14:51:00	7.22	--	15	10830	买盘
14:50:57	7.22	--	120	87246	卖盘
14:50:54	7.22	-0.01	194	140068	卖盘
14:50:51	7.23	--	54	39042	买盘
14:50:48	7.23	--	224	161952	买盘
14:50:45	7.23	--	1058	765599	买盘
14:50:42	7.23	--	210	151830	买盘
14:50:39	7.23	0.01	32	23136	买盘
14:50:36	7.22	-0.01	34	24548	卖盘
14:50:33	7.23	0.01	1	723	买盘
14:50:30	7.22	--	108	77976	卖盘
14:50:27	7.22	--	105	75810	卖盘
14:50:24	7.22	--	10	7220	卖盘
14:50:21	7.22	--	93	67146	卖盘
14:50:18	7.22	--	177	127794	卖盘
14:50:15	7.22	-0.01	51	36822	卖盘
14:50:12	7.23	0.01	131	94713	买盘
14:50:09	7.22	-0.01	84	60648	卖盘
14:50:06	7.23	--	165	119295	买盘
14:50:03	7.23	--	2	1446	买盘
14:50:00	7.23	--	516	373068	买盘
14:49:57	7.23	0.01	2	1446	中性盘
14:49:54	7.22	-0.01	120	86640	卖盘
14:49:51	7.23	--	173	125079	卖盘
14:49:48	7.23	--	64	46445	买盘
14:49:45	7.23	--	44	31812	买盘
14:49:42	7.23	--	71	51333	卖盘
14:49:39	7.23	--	88	63624	卖盘
14:49:36	7.23	--	128	92544	卖盘
14:49:33	7.23	--	112	80976	卖盘
14:49:30	7.23	--	1117	807591	卖盘
14:49:27	7.23	--	333	240759	卖盘
14:49:24	7.23	--	144	104112	卖盘
14:49:21	7.23	--	95	68685	卖盘
14:49:18	7.23	--	151	109173	卖盘
14:49:15	7.23	--	58	41934	买盘
14:49:12	7.23	--	61	44103	中性盘
14:49:09	7.23	0.01	89	64347	买盘
14:49:06	7.22	-0.01	76	54872	卖盘
14:49:03	7.23	0.01	223	161229	买盘
14:49:00	7.22	--	523	377606	卖盘
14:48:57	7.22	-0.01	120	86640	卖盘
14:48:54	7.23	--	81	58563	买盘
14:48:51	7.23	--	7	5061	买盘
14:48:48	7.23	0.01	120	86760	买盘
14:48:45	7.22	--	238	171836	卖盘
14:48:42	7.22	--	39	28158	卖盘
14:48:39	7.22	-0.01	22	15884	卖盘
14:48:36	7.23	--	37	26751	买盘
14:48:33	7.23	0.01	63	45549	买盘
14:48:30	7.22	--	174	125628	卖盘
14:48:27	7.22	-0.01	512	369664	卖盘
14:48:24	7.23	--	99	71577	买盘
14:48:21	7.23	--	33	23859	买盘
14:48:18	7.23	--	21	15183	买盘
14:48:15	7.23	--	5	3615	买盘
14:48:12	7.23	--	16	11568	买盘
14:48:09	7.23	--	41	29643	卖盘
14:48:06	7.23	--	39	28197	卖盘
14:48:03	7.23	-0.01	163	117849	卖盘
14:48:00	7.24	0.02	1	724	买盘
14:47:54	7.22	-0.01	61	44042	卖盘
14:47:51	7.23	0.01	125	90375	买盘
14:47:48	7.22	-0.01	16	11552	卖盘
14:47:45	7.23	--	50	36150	买盘
14:47:42	7.23	--	435	314505	卖盘
14:47:36	7.23	--	71	51333	卖盘
14:47:33	7.23	-0.01	17	12291	卖盘
14:47:30	7.24	0.01	9	6516	买盘
14:47:27	7.23	-0.01	28	20244	卖盘
14:47:24	7.24	0.01	35	25340	中性盘
14:47:21	7.23	-0.01	146	105558	卖盘
14:47:18	7.24	--	58	41992	卖盘
14:47:15	7.24	0.01	91	65884	买盘
14:47:12	7.23	-0.01	11	7953	卖盘
14:47:09	7.24	--	283	204892	买盘
14:47:06	7.24	--	352	254848	买盘
14:47:03	7.24	0.01	670	485080	买盘
14:47:00	7.23	-0.01	131	94713	卖盘
14:46:57	7.24	--	19	13756	买盘
14:46:54	7.24	--	25	18100	买盘
14:46:51	7.24	0.01	24	17376	买盘
14:46:48	7.23	-0.01	63	45549	卖盘
14:46:45	7.24	--	55	39820	买盘
14:46:42	7.24	0.01	19	13756	买盘
14:46:39	7.23	-0.01	45	32535	卖盘
14:46:36	7.24	0.01	145	104980	买盘
14:46:33	7.23	--	25	18075	卖盘
14:46:30	7.23	--	150	108450	卖盘
14:46:27	7.23	-0.01	29	20967	卖盘
14:46:24	7.24	--	6	4344	买盘
14:46:21	7.24	0.02	62	44888	买盘
14:46:18	7.22	-0.01	84	60648	卖盘
14:46:15	7.23	-0.01	30	21690	卖盘
14:46:12	7.24	--	29	20996	买盘
14:46:09	7.24	0.01	541	391684	买盘
14:46:06	7.23	--	567	409941	卖盘
14:46:03	7.23	-0.01	8	5784	卖盘
14:46:00	7.24	0.01	78	56472	买盘
14:45:57	7.23	-0.01	160	115680	卖盘
14:45:54	7.24	--	43	31132	买盘
14:45:51	7.24	0.01	107	77468	买盘
14:45:48	7.23	--	128	92544	卖盘
14:45:45	7.23	--	232	167736	买盘
14:45:42	7.23	0.01	37	26751	买盘
14:45:39	7.22	--	124	89528	卖盘
14:45:36	7.22	--	25	18050	中性盘
14:45:33	7.22	--	339	244758	卖盘
14:45:30	7.22	--	165	119130	卖盘
14:45:27	7.22	--	22	15884	卖盘
14:45:24	7.22	--	65	47630	买盘
14:45:21	7.22	--	39	28158	买盘
14:45:18	7.22	--	50	36100	买盘
14:45:15	7.22	--	34	24548	买盘
14:45:12	7.22	--	115	83030	买盘
14:45:09	7.22	--	10	7220	买盘
14:45:06	7.22	--	51	36843	卖盘
14:45:03	7.22	-0.01	1558	1124876	卖盘
14:45:00	7.23	--	65	46995	买盘
14:44:57	7.23	--	49	35427	买盘
14:44:54	7.23	--	19	13737	买盘
14:44:51	7.23	--	33	23859	买盘
14:44:48	7.23	--	103	74469	买盘
14:44:45	7.23	--	45	32535	买盘
14:44:42	7.23	-0.01	41	29643	卖盘
14:44:39	7.24	--	74	53576	买盘
14:44:36	7.24	0.01	25	18100	买盘
14:44:33	7.23	--	22	15906	买盘
14:44:30	7.23	--	23	16629	买盘
14:44:27	7.23	-0.01	476	344148	卖盘
14:44:24	7.24	--	17	12308	买盘
14:44:21	7.24	--	7	5068	买盘
14:44:18	7.24	--	67	48508	买盘
14:44:15	7.24	-0.01	12	8688	中性盘
14:44:09	7.25	0.01	621	450225	买盘
14:44:06	7.24	-0.01	126	91224	卖盘
14:44:03	7.25	--	99	71775	买盘
14:44:00	7.25	--	51	36975	买盘
14:43:57	7.25	-0.01	116	84100	中性盘
14:43:54	7.26	0.01	21	15246	买盘
14:43:51	7.25	--	279	202275	卖盘
14:43:48	7.25	--	2	1450	卖盘
14:43:45	7.25	-0.01	562	407450	卖盘
14:43:42	7.26	0.01	58	42108	买盘
14:43:39	7.25	-0.01	61	44225	卖盘
14:43:36	7.26	0.01	220	159720	买盘
14:43:33	7.25	-0.01	111	80475	卖盘
14:43:30	7.26	--	43	31218	买盘
14:43:27	7.26	--	256	185856	买盘
14:43:24	7.26	0.01	111	80586	买盘
14:43:21	7.25	--	12	8700	卖盘
14:43:18	7.25	--	367	266075	买盘
14:43:15	7.25	--	135	97875	买盘
14:43:12	7.25	0.01	210	152250	买盘
14:43:09	7.24	-0.01	168	121632	卖盘
14:43:06	7.25	--	410	297250	买盘
14:43:03	7.25	0.01	101	73225	买盘
14:43:00	7.24	--	96	69504	卖盘
14:42:57	7.24	-0.01	39	28236	卖盘
14:42:54	7.25	--	27	19575	买盘
14:42:51	7.25	--	53	38425	买盘
14:42:48	7.25	--	169	122525	买盘
14:42:39	7.25	--	60	43500	买盘
14:42:36	7.25	0.01	124	89900	买盘
14:42:33	7.24	0.02	108	78894	买盘
14:42:30	7.22	-0.02	316	228173	卖盘
14:42:27	7.24	--	134	97016	买盘
14:42:24	7.24	0.02	159	115116	买盘
14:42:18	7.22	0.01	259	187698	买盘
14:42:15	7.21	--	22	15862	卖盘
14:42:12	7.21	--	5	3605	卖盘
14:42:09	7.21	--	193	139153	买盘
14:42:06	7.21	--	49	35329	买盘
14:42:03	7.21	0.01	443	319403	买盘
14:42:00	7.2	--	107	77040	卖盘
14:41:57	7.2	--	15	10800	卖盘
14:41:54	7.2	--	5	3600	卖盘
14:41:51	7.2	--	394	284040	买盘
14:41:48	7.2	0.01	201	144720	买盘
14:41:45	7.19	-0.01	625	449375	卖盘
14:41:42	7.2	0.01	96	69120	买盘
14:41:39	7.19	-0.01	104	75408	卖盘
14:41:36	7.2	0.01	149	107280	买盘
14:41:33	7.19	--	1004	721876	卖盘
14:41:30	7.19	--	83	59677	卖盘
14:41:27	7.19	--	141	101379	买盘
14:41:24	7.19	--	139	99941	买盘
14:41:21	7.19	-0.01	204	146676	买盘
14:41:18	7.2	0.01	215	154800	买盘
14:41:15	7.19	--	45	32355	卖盘
14:41:12	7.19	--	115	82685	卖盘
14:41:09	7.19	--	655	470945	卖盘
14:41:06	7.19	-0.01	325	233675	卖盘
14:41:03	7.2	--	160	115200	买盘
14:41:00	7.2	--	54	38880	买盘
14:40:57	7.2	--	134	96480	买盘
14:40:54	7.2	--	12	8640	买盘
14:40:51	7.2	--	201	145080	卖盘
14:40:48	7.2	--	979	704880	卖盘
14:40:45	7.2	--	521	375120	卖盘
14:40:42	7.2	--	684	492480	卖盘
14:40:39	7.2	--	621	447120	卖盘
14:40:36	7.2	--	185	133200	卖盘
14:40:33	7.2	-0.01	108	77760	卖盘
14:40:30	7.21	--	373	268933	买盘
14:40:27	7.21	--	4	2884	买盘
14:40:24	7.21	--	24	17304	买盘
14:40:21	7.21	--	1	721	买盘
14:40:18	7.21	--	7	5047	买盘
14:40:15	7.21	--	1087	783727	卖盘
14:40:12	7.21	-0.01	326	235046	卖盘
14:40:09	7.22	0.01	133	96026	买盘
14:40:06	7.21	-0.01	143	103103	卖盘
14:40:03	7.22	--	117	84474	买盘
14:40:00	7.22	-0.01	88	63536	中性盘
14:39:57	7.23	0.01	656	474288	买盘
14:39:54	7.22	-0.01	108	77976	卖盘
14:39:51	7.23	0.01	72	52056	买盘
14:39:48	7.22	--	149	107578	卖盘
14:39:45	7.22	-0.01	33	23826	卖盘
14:39:42	7.23	0.01	30	21690	中性盘
14:39:39	7.22	--	122	88084	卖盘
14:39:36	7.22	--	210	151620	卖盘
14:39:33	7.22	-0.01	44	31768	卖盘
14:39:30	7.23	--	30	21690	买盘
14:39:27	7.23	--	35	25305	买盘
14:39:24	7.23	-0.01	513	370899	卖盘
14:39:21	7.24	-0.01	53	38372	卖盘
14:39:18	7.25	--	152	110200	买盘
14:39:15	7.25	--	27	19575	买盘
14:39:12	7.25	--	4	2900	买盘
14:39:09	7.25	--	20	14500	买盘
14:39:06	7.25	-0.01	98	71050	卖盘
14:39:03	7.26	0.01	111	80586	买盘
14:39:00	7.25	--	433	313925	卖盘
14:38:57	7.25	--	256	185600	卖盘
14:38:54	7.25	--	394	285650	卖盘
14:38:51	7.25	--	55	39875	卖盘
14:38:48	7.25	--	483	350175	卖盘
14:38:45	7.25	-0.01	13	9425	卖盘
14:38:42	7.26	0.01	16	11616	买盘
14:38:39	7.25	-0.01	122	88450	卖盘
14:38:36	7.26	--	95	68970	卖盘
14:38:33	7.26	--	22	15972	卖盘
14:38:30	7.26	--	314	227964	卖盘
14:38:24	7.26	--	235	170610	卖盘
14:38:21	7.26	--	97	70422	卖盘
14:38:18	7.26	--	77	55902	卖盘
14:38:15	7.26	-0.01	113	82038	卖盘
14:38:12	7.27	0.01	366	266082	买盘
14:38:09	7.26	--	139	100914	卖盘
14:38:06	7.26	--	201	145926	卖盘
14:38:03	7.26	-0.01	79	57354	卖盘
14:38:00	7.27	--	58	42166	买盘
14:37:57	7.27	--	125	90875	买盘
14:37:54	7.27	--	5	3635	买盘
14:37:51	7.27	--	2	1454	买盘
14:37:45	7.27	--	46	33442	买盘
14:37:42	7.27	--	1	727	买盘
14:37:39	7.27	--	11	7996	买盘
14:37:36	7.27	--	17	12359	卖盘
14:37:33	7.27	-0.01	96	69792	卖盘
14:37:30	7.28	0.01	349	254072	买盘
14:37:27	7.27	--	45	32714	卖盘
14:37:24	7.27	-0.01	10	7270	卖盘
14:37:18	7.28	0.01	4	2912	买盘
14:37:15	7.27	--	102	74154	卖盘
14:37:12	7.27	-0.01	71	51617	卖盘
14:37:09	7.28	--	405	294840	买盘
14:37:03	7.28	0.01	63	45864	买盘
14:37:00	7.27	--	25	18175	卖盘
14:36:57	7.27	--	23	16721	卖盘
14:36:54	7.27	-0.01	176	127951	卖盘
14:36:51	7.28	0.01	12	8736	买盘
14:36:48	7.27	--	3	2181	卖盘
14:36:45	7.27	-0.01	18	13086	卖盘
14:36:42	7.28	--	3	2184	买盘
14:36:39	7.28	--	12	8736	买盘
14:36:36	7.28	--	23	17209	卖盘
14:36:33	7.28	--	68	49504	卖盘
14:36:27	7.28	--	20	14560	卖盘
14:36:24	7.28	--	49	35934	买盘
14:36:21	7.28	--	45	32760	买盘
14:36:18	7.28	--	143	104104	买盘
14:36:15	7.28	--	132	96096	买盘
14:36:12	7.28	--	2	1456	买盘
14:36:09	7.28	--	10	7280	买盘
14:36:06	7.28	-0.01	94	68897	卖盘
14:36:03	7.29	0.01	3	2187	买盘
14:36:00	7.28	--	430	313040	卖盘
14:35:57	7.28	--	31	22568	卖盘
14:35:54	7.28	-0.01	97	70616	卖盘
14:35:51	7.29	--	74	53946	卖盘
14:35:48	7.29	--	48	34992	卖盘
14:35:45	7.29	--	148	107892	买盘
14:35:42	7.29	0.01	10	7290	中性盘
14:35:39	7.28	-0.01	790	575163	卖盘
14:35:36	7.29	--	88	64152	买盘
14:35:33	7.29	--	70	51030	买盘
14:35:30	7.29	--	191	139239	买盘
14:35:27	7.29	--	156	113724	买盘
14:35:24	7.29	--	12	8748	买盘
14:35:21	7.29	--	14	10206	买盘
14:35:18	7.29	--	20	14580	买盘
14:35:15	7.29	--	248	180966	卖盘
14:35:12	7.29	-0.01	246	179334	卖盘
14:35:09	7.3	--	40	29200	买盘
14:35:06	7.3	0.01	23	16790	买盘
14:35:03	7.29	--	10	7290	卖盘
14:35:00	7.29	-0.01	742	540918	卖盘
14:34:54	7.3	0.01	40	29200	买盘
14:34:51	7.29	--	10	7290	卖盘
14:34:48	7.29	-0.01	7	5657	卖盘
14:34:45	7.3	--	190	138700	买盘
14:34:39	7.3	--	11	8030	买盘
14:34:36	7.3	0.01	197	143810	买盘
14:34:33	7.29	--	30	21870	卖盘
14:34:30	7.29	-0.01	116	84564	卖盘
14:34:27	7.3	--	10	7300	买盘
14:34:21	7.3	--	222	162060	买盘
14:34:18	7.3	0.01	19	13870	买盘
14:34:15	7.29	-0.01	30	21870	卖盘
14:34:12	7.3	0.01	108	78840	买盘
14:34:09	7.29	-0.01	3	2187	卖盘
14:34:06	7.3	--	164	119720	买盘
14:34:03	7.3	--	109	79570	买盘
14:34:00	7.3	--	28	20440	买盘
14:33:57	7.3	0.01	133	97090	买盘
14:33:54	7.29	-0.01	1	729	卖盘
14:33:51	7.3	--	350	255500	买盘
14:33:45	7.3	--	131	95630	买盘
14:33:39	7.3	--	1000	730000	买盘
14:33:36	7.3	--	70	51100	买盘
14:33:33	7.3	--	60	43800	买盘
14:33:30	7.3	--	67	48910	买盘
14:33:27	7.3	0.01	11	8030	买盘
14:33:24	7.29	--	63	45927	卖盘
14:33:21	7.29	-0.01	124	90396	卖盘
14:33:18	7.3	--	163	118990	买盘
14:33:15	7.3	0.01	2	1460	买盘
14:33:12	7.29	-0.01	15	10935	卖盘
14:33:09	7.3	--	8	5840	买盘
14:33:06	7.3	0.01	23	16790	买盘
14:33:03	7.29	-0.01	11	8019	卖盘
14:33:00	7.3	0.01	2	2160	买盘
14:32:57	7.29	--	49	35750	卖盘
14:32:54	7.29	-0.01	15	10935	卖盘
14:32:51	7.3	0.01	26	18980	买盘
14:32:48	7.29	--	21	15309	卖盘
14:32:45	7.29	--	101	73629	卖盘
14:32:42	7.29	--	5	3645	卖盘
14:32:39	7.29	--	12	9447	买盘
14:32:36	7.29	--	70	51059	卖盘
14:32:33	7.29	0.01	183	134106	买盘
14:32:30	7.28	-0.01	200	145600	卖盘
14:32:27	7.29	--	39	28431	买盘
14:32:24	7.29	--	70	51030	买盘
14:32:21	7.29	0.01	218	158922	买盘
14:32:15	7.28	--	20	14560	卖盘
14:32:12	7.28	-0.01	175	127400	卖盘
14:32:09	7.29	--	10	7290	买盘
14:32:06	7.29	0.01	2	1458	买盘
14:32:03	7.28	-0.01	529	385112	卖盘
14:32:00	7.29	0.01	20	14580	买盘
14:31:54	7.28	-0.01	20	14560	卖盘
14:31:51	7.29	0.01	136	99144	买盘
14:31:48	7.28	-0.01	180	131040	卖盘
14:31:45	7.29	--	68	49572	买盘
14:31:42	7.29	0.01	36	26244	买盘
14:31:39	7.28	--	61	44408	卖盘
14:31:36	7.28	--	20	14560	卖盘
14:31:33	7.28	--	57	41496	卖盘
14:31:30	7.28	--	64	46592	卖盘
14:31:27	7.28	--	385	280280	卖盘
14:31:24	7.28	--	81	58968	卖盘
14:31:21	7.28	-0.01	117	85176	卖盘
14:31:18	7.29	0.01	18	13122	买盘
14:31:15	7.28	--	130	94640	卖盘
14:31:12	7.28	--	198	144144	卖盘
14:31:09	7.28	--	30	21840	卖盘
14:31:06	7.28	-0.01	518	377104	卖盘
14:31:03	7.29	0.01	28	20412	买盘
14:31:00	7.28	--	21	15288	卖盘
14:30:57	7.28	--	28	20384	卖盘
14:30:54	7.28	--	97	70616	卖盘
14:30:51	7.28	--	114	82992	卖盘
14:30:48	7.28	--	73	53144	卖盘
14:30:45	7.28	--	50	36400	卖盘
14:30:42	7.28	-0.01	54	39312	卖盘
14:30:39	7.29	0.01	88	64152	买盘
14:30:36	7.28	--	67	48776	卖盘
14:30:33	7.28	--	18	13104	卖盘
14:30:30	7.28	-0.01	42	30576	卖盘
14:30:27	7.29	0.01	19	13851	买盘
14:30:24	7.28	--	19	13832	卖盘
14:30:21	7.28	-0.01	45	32760	卖盘
14:30:18	7.29	0.01	72	52488	买盘
14:30:15	7.28	-0.01	40	29120	卖盘
14:30:09	7.29	0.01	13	9477	买盘
14:30:06	7.28	--	24	17472	卖盘
14:30:03	7.28	-0.01	0	218	卖盘
14:30:00	7.29	--	109	79461	买盘
14:29:51	7.29	--	119	87144	卖盘
14:29:48	7.29	--	13	9477	卖盘
14:29:45	7.29	--	99	72171	卖盘
14:29:42	7.29	--	50	36450	卖盘
14:29:39	7.29	-0.01	12	8748	卖盘
14:29:36	7.3	0.01	53	38690	买盘
14:29:33	7.29	-0.01	665	484785	卖盘
14:29:30	7.3	0.01	6	4380	买盘
14:29:27	7.29	-0.01	68	49572	卖盘
14:29:24	7.3	0.01	120	87600	买盘
14:29:21	7.29	-0.01	1	729	卖盘
14:29:18	7.3	--	8	5840	买盘
14:29:15	7.3	--	46	33580	买盘
14:29:12	7.3	--	180	131400	卖盘
14:29:09	7.3	--	3	2190	卖盘
14:29:06	7.3	--	84	61320	卖盘
14:29:03	7.3	--	66	48180	卖盘
14:29:00	7.3	--	132	96360	卖盘
14:28:54	7.3	--	15	10950	卖盘
14:28:51	7.3	--	10	7300	卖盘
14:28:48	7.3	--	267	194910	卖盘
14:28:45	7.3	--	19	13870	卖盘
14:28:42	7.3	-0.01	445	324850	卖盘
14:28:39	7.31	0.01	1	731	买盘
14:28:36	7.3	-0.01	40	29200	卖盘
14:28:30	7.31	--	25	18275	买盘
14:28:24	7.31	0.01	29	21199	买盘
14:28:21	7.3	-0.01	54	39420	卖盘
14:28:18	7.31	--	97	71272	卖盘
14:28:15	7.31	--	5	3655	卖盘
14:28:12	7.31	--	60	43860	卖盘
14:28:09	7.31	--	208	152048	卖盘
14:28:06	7.31	0.01	562	411187	买盘
14:28:03	7.3	-0.01	237	173010	卖盘
14:28:00	7.31	0.01	51	37281	买盘
14:27:57	7.3	-0.01	50	36500	卖盘
14:27:54	7.31	0.01	24	17544	买盘
14:27:51	7.3	--	200	146000	卖盘
14:27:48	7.3	-0.01	6	4380	卖盘
14:27:45	7.31	0.01	2	1462	买盘
14:27:39	7.3	--	7	5110	卖盘
14:27:36	7.3	--	38	27740	卖盘
14:27:33	7.3	-0.01	200	146000	卖盘
14:27:27	7.31	--	67	48977	买盘
14:27:18	7.31	--	115	84065	卖盘
14:27:15	7.31	-0.01	108	78948	卖盘
14:27:12	7.32	--	4	2928	买盘
14:27:09	7.32	0.01	2	1464	买盘
14:27:06	7.31	--	5	3655	卖盘
14:27:00	7.31	--	41	29971	卖盘
14:26:57	7.31	-0.01	11	8041	卖盘
14:26:54	7.32	0.01	30	21960	买盘
14:26:48	7.31	--	65	47515	卖盘
14:26:45	7.31	--	55	40205	卖盘
14:26:39	7.31	--	6	4386	卖盘
14:26:36	7.31	0.01	247	180557	买盘
14:26:33	7.3	--	20	14600	卖盘
14:26:30	7.3	-0.01	60	43800	卖盘
14:26:27	7.31	--	29	21199	买盘
14:26:24	7.31	0.01	58	42398	买盘
14:26:21	7.3	--	15	10950	卖盘
14:26:15	7.3	-0.01	3	2190	卖盘
14:26:12	7.31	--	79	57749	买盘
14:26:09	7.31	--	9	6579	买盘
14:26:06	7.31	--	21	15351	买盘
14:26:00	7.31	0.01	115	84065	买盘
14:25:57	7.3	--	24	17520	卖盘
14:25:54	7.3	--	10	7300	卖盘
14:25:48	7.3	-0.01	70	51100	卖盘
14:25:45	7.31	--	8	5848	买盘
14:25:42	7.31	--	7	5117	买盘
14:25:39	7.31	--	11	8041	买盘
14:25:36	7.31	--	30	21930	买盘
14:25:33	7.31	0.01	188	137428	买盘
14:25:27	7.3	-0.01	68	49640	卖盘
14:25:24	7.31	-0.01	14	10234	卖盘
14:25:21	7.32	0.01	12	8784	买盘
14:25:18	7.31	--	16	11696	卖盘
14:25:15	7.31	--	18	13158	卖盘
14:25:12	7.31	--	12	8772	卖盘
14:25:06	7.31	0.01	157	114767	买盘
14:25:03	7.3	-0.01	4	2920	卖盘
14:25:00	7.31	0.01	16	11696	买盘
14:24:57	7.3	--	41	29930	卖盘
14:24:54	7.3	--	29	21170	卖盘
14:24:51	7.3	-0.01	32	23360	卖盘
14:24:48	7.31	--	1	731	买盘
14:24:45	7.31	0.01	16	11696	买盘
14:24:42	7.3	--	10	7300	卖盘
14:24:36	7.3	--	20	14600	卖盘
14:24:33	7.3	-0.01	60	43800	卖盘
14:24:30	7.31	--	11	8041	买盘
14:24:27	7.31	--	31	22661	买盘
14:24:24	7.31	0.01	218	159358	买盘
14:24:15	7.3	-0.01	10	7300	卖盘
14:24:12	7.31	--	11	8041	买盘
14:24:09	7.31	--	9	6579	买盘
14:24:06	7.31	-0.01	73	53363	卖盘
14:24:03	7.32	0.01	415	303780	买盘
14:24:00	7.31	-0.01	10	7310	卖盘
14:23:57	7.32	0.02	11	8052	买盘
14:23:48	7.3	-0.01	115	83950	卖盘
14:23:45	7.31	0.01	52	38012	买盘
14:23:42	7.3	--	3	2190	卖盘
14:23:39	7.3	-0.01	50	36500	卖盘
14:23:36	7.31	0.01	46	33626	买盘
14:23:30	7.3	-0.01	2	1460	卖盘
14:23:27	7.31	--	22	16082	买盘
14:23:18	7.31	--	98	71638	买盘
14:23:12	7.31	--	5	3655	买盘
14:23:09	7.31	--	21	15351	买盘
14:23:06	7.31	--	97	70907	卖盘
14:23:03	7.31	-0.01	430	314330	卖盘
14:23:00	7.32	--	5	3660	买盘
14:22:45	7.32	--	80	58560	买盘
14:22:42	7.32	--	364	266448	卖盘
14:22:39	7.32	--	12	8784	卖盘
14:22:33	7.32	-0.01	54	39528	卖盘
14:22:30	7.33	--	7	5131	买盘
14:22:24	7.33	--	4	2932	买盘
14:22:21	7.33	--	8	5864	买盘
14:22:18	7.33	-0.01	104	76745	卖盘
14:22:15	7.34	--	21	15414	买盘
14:22:12	7.34	0.01	138	101292	买盘
14:22:09	7.33	-0.01	340	249220	卖盘
14:22:06	7.34	--	223	163682	买盘
14:21:57	7.34	--	90	66060	买盘
14:21:54	7.34	--	25	18680	卖盘
14:21:48	7.34	--	33	24222	卖盘
14:21:42	7.34	--	11	8074	卖盘
14:21:39	7.34	--	1	734	卖盘
14:21:33	7.34	0.01	33	24625	买盘
14:21:30	7.33	--	15	10995	卖盘
14:21:27	7.33	-0.01	30	21990	卖盘
14:21:21	7.34	--	41	30094	买盘
14:21:18	7.34	0.01	2	1468	买盘
14:21:15	7.33	--	10	7330	卖盘
14:21:12	7.33	-0.01	100	73300	卖盘
14:21:09	7.34	--	49	35966	买盘
14:21:06	7.34	--	23	16882	买盘
14:21:03	7.34	--	1	734	买盘
14:20:57	7.34	0.01	6	4404	买盘
14:20:54	7.33	-0.01	12	8796	卖盘
14:20:51	7.34	--	11	8074	卖盘
14:20:42	7.34	--	44	32296	买盘
14:20:39	7.34	0.01	144	105696	买盘
14:20:30	7.33	--	3	2199	卖盘
14:20:24	7.33	--	81	59373	卖盘
14:20:21	7.33	-0.01	52	38116	卖盘
14:20:18	7.34	--	1	734	买盘
14:20:15	7.34	0.01	18	13212	买盘
14:20:09	7.33	-0.01	2	1466	卖盘
14:20:06	7.34	--	80	58720	买盘
14:20:03	7.34	--	27	19818	买盘
14:20:00	7.34	0.01	10	7340	买盘
14:19:57	7.33	-0.01	12	8796	卖盘
14:19:54	7.34	0.01	50	36700	买盘
14:19:51	7.33	-0.01	574	420742	卖盘
14:19:48	7.34	--	1	734	买盘
14:19:45	7.34	--	20	14680	买盘
14:19:42	7.34	0.01	93	68262	买盘
14:19:39	7.33	-0.01	20	14660	卖盘
14:19:36	7.34	0.01	1003	736202	买盘
14:19:33	7.33	-0.01	52	38116	卖盘
14:19:30	7.34	--	140	102760	买盘
14:19:27	7.34	--	1	734	买盘
14:19:21	7.34	0.01	62	45508	买盘
14:19:18	7.33	--	5	3665	卖盘
14:19:12	7.33	--	8	5864	卖盘
14:19:09	7.33	-0.01	51	37383	卖盘
14:19:06	7.34	0.01	7	5138	买盘
14:19:00	7.33	--	25	18544	买盘
14:18:54	7.33	0.01	500	366500	买盘
14:18:51	7.32	--	4	2928	卖盘
14:18:48	7.32	--	42	30744	卖盘
14:18:45	7.32	-0.01	4	2928	卖盘
14:18:42	7.33	--	5	3665	买盘
14:18:39	7.33	--	7	5131	买盘
14:18:33	7.33	--	5	3665	买盘
14:18:30	7.33	--	1	733	买盘
14:18:27	7.33	0.01	18	13194	买盘
14:18:24	7.32	-0.01	65	47580	卖盘
14:18:21	7.33	--	3	2199	买盘
14:18:18	7.33	0.01	8	5864	买盘
14:18:12	7.32	--	73	53436	卖盘
14:18:06	7.32	-0.01	5	3660	卖盘
14:18:03	7.33	0.01	3	2199	买盘
14:18:00	7.32	--	6	4392	买盘
14:17:57	7.32	--	14	10248	卖盘
14:17:54	7.32	-0.01	50	36600	卖盘
14:17:48	7.33	--	13	9529	买盘
14:17:45	7.33	0.01	1	733	买盘
14:17:42	7.32	0.01	129	94428	买盘
14:17:39	7.31	-0.01	101	73831	卖盘
14:17:36	7.32	0.01	59	43188	买盘
14:17:33	7.31	--	10	7310	卖盘
14:17:30	7.31	--	1	731	卖盘
14:17:27	7.31	--	2	1462	卖盘
14:17:21	7.31	--	10	7310	卖盘
14:17:18	7.31	-0.01	5	3655	卖盘
14:17:12	7.32	0.01	50	36600	买盘
14:17:09	7.31	-0.01	3	2193	卖盘
14:17:06	7.32	--	60	43920	买盘
14:17:03	7.32	0.01	10	7320	买盘
14:17:00	7.31	-0.01	120	87720	卖盘
14:16:57	7.32	0.01	50	36600	买盘
14:16:54	7.31	-0.01	5	3655	卖盘
14:16:51	7.32	0.01	19	13908	买盘
14:16:48	7.31	-0.01	1	731	卖盘
14:16:39	7.32	0.01	5	3660	买盘
14:16:36	7.31	--	18	13158	卖盘
14:16:33	7.31	-0.01	10	7310	卖盘
14:16:30	7.32	--	234	171288	买盘
14:16:27	7.32	--	205	150060	买盘
14:16:24	7.32	0.01	2	1464	买盘
14:16:21	7.31	--	29	21199	卖盘
14:16:18	7.31	-0.01	80	58480	卖盘
14:16:15	7.32	0.01	14	10248	买盘
14:16:12	7.31	--	127	92837	中性盘
14:16:09	7.31	-0.01	31	22661	中性盘
14:16:03	7.32	0.01	809	592188	买盘
14:15:57	7.31	-0.01	5	3655	卖盘
14:15:51	7.32	--	114	83448	买盘
14:15:48	7.32	0.01	172	125904	买盘
14:15:45	7.31	-0.02	5	3655	卖盘
14:15:42	7.33	0.01	12	8796	买盘
14:15:39	7.32	--	16	11712	买盘
14:15:36	7.32	--	15	10980	买盘
14:15:33	7.32	0.01	10	7320	买盘
14:15:30	7.31	--	25	18275	卖盘
14:15:24	7.31	-0.01	400	292400	卖盘
14:15:21	7.32	0.01	3	2196	中性盘
14:15:18	7.31	-0.02	50	36550	卖盘
14:15:15	7.33	0.02	511	374563	买盘
14:15:12	7.31	-0.01	93	67983	卖盘
14:15:09	7.32	--	2	1464	买盘
14:15:06	7.32	--	11	8052	买盘
14:15:03	7.32	--	132	97136	卖盘
14:14:54	7.32	--	133	97575	卖盘
14:14:51	7.32	--	2	1464	卖盘
14:14:45	7.32	--	3	2196	卖盘
14:14:42	7.32	--	52	38064	卖盘
14:14:36	7.32	--	2	1464	卖盘
14:14:33	7.32	--	53	38796	卖盘
14:14:27	7.32	--	65	47580	卖盘
14:14:24	7.32	-0.01	10	7320	卖盘
14:14:21	7.33	0.01	31	22723	买盘
14:14:15	7.32	--	116	84912	卖盘
14:14:09	7.32	-0.01	110	80520	卖盘
14:14:06	7.33	--	12	8796	买盘
14:14:03	7.33	--	2	1466	买盘
14:13:57	7.33	0.01	11	8063	买盘
14:13:51	7.32	--	25	18300	卖盘
14:13:48	7.32	--	26	19032	卖盘
14:13:42	7.32	--	20	14640	卖盘
14:13:39	7.32	--	30	21960	卖盘
14:13:36	7.32	-0.01	35	25620	卖盘
14:13:30	7.33	0.01	15	10995	买盘
14:13:27	7.32	-0.01	148	108336	卖盘
14:13:21	7.33	0.01	3	2199	买盘
14:13:15	7.32	-0.01	23	16836	卖盘
14:13:06	7.33	--	7	5131	买盘
14:12:57	7.33	--	50	36650	买盘
14:12:54	7.33	--	2	1466	买盘
14:12:51	7.33	--	51	37383	买盘
14:12:48	7.33	-0.01	4	2932	卖盘
14:12:45	7.34	0.01	7	5138	买盘
14:12:42	7.33	--	16	11728	买盘
14:12:39	7.33	--	59	43247	卖盘
14:12:36	7.33	--	9	6597	卖盘
14:12:33	7.33	--	5	3665	卖盘
14:12:30	7.33	--	24	17592	卖盘
14:12:27	7.33	--	20	14660	卖盘
14:12:21	7.33	--	9	6597	卖盘
14:12:15	7.33	-0.01	20	14660	买盘
14:12:12	7.34	--	28	20552	买盘
14:12:06	7.34	--	1	734	买盘
14:12:03	7.34	--	13	9542	买盘
14:11:57	7.34	--	82	60188	买盘
14:11:51	7.34	--	14	10276	买盘
14:11:48	7.34	0.02	15	11010	买盘
14:11:42	7.32	-0.02	5	3660	卖盘
14:11:39	7.34	--	91	66794	卖盘
14:11:36	7.34	--	52	38168	卖盘
14:11:30	7.34	-0.01	2	1468	卖盘
14:11:27	7.35	0.01	13	9555	买盘
14:11:21	7.34	--	10	7340	卖盘
14:11:15	7.34	--	3	2202	卖盘
14:11:12	7.34	--	24	17616	卖盘
14:11:09	7.34	0.02	1138	835292	买盘
14:11:03	7.32	--	30	21960	卖盘
14:11:00	7.32	-0.01	24	17568	卖盘
14:10:57	7.33	0.01	6	4398	买盘
14:10:48	7.32	-0.01	110	80520	卖盘
14:10:45	7.33	0.01	2	1466	买盘
14:10:36	7.32	--	30	21960	买盘
14:10:33	7.32	-0.01	4	2928	中性盘
14:10:30	7.33	0.01	10	7330	买盘
14:10:27	7.32	--	119	87108	卖盘
14:10:24	7.32	-0.01	2	1464	卖盘
14:10:21	7.33	0.01	611	447863	买盘
14:10:18	7.32	-0.01	5	3660	卖盘
14:10:15	7.33	--	24	17592	买盘
14:10:12	7.33	--	9	6597	买盘
14:10:06	7.33	--	14	10262	买盘
14:10:03	7.33	--	383	280739	买盘
14:10:00	7.33	--	39	28587	买盘
14:09:57	7.33	0.01	127	93091	买盘
14:09:51	7.32	-0.01	195	142740	卖盘
14:09:48	7.33	--	1	733	买盘
14:09:45	7.33	-0.01	30	21990	中性盘
14:09:39	7.34	0.01	83	60922	买盘
14:09:36	7.33	--	264	193512	卖盘
14:09:33	7.33	--	50	36650	卖盘
14:09:24	7.33	--	38	27854	买盘
14:09:21	7.33	--	54	39582	买盘
14:09:18	7.33	--	1	733	买盘
14:09:15	7.33	0.01	10	7330	买盘
14:09:12	7.32	-0.01	48	35136	卖盘
14:09:03	7.33	0.01	113	82829	买盘
14:09:00	7.32	0.01	7	5124	中性盘
14:08:51	7.31	-0.01	100	73100	卖盘
14:08:48	7.32	0.01	200	146400	买盘
14:08:45	7.31	-0.01	1	731	卖盘
14:08:42	7.32	0.01	13	9516	买盘
14:08:39	7.31	--	10	7310	卖盘
14:08:36	7.31	-0.01	50	36550	卖盘
14:08:30	7.32	0.01	12	8784	买盘
14:08:24	7.31	-0.01	6	4386	卖盘
14:08:21	7.32	--	60	43920	买盘
14:08:18	7.32	0.01	136	99552	买盘
14:08:09	7.31	--	19	13889	卖盘
14:08:06	7.31	--	42	30702	买盘
14:08:03	7.31	--	36	26316	买盘
14:08:00	7.31	--	1	731	买盘
14:07:57	7.31	--	200	146200	买盘
14:07:54	7.31	--	13	9503	买盘
14:07:51	7.31	--	10	7310	买盘
14:07:48	7.31	--	11	8041	买盘
14:07:45	7.31	--	18	13158	买盘
14:07:42	7.31	0.01	10	7310	中性盘
14:07:39	7.3	--	100	73000	卖盘
14:07:36	7.3	-0.01	63	45990	卖盘
14:07:33	7.31	0.01	43	31433	买盘
14:07:30	7.3	--	110	80300	卖盘
14:07:24	7.3	-0.01	11	8030	卖盘
14:07:21	7.31	0.01	47	34357	买盘
14:07:18	7.3	--	32	23360	卖盘
14:07:15	7.3	--	81	59130	卖盘
14:07:12	7.3	--	139	101470	卖盘
14:07:09	7.3	--	214	156220	买盘
14:07:06	7.3	--	88	64240	卖盘
14:07:03	7.3	--	156	113880	卖盘
14:07:00	7.3	--	10	7300	卖盘
14:06:57	7.3	--	62	45260	卖盘
14:06:51	7.3	--	26	18980	卖盘
14:06:48	7.3	--	23	16790	卖盘
14:06:45	7.3	-0.01	10	7300	卖盘
14:06:42	7.31	0.01	14	10234	买盘
14:06:36	7.3	-0.01	515	375950	卖盘
14:06:33	7.31	--	7	5117	买盘
14:06:30	7.31	0.01	23	16813	买盘
14:06:27	7.3	-0.01	232	169360	卖盘
14:06:24	7.31	--	1	731	买盘
14:06:21	7.31	0.01	4	2924	买盘
14:06:15	7.3	-0.01	14	10220	卖盘
14:06:09	7.31	--	50	36550	买盘
14:05:54	7.31	--	45	32895	买盘
14:05:51	7.31	0.01	4	2924	买盘
14:05:48	7.3	--	86	62780	卖盘
14:05:45	7.3	--	120	87600	卖盘
14:05:42	7.3	--	7	5110	卖盘
14:05:39	7.3	--	19	13870	卖盘
14:05:36	7.3	-0.01	183	133590	卖盘
14:05:30	7.31	--	421	307751	买盘
14:05:27	7.31	--	168	122808	买盘
14:05:21	7.31	--	20	14620	买盘
14:05:18	7.31	--	70	51170	买盘
14:05:15	7.31	0.01	28	20468	买盘
14:05:12	7.3	-0.01	81	59130	卖盘
14:05:09	7.31	--	5	3655	买盘
14:05:06	7.31	0.01	1	731	买盘
14:05:03	7.3	-0.01	19	13870	卖盘
14:05:00	7.31	0.01	5	3655	买盘
14:04:54	7.3	--	15	10950	卖盘
14:04:51	7.3	--	5	3650	卖盘
14:04:48	7.3	0.01	39	28470	卖盘
14:04:45	7.29	-0.01	234	170586	卖盘
14:04:42	7.3	--	347	253645	买盘
14:04:36	7.3	--	5	3650	买盘
14:04:33	7.3	--	102	74460	买盘
14:04:30	7.3	-0.01	189	138364	卖盘
14:04:27	7.31	0.01	1	731	买盘
14:04:24	7.3	--	38	27740	卖盘
14:04:21	7.3	--	19	13870	卖盘
14:04:18	7.3	--	103	75190	卖盘
14:04:15	7.3	--	29	21170	卖盘
14:04:12	7.3	--	441	321930	卖盘
14:04:09	7.3	-0.01	18	13140	卖盘
14:04:06	7.31	--	30	21930	买盘
14:04:03	7.31	--	3	2193	买盘
14:04:00	7.31	0.01	90	65790	买盘
14:03:57	7.3	-0.01	145	105850	卖盘
14:03:54	7.31	--	20	14620	买盘
14:03:51	7.31	--	14	10234	买盘
14:03:48	7.31	0.01	356	260236	买盘
14:03:45	7.3	-0.01	44	32120	卖盘
14:03:42	7.31	0.01	26	19006	买盘
14:03:39	7.3	-0.01	37	27010	卖盘
14:03:36	7.31	--	17	12427	买盘
14:03:33	7.31	0.01	154	112574	买盘
14:03:27	7.3	-0.01	71	51830	卖盘
14:03:24	7.31	--	35	25585	买盘
14:03:21	7.31	--	1	731	买盘
14:03:15	7.31	--	58	42398	买盘
14:03:06	7.31	--	22	16082	卖盘
14:03:03	7.31	--	42	30702	卖盘
14:03:00	7.31	-0.01	100	73100	卖盘
14:02:57	7.32	--	7	5124	买盘
14:02:54	7.32	--	20	14640	中性盘
14:02:51	7.32	--	78	57096	卖盘
14:02:48	7.32	--	20	14640	卖盘
14:02:45	7.32	--	5	3660	卖盘
14:02:42	7.32	--	25	18300	卖盘
14:02:39	7.32	--	41	30012	卖盘
14:02:36	7.32	-0.01	12	8784	卖盘
14:02:33	7.33	0.01	14	10262	买盘
14:02:30	7.32	--	16	11712	卖盘
14:02:27	7.32	-0.01	10	7320	卖盘
14:02:24	7.33	--	98	71834	买盘
14:02:21	7.33	-0.01	150	109950	卖盘
14:02:18	7.34	--	64	46976	买盘
14:02:12	7.34	--	42	30828	卖盘
14:02:09	7.34	-0.01	32	23488	卖盘
14:02:03	7.35	--	75	55125	买盘
14:01:57	7.35	--	1531	1125285	卖盘
14:01:54	7.35	--	103	75705	卖盘
14:01:51	7.35	--	125	91875	卖盘
14:01:48	7.35	--	30	22050	卖盘
14:01:45	7.35	-0.01	925	679875	卖盘
14:01:42	7.36	--	262	192832	买盘
14:01:39	7.36	--	4	2944	买盘
14:01:36	7.36	--	3	2208	买盘
14:01:33	7.36	0.01	11	8096	买盘
14:01:30	7.35	-0.01	24	17640	卖盘
14:01:27	7.36	--	4	2944	买盘
14:01:24	7.36	--	536	394496	卖盘
14:01:21	7.36	--	22	16192	卖盘
14:01:18	7.36	-0.01	5	3680	卖盘
14:01:06	7.37	0.01	20	14740	买盘
14:01:03	7.36	--	132	97152	卖盘
14:01:00	7.36	-0.01	75	55200	卖盘
14:00:57	7.37	--	115	84755	买盘
14:00:54	7.37	0.01	2	1474	买盘
14:00:51	7.36	-0.01	3	2208	卖盘
14:00:48	7.37	--	5	3685	买盘
14:00:42	7.37	--	40	29480	买盘
14:00:39	7.37	--	15	11055	买盘
14:00:36	7.37	--	6	4422	买盘
14:00:33	7.37	--	35	25795	买盘
14:00:27	7.37	--	55	40535	买盘
14:00:24	7.37	--	2	1474	买盘
14:00:21	7.37	--	1	737	买盘
14:00:18	7.37	--	41	30217	买盘
14:00:15	7.37	--	13	9581	买盘
14:00:09	7.37	--	22	16214	买盘
14:00:06	7.37	--	3	2211	买盘
14:00:03	7.37	--	5	3685	买盘
14:00:00	7.37	0.01	10	7370	买盘
13:59:57	7.36	-0.01	7	5152	卖盘
13:59:54	7.37	--	21	15477	买盘
13:59:51	7.37	--	18	13266	买盘
13:59:48	7.37	--	160	117920	买盘
13:59:45	7.37	0.01	48	35376	买盘
13:59:42	7.36	-0.01	19	13984	卖盘
13:59:39	7.37	--	8	5896	买盘
13:59:36	7.37	--	30	22110	买盘
13:59:33	7.37	0.01	23	16951	买盘
13:59:30	7.36	-0.01	5	3680	卖盘
13:59:24	7.37	0.01	1	737	买盘
13:59:21	7.36	--	35	25760	卖盘
13:59:18	7.36	--	57	41952	买盘
13:59:15	7.36	--	320	235520	买盘
13:59:12	7.36	--	26	19136	买盘
13:59:09	7.36	--	48	35328	买盘
13:59:06	7.36	--	144	105984	买盘
13:59:03	7.36	--	1	736	买盘
13:59:00	7.36	--	13	9568	买盘
13:58:57	7.36	--	281	206816	买盘
13:58:54	7.36	--	8	5888	买盘
13:58:51	7.36	--	6	4416	买盘
13:58:48	7.36	--	50	36800	买盘
13:58:42	7.36	--	506	372416	买盘
13:58:39	7.36	--	160	117760	买盘
13:58:30	7.36	--	44	32384	买盘
13:58:27	7.36	--	193	142048	买盘
13:58:24	7.36	--	53	39008	买盘
13:58:21	7.36	0.01	20	14720	买盘
13:58:18	7.35	--	20	14700	卖盘
13:58:15	7.35	-0.01	14	10290	卖盘
13:58:12	7.36	--	68	50048	买盘
13:58:03	7.36	0.01	10	7360	买盘
13:57:57	7.35	--	366	269010	买盘
13:57:54	7.35	-0.01	10	7350	买盘
13:57:51	7.36	--	22	16192	买盘
13:57:48	7.36	--	8	5888	买盘
13:57:45	7.36	0.01	36	26496	买盘
13:57:42	7.35	-0.01	255	187425	卖盘
13:57:39	7.36	--	20	14720	买盘
13:57:36	7.36	--	92	67712	买盘
13:57:33	7.36	--	229	168544	买盘
13:57:30	7.36	0.01	9	6624	买盘
13:57:27	7.35	-0.01	2	1470	卖盘
13:57:24	7.36	--	15	11040	买盘
13:57:21	7.36	0.01	1	736	买盘
13:57:15	7.35	--	52	38220	卖盘
13:57:12	7.35	-0.01	27	19845	卖盘
13:57:09	7.36	--	39	28704	买盘
13:57:06	7.36	--	29	21344	买盘
13:57:00	7.36	--	20	14720	买盘
13:56:48	7.36	0.01	80	58880	买盘
13:56:42	7.35	--	813	597555	买盘
13:56:36	7.35	--	24	17640	买盘
13:56:33	7.35	--	100	73500	买盘
13:56:30	7.35	--	40	29400	买盘
13:56:27	7.35	--	17	12495	买盘
13:56:24	7.35	--	17	12495	买盘
13:56:21	7.35	0.01	25	18375	买盘
13:56:18	7.34	-0.01	180	132120	卖盘
13:56:15	7.35	--	20	14700	买盘
13:56:12	7.35	--	1	735	买盘
13:56:06	7.35	0.01	106	77910	买盘
13:56:03	7.34	--	60	44040	买盘
13:56:00	7.34	--	44	32296	买盘
13:55:57	7.34	--	112	82208	买盘
13:55:54	7.34	--	17	12478	买盘
13:55:51	7.34	--	5	3670	买盘
13:55:48	7.34	--	10	7340	买盘
13:55:45	7.34	--	1058	776572	买盘
13:55:39	7.34	--	8	5872	买盘
13:55:36	7.34	--	77	56518	买盘
13:55:33	7.34	--	71	52114	买盘
13:55:27	7.34	--	143	104962	买盘
13:55:24	7.34	--	10	7340	买盘
13:55:21	7.34	0.01	25	18350	买盘
13:55:18	7.33	-0.01	32	23456	卖盘
13:55:12	7.34	0.01	3	2202	买盘
13:55:06	7.33	--	5	3665	卖盘
13:55:03	7.33	--	533	390689	买盘
13:55:00	7.33	--	231	169323	买盘
13:54:57	7.33	--	9	6597	买盘
13:54:48	7.33	--	26	19058	买盘
13:54:45	7.33	--	29	21257	买盘
13:54:42	7.33	0.01	82	60106	买盘
13:54:30	7.32	--	29	21228	卖盘
13:54:27	7.32	--	285	208620	买盘
13:54:24	7.32	--	113	82716	买盘
13:54:21	7.32	--	69	50508	买盘
13:54:12	7.32	--	1	732	买盘
13:54:09	7.32	0.01	10	7320	买盘
13:54:03	7.31	-0.01	78	57018	卖盘
13:54:00	7.32	--	95	69540	买盘
13:53:57	7.32	0.01	11	8052	买盘
13:53:54	7.31	--	15	10965	卖盘
13:53:51	7.31	-0.01	100	73100	卖盘
13:53:48	7.32	--	76	55632	买盘
13:53:45	7.32	0.01	50	36600	买盘
13:53:42	7.31	--	43	31433	买盘
13:53:39	7.31	--	4	2924	卖盘
13:53:36	7.31	--	194	141814	卖盘
13:53:33	7.31	-0.01	81	59211	卖盘
13:53:30	7.32	0.01	17	12444	买盘
13:53:27	7.31	0.01	1915	1399865	买盘
13:53:24	7.3	-0.01	10	7300	卖盘
13:53:21	7.31	--	17	12427	买盘
13:53:18	7.31	--	181	132311	买盘
13:53:15	7.31	--	40	29240	买盘
13:53:12	7.31	--	16	11696	买盘
13:53:06	7.31	0.01	6	4386	买盘
13:53:03	7.3	--	44	32120	卖盘
13:53:00	7.3	--	1	730	卖盘
13:52:57	7.3	--	20	14600	卖盘
13:52:54	7.3	0.01	139	101805	买盘
13:52:51	7.29	-0.01	108	78732	卖盘
13:52:45	7.3	--	267	194910	买盘
13:52:42	7.3	0.01	1000	730000	买盘
13:52:39	7.29	-0.01	144	104976	卖盘
13:52:33	7.3	--	8	5840	买盘
13:52:30	7.3	0.01	10	7300	买盘
13:52:27	7.29	-0.01	117	85293	卖盘
13:52:24	7.3	--	70	51100	买盘
13:52:21	7.3	--	102	74460	买盘
13:52:18	7.3	--	63	45990	买盘
13:52:15	7.3	--	5	3650	买盘
13:52:12	7.3	0.01	71	51830	买盘
13:52:09	7.29	--	73	53217	卖盘
13:52:06	7.29	-0.01	30	21870	卖盘
13:52:03	7.3	0.01	146	106580	买盘
13:52:00	7.29	-0.01	118	86022	卖盘
13:51:57	7.3	--	148	108040	买盘
13:51:54	7.3	0.01	31	22630	买盘
13:51:51	7.29	--	226	164754	卖盘
13:51:48	7.29	--	118	86022	卖盘
13:51:45	7.29	-0.01	277	201933	卖盘
13:51:42	7.3	0.01	8	5840	买盘
13:51:39	7.29	--	37	26973	卖盘
13:51:36	7.29	--	17	12393	卖盘
13:51:30	7.29	0.01	27	19683	买盘
13:51:27	7.28	--	84	61152	卖盘
13:51:24	7.28	--	66	48048	卖盘
13:51:21	7.28	-0.01	17	12376	卖盘
13:51:18	7.29	0.01	21	15309	买盘
13:51:15	7.28	--	14	10192	卖盘
13:51:12	7.28	-0.01	47	34216	卖盘
13:51:09	7.29	--	19	13851	卖盘
13:51:06	7.29	--	131	95499	买盘
13:51:03	7.29	--	34	24786	买盘
13:51:00	7.29	--	30	21870	买盘
13:50:54	7.29	--	115	83835	买盘
13:50:51	7.29	--	291	212139	卖盘
13:50:48	7.29	--	10	7290	卖盘
13:50:45	7.29	0.01	90	65610	买盘
13:50:42	7.28	--	157	114346	卖盘
13:50:39	7.28	-0.01	23	16744	卖盘
13:50:36	7.29	--	13	9477	买盘
13:50:33	7.29	0.01	27	19683	买盘
13:50:30	7.28	--	59	42952	卖盘
13:50:27	7.28	--	1047	762216	卖盘
13:50:24	7.28	--	502	365456	卖盘
13:50:21	7.28	-0.01	176	128128	卖盘
13:50:18	7.29	0.01	46	33534	买盘
13:50:15	7.28	-0.01	30	21840	卖盘
13:50:12	7.29	0.01	360	262440	买盘
13:50:09	7.28	-0.01	220	160160	卖盘
13:50:06	7.29	--	15	10935	买盘
13:50:03	7.29	0.01	98	71442	买盘
13:50:00	7.28	--	181	131768	卖盘
13:49:57	7.28	--	178	129584	卖盘
13:49:54	7.28	--	140	101920	卖盘
13:49:51	7.28	-0.01	77	56056	卖盘
13:49:48	7.29	--	247	180063	买盘
13:49:45	7.29	--	39	28431	买盘
13:49:42	7.29	--	10	7290	买盘
13:49:39	7.29	0.01	36	26244	买盘
13:49:36	7.28	-0.01	178	129584	卖盘
13:49:33	7.29	0.01	10	7290	买盘
13:49:30	7.28	-0.01	51	37128	卖盘
13:49:27	7.29	0.01	15	10935	买盘
13:49:24	7.28	--	33	24024	卖盘
13:49:21	7.28	-0.01	42	30576	卖盘
13:49:18	7.29	--	5	3645	买盘
13:49:15	7.29	-0.01	259	188811	卖盘
13:49:12	7.3	--	5	3650	买盘
13:49:09	7.3	--	8	5840	买盘
13:49:06	7.3	0.01	225	164250	买盘
13:49:03	7.29	-0.01	330	240570	卖盘
13:49:00	7.3	--	17	12410	买盘
13:48:57	7.3	--	29	21170	买盘
13:48:54	7.3	--	172	125954	卖盘
13:48:51	7.3	--	928	677440	卖盘
13:48:48	7.3	--	52	37960	卖盘
13:48:45	7.3	--	7	5110	卖盘
13:48:42	7.3	--	82	59860	卖盘
13:48:39	7.3	-0.01	15	10950	卖盘
13:48:36	7.31	--	1	731	买盘
13:48:33	7.31	0.01	92	67252	买盘
13:48:30	7.3	--	17	12410	卖盘
13:48:27	7.3	--	105	76650	卖盘
13:48:24	7.3	--	50	36500	卖盘
13:48:21	7.3	-0.01	57	41610	卖盘
13:48:18	7.31	--	11	8041	买盘
13:48:15	7.31	0.01	883	645473	买盘
13:48:09	7.3	-0.01	14	10220	卖盘
13:48:06	7.31	0.01	3	2193	买盘
13:48:03	7.3	-0.01	9	6570	卖盘
13:48:00	7.31	--	2	1462	买盘
13:47:57	7.31	--	102	74562	卖盘
13:47:54	7.31	--	68	49708	卖盘
13:47:51	7.31	--	291	212721	买盘
13:47:48	7.31	0.01	38	27778	买盘
13:47:45	7.3	--	915	667950	卖盘
13:47:42	7.3	--	10	7300	卖盘
13:47:39	7.3	-0.01	9	6570	卖盘
13:47:36	7.31	0.01	2	1462	买盘
13:47:33	7.3	-0.01	2	1460	卖盘
13:47:30	7.31	0.01	7	5117	买盘
13:47:27	7.3	--	4	2920	卖盘
13:47:24	7.3	--	189	137970	卖盘
13:47:21	7.3	-0.01	90	65700	卖盘
13:47:18	7.31	--	16	11696	买盘
13:47:15	7.31	0.01	15	10965	买盘
13:47:12	7.3	--	15	10950	卖盘
13:47:09	7.3	-0.01	7	5110	卖盘
13:47:06	7.31	0.01	9	6579	买盘
13:47:03	7.3	--	5	3650	卖盘
13:46:57	7.3	--	147	107310	卖盘
13:46:51	7.3	-0.01	54	39420	卖盘
13:46:48	7.31	--	27	19737	买盘
13:46:45	7.31	--	6	4386	买盘
13:46:42	7.31	--	152	111112	卖盘
13:46:39	7.31	--	100	73100	卖盘
13:46:36	7.31	--	67	48977	卖盘
13:46:33	7.31	-0.01	2	1462	卖盘
13:46:30	7.32	0.01	6	4392	买盘
13:46:27	7.31	-0.01	100	73100	卖盘
13:46:24	7.32	--	26	19032	买盘
13:46:18	7.32	--	5	3660	买盘
13:46:15	7.32	--	197	144204	买盘
13:46:12	7.32	0.01	11	8052	买盘
13:46:09	7.31	--	41	29971	卖盘
13:46:06	7.31	--	46	33626	卖盘
13:46:03	7.31	-0.01	6	4386	卖盘
13:45:57	7.32	--	4	2928	买盘
13:45:54	7.32	0.01	112	81984	买盘
13:45:51	7.31	--	9	6579	卖盘
13:45:48	7.31	-0.01	101	73831	卖盘
13:45:45	7.32	--	35	25620	买盘
13:45:42	7.32	--	3	2196	买盘
13:45:39	7.32	--	1	732	买盘
13:45:36	7.32	0.01	210	153720	买盘
13:45:27	7.31	-0.01	1	731	卖盘
13:45:24	7.32	0.01	38	27816	买盘
13:45:21	7.31	--	31	22661	卖盘
13:45:18	7.31	-0.01	100	73100	卖盘
13:45:12	7.32	0.01	22	16104	买盘
13:45:09	7.31	-0.01	1	731	卖盘
13:45:03	7.32	--	15	10980	买盘
13:45:00	7.32	--	5	3660	买盘
13:44:57	7.32	0.01	20	14640	买盘
13:44:54	7.31	-0.01	5	3655	卖盘
13:44:51	7.32	--	4	2928	买盘
13:44:45	7.32	--	23	16836	买盘
13:44:42	7.32	--	15	10980	买盘
13:44:39	7.32	--	67	49044	买盘
13:44:36	7.32	--	11	8052	买盘
13:44:33	7.32	--	10	7320	买盘
13:44:30	7.32	--	3	2196	买盘
13:44:27	7.32	--	163	119316	买盘
13:44:24	7.32	--	92	67344	买盘
13:44:21	7.32	--	14	10248	买盘
13:44:18	7.32	--	81	59292	买盘
13:44:15	7.32	--	6	4392	买盘
13:44:12	7.32	--	7	5124	买盘
13:44:09	7.32	--	25	18300	买盘
13:44:06	7.32	0.01	24	17568	买盘
13:44:03	7.31	-0.01	835	610385	卖盘
13:44:00	7.32	0.01	70	51240	买盘
13:43:57	7.31	--	40	29240	卖盘
13:43:54	7.31	--	38	27778	卖盘
13:43:48	7.31	-0.01	60	43860	卖盘
13:43:45	7.32	0.01	5	3660	买盘
13:43:42	7.31	-0.01	132	96492	卖盘
13:43:39	7.32	--	1	732	买盘
13:43:36	7.32	0.01	24	17568	买盘
13:43:33	7.31	-0.01	93	67983	卖盘
13:43:30	7.32	--	52	38064	买盘
13:43:27	7.32	--	47	34404	买盘
13:43:24	7.32	--	5	3660	买盘
13:43:21	7.32	--	7	5124	买盘
13:43:18	7.32	--	22	16104	买盘
13:43:12	7.32	0.01	20	14640	买盘
13:43:06	7.31	--	72	52632	卖盘
13:43:03	7.31	--	200	146200	卖盘
13:43:00	7.31	--	6	4386	卖盘
13:42:57	7.31	--	5	3655	卖盘
13:42:54	7.31	--	1	731	卖盘
13:42:51	7.31	-0.01	60	43860	卖盘
13:42:45	7.32	0.01	1	732	买盘
13:42:42	7.31	--	28	20468	卖盘
13:42:39	7.31	--	61	44591	卖盘
13:42:36	7.31	--	10	7310	卖盘
13:42:27	7.31	-0.01	59	43129	卖盘
13:42:24	7.32	--	7	5124	买盘
13:42:18	7.32	0.01	5	3660	买盘
13:42:12	7.31	--	9	6579	卖盘
13:42:06	7.31	--	33	24123	买盘
13:42:03	7.31	--	15	10965	买盘
13:42:00	7.31	--	10	7310	买盘
13:41:57	7.31	--	152	111112	买盘
13:41:54	7.31	--	64	46784	买盘
13:41:51	7.31	--	6	4386	买盘
13:41:48	7.31	--	3	2193	买盘
13:41:45	7.31	--	21	15351	买盘
13:41:42	7.31	-0.02	797	582607	卖盘
13:41:39	7.33	--	4	2932	买盘
13:41:36	7.33	-0.01	6	4398	买盘
13:41:33	7.34	0.02	47	34498	买盘
13:41:30	7.32	-0.01	5	3660	卖盘
13:41:24	7.33	--	10	7330	买盘
13:41:18	7.33	--	2	1466	买盘
13:41:15	7.33	--	50	36650	买盘
13:41:12	7.33	-0.01	37	27121	卖盘
13:41:09	7.34	--	4	2936	买盘
13:41:06	7.34	0.01	53	38902	买盘
13:41:00	7.33	--	8	5864	卖盘
13:40:57	7.33	--	26	19058	卖盘
13:40:54	7.33	0.01	478	350374	买盘
13:40:51	7.32	--	41	30012	卖盘
13:40:48	7.32	-0.01	40	29280	卖盘
13:40:42	7.33	0.01	1	733	买盘
13:40:39	7.32	--	20	14640	买盘
13:40:36	7.32	--	17	12444	买盘
13:40:30	7.32	--	20	14640	买盘
13:40:27	7.32	--	7	5124	买盘
13:40:24	7.32	0.01	2	1464	买盘
13:40:21	7.31	-0.01	47	34357	卖盘
13:40:18	7.32	--	13	9516	买盘
13:40:15	7.32	0.01	5	3660	买盘
13:40:12	7.31	-0.02	13	9503	卖盘
13:40:09	7.33	0.02	3	2199	买盘
13:40:06	7.31	-0.03	10	7310	卖盘
13:39:57	7.34	0.01	629	461686	买盘
13:39:54	7.33	-0.01	43	31519	卖盘
13:39:51	7.34	--	202	148268	买盘
13:39:45	7.34	0.01	2	1468	买盘
13:39:39	7.33	--	27	19791	买盘
13:39:36	7.33	--	26	19058	买盘
13:39:33	7.33	-0.01	69	50577	卖盘
13:39:30	7.34	--	13	9542	买盘
13:39:27	7.34	--	2	1468	买盘
13:39:24	7.34	--	197	144598	买盘
13:39:21	7.34	0.01	48	35232	买盘
13:39:18	7.33	--	200	146600	卖盘
13:39:15	7.33	--	51	37383	卖盘
13:39:09	7.33	--	103	75499	买盘
13:39:06	7.33	0.01	6	4398	买盘
13:39:03	7.32	-0.01	15	10980	卖盘
13:39:00	7.33	0.02	2	1466	买盘
13:38:57	7.31	-0.01	38	27778	卖盘
13:38:54	7.32	--	68	49776	卖盘
13:38:48	7.32	--	85	62220	买盘
13:38:45	7.32	0.01	416	304512	买盘
13:38:42	7.31	-0.01	157	114767	卖盘
13:38:39	7.32	--	258	188856	买盘
13:38:36	7.32	--	29	21228	买盘
13:38:27	7.32	0.02	285	208620	买盘
13:38:24	7.3	--	13	9490	卖盘
13:38:21	7.3	-0.01	13	9490	卖盘
13:38:15	7.31	--	52	38012	买盘
13:38:12	7.31	--	38	27778	买盘
13:38:09	7.31	0.01	19	13889	卖盘
13:38:06	7.3	-0.01	579	423005	卖盘
13:38:03	7.31	--	9	6579	买盘
13:38:00	7.31	--	70	51170	买盘
13:37:57	7.31	--	380	277780	买盘
13:37:54	7.31	--	889	649859	买盘
13:37:51	7.31	0.01	49	35819	买盘
13:37:48	7.3	-0.01	5	3650	卖盘
13:37:45	7.31	--	108	78948	买盘
13:37:42	7.31	0.01	27	19737	买盘
13:37:39	7.3	-0.01	153	111690	卖盘
13:37:36	7.31	--	31	22661	买盘
13:37:33	7.31	--	49	35819	买盘
13:37:30	7.31	--	126	92106	买盘
13:37:27	7.31	0.01	133	97223	买盘
13:37:24	7.3	-0.01	25	18250	卖盘
13:37:21	7.31	0.01	12	8772	买盘
13:37:18	7.3	--	2	1460	卖盘
13:37:15	7.3	-0.01	100	73000	卖盘
13:37:12	7.31	--	2	1462	买盘
13:37:09	7.31	--	13	9503	买盘
13:37:06	7.31	--	92	67252	卖盘
13:37:03	7.31	--	209	152779	卖盘
13:37:00	7.31	--	246	179826	卖盘
13:36:54	7.31	--	14	10234	卖盘
13:36:51	7.31	--	9	6579	卖盘
13:36:48	7.31	--	14	10234	卖盘
13:36:45	7.31	--	95	69445	卖盘
13:36:42	7.31	-0.01	90	65790	卖盘
13:36:39	7.32	0.01	7	5124	买盘
13:36:36	7.31	--	411	300441	卖盘
13:36:33	7.31	-0.01	11	8041	卖盘
13:36:30	7.32	0.01	46	33672	买盘
13:36:27	7.31	--	17	12427	卖盘
13:36:24	7.31	-0.01	57	41667	卖盘
13:36:21	7.32	--	191	139812	买盘
13:36:18	7.32	0.01	78	57096	买盘
13:36:15	7.31	--	110	80410	卖盘
13:36:12	7.31	-0.01	111	81141	卖盘
13:36:09	7.32	--	84	61488	买盘
13:36:06	7.32	--	15	10980	买盘
13:36:03	7.32	--	381	278892	买盘
13:36:00	7.32	--	75	54900	买盘
13:35:54	7.32	--	81	59292	买盘
13:35:51	7.32	--	369	270108	卖盘
13:35:48	7.32	--	8	5856	卖盘
13:35:45	7.32	-0.01	100	73200	卖盘
13:35:42	7.33	0.01	93	68169	买盘
13:35:39	7.32	--	25	18300	卖盘
13:35:36	7.32	-0.01	18	13176	卖盘
13:35:33	7.33	0.01	6	4398	买盘
13:35:30	7.32	--	68	49776	卖盘
13:35:27	7.32	-0.01	6	4392	卖盘
13:35:24	7.33	--	1	733	买盘
13:35:21	7.33	--	17	12461	买盘
13:35:18	7.33	-0.01	1235	905255	卖盘
13:35:15	7.34	--	26	19084	买盘
13:35:09	7.34	0.01	21	15414	买盘
13:35:03	7.33	-0.01	612	448603	卖盘
13:35:00	7.34	-0.01	112	82208	卖盘
13:34:57	7.35	--	72	52920	买盘
13:34:54	7.35	0.01	13	9555	买盘
13:34:48	7.34	-0.01	30	22020	卖盘
13:34:45	7.35	--	2	1470	买盘
13:34:39	7.35	--	282	207270	卖盘
13:34:33	7.35	--	59	43365	卖盘
13:34:30	7.35	--	523	384405	卖盘
13:34:27	7.35	--	5	3675	卖盘
13:34:24	7.35	--	108	79380	卖盘
13:34:21	7.35	--	21	15435	卖盘
13:34:18	7.35	-0.01	14	10290	卖盘
13:34:15	7.36	0.01	2	1472	买盘
13:34:12	7.35	--	24	17640	卖盘
13:34:09	7.35	--	194	142590	卖盘
13:34:06	7.35	--	96	70560	卖盘
13:34:03	7.35	-0.01	6	4410	卖盘
13:34:00	7.36	0.01	24	17664	买盘
13:33:54	7.35	-0.01	25	18375	卖盘
13:33:51	7.36	--	13	9568	买盘
13:33:45	7.36	0.01	77	56672	买盘
13:33:39	7.35	-0.01	30	22050	卖盘
13:33:36	7.36	0.01	24	17664	买盘
13:33:33	7.35	-0.01	20	14700	卖盘
13:33:27	7.36	--	10	7360	买盘
13:33:18	7.36	0.01	10	7360	买盘
13:33:15	7.35	--	2	1470	卖盘
13:33:09	7.35	--	10	7350	卖盘
13:33:06	7.35	-0.01	2	1470	卖盘
13:33:03	7.36	0.01	12	8832	买盘
13:33:00	7.35	-0.01	9	6615	卖盘
13:32:57	7.36	--	6	4416	买盘
13:32:51	7.36	0.01	242	178112	买盘
13:32:48	7.35	-0.01	20	14700	卖盘
13:32:45	7.36	--	198	145728	买盘
13:32:42	7.36	--	15	11040	买盘
13:32:39	7.36	--	24	17664	买盘
13:32:36	7.36	0.01	16	11776	买盘
13:32:30	7.35	-0.01	35	25725	卖盘
13:32:24	7.36	0.01	15	11040	买盘
13:32:21	7.35	-0.01	36	26460	卖盘
13:32:18	7.36	--	162	119232	买盘
13:32:15	7.36	--	10	7360	买盘
13:32:12	7.36	--	5	3680	买盘
13:32:09	7.36	0.01	1	736	买盘
13:32:06	7.35	--	11	8085	卖盘
13:32:03	7.35	--	10	7350	卖盘
13:32:00	7.35	--	10	7350	卖盘
13:31:57	7.35	-0.01	347	255045	卖盘
13:31:54	7.36	0.01	97	71392	买盘
13:31:51	7.35	--	80	58800	卖盘
13:31:48	7.35	--	310	227850	卖盘
13:31:45	7.35	--	31	22785	卖盘
13:31:42	7.35	--	17	12495	卖盘
13:31:33	7.35	-0.01	40	29400	卖盘
13:31:30	7.36	--	1	736	买盘
13:31:27	7.36	--	2	1472	买盘
13:31:24	7.36	--	31	22816	买盘
13:31:21	7.36	--	7	5152	买盘
13:31:15	7.36	--	5	3680	买盘
13:31:12	7.36	--	5	3680	买盘
13:31:09	7.36	--	10	7360	买盘
13:31:06	7.36	0.01	1	736	买盘
13:31:03	7.35	-0.01	1	735	卖盘
13:30:57	7.36	0.01	36	26496	买盘
13:30:54	7.35	-0.01	6	4410	卖盘
13:30:51	7.36	0.01	32	23552	买盘
13:30:48	7.35	-0.01	30	22050	卖盘
13:30:42	7.36	--	5	3680	买盘
13:30:36	7.36	0.01	31	22816	买盘
13:30:33	7.35	--	51	37485	卖盘
13:30:30	7.35	-0.01	18	13230	卖盘
13:30:27	7.36	--	71	52256	买盘
13:30:24	7.36	0.01	96	70656	买盘
13:30:21	7.35	-0.01	9	6615	卖盘
13:30:15	7.36	--	1	736	买盘
13:30:09	7.36	--	6	4416	买盘
13:30:06	7.36	--	2	1472	买盘
13:30:03	7.36	--	66	48576	买盘
13:30:00	7.36	--	10	7360	买盘
13:29:57	7.36	--	35	25760	买盘
13:29:51	7.36	--	14	10304	买盘
13:29:48	7.36	--	170	125120	卖盘
13:29:42	7.36	-0.01	102	75072	卖盘
13:29:39	7.37	0.01	11	8107	买盘
13:29:36	7.36	--	10	7360	卖盘
13:29:30	7.36	--	88	64768	卖盘
13:29:27	7.36	--	114	83904	卖盘
13:29:21	7.36	--	30	22080	卖盘
13:29:18	7.36	--	4	2944	卖盘
13:29:15	7.36	--	31	22816	卖盘
13:29:12	7.36	-0.01	30	22080	卖盘
13:29:03	7.37	--	9	6633	买盘
13:28:57	7.37	0.01	21	15477	买盘
13:28:54	7.36	--	50	36800	卖盘
13:28:51	7.36	-0.01	9	6624	卖盘
13:28:48	7.37	--	32	23584	买盘
13:28:45	7.37	--	2	1474	买盘
13:28:42	7.37	--	6	4422	买盘
13:28:36	7.37	--	152	112024	买盘
13:28:33	7.37	0.01	22	16214	买盘
13:28:30	7.36	--	38	27968	卖盘
13:28:27	7.36	-0.01	81	59616	卖盘
13:28:18	7.37	--	31	22847	买盘
13:28:15	7.37	--	78	57486	买盘
13:28:12	7.37	--	1	737	买盘
13:28:09	7.37	--	23	16951	买盘
13:28:06	7.37	--	221	162877	买盘
13:28:03	7.37	0.01	3	2211	买盘
13:28:00	7.36	-0.01	58	42688	卖盘
13:27:57	7.37	--	66	48642	买盘
13:27:54	7.37	--	20	14740	买盘
13:27:51	7.37	--	30	22110	买盘
13:27:48	7.37	--	29	21373	买盘
13:27:45	7.37	0.01	11	8107	买盘
13:27:42	7.36	-0.01	50	36800	卖盘
13:27:39	7.37	--	8	5896	买盘
13:27:36	7.37	0.01	6	4422	买盘
13:27:33	7.36	-0.01	108	79488	卖盘
13:27:30	7.37	0.01	109	80333	买盘
13:27:27	7.36	--	17	12512	卖盘
13:27:21	7.36	--	5	3680	卖盘
13:27:15	7.36	-0.01	23	16928	卖盘
13:27:12	7.37	0.01	22	16214	买盘
13:27:03	7.36	--	12	8832	卖盘
13:26:54	7.36	--	10	7360	卖盘
13:26:51	7.36	--	2	1472	卖盘
13:26:48	7.36	--	1	736	卖盘
13:26:45	7.36	--	239	175904	买盘
13:26:42	7.36	--	11	8096	买盘
13:26:39	7.36	--	8	5888	买盘
13:26:36	7.36	--	19	13984	买盘
13:26:30	7.36	--	14	10304	买盘
13:26:21	7.36	0.01	12	8832	买盘
13:26:18	7.35	-0.01	50	36750	卖盘
13:26:15	7.36	--	59	43424	买盘
13:26:12	7.36	--	57	41952	买盘
13:26:06	7.36	--	67	49312	买盘
13:26:00	7.36	--	6	4416	买盘
13:25:57	7.36	--	10	7360	买盘
13:25:54	7.36	--	2	1472	买盘
13:25:51	7.36	--	5	3680	买盘
13:25:48	7.36	0.01	58	42688	买盘
13:25:45	7.35	-0.01	30	22050	卖盘
13:25:42	7.36	--	181	133216	买盘
13:25:39	7.36	--	5	3680	买盘
13:25:36	7.36	0.01	1	736	买盘
13:25:33	7.35	--	46	33810	卖盘
13:25:30	7.35	-0.01	20	14700	卖盘
13:25:27	7.36	0.01	419	308384	买盘
13:25:24	7.35	-0.01	245	180075	卖盘
13:25:21	7.36	--	30	22080	买盘
13:25:15	7.36	0.01	1	736	买盘
13:25:09	7.35	--	161	118335	卖盘
13:25:06	7.35	--	175	128625	买盘
13:25:03	7.35	--	3	2205	买盘
13:25:00	7.35	--	14	10290	买盘
13:24:54	7.35	--	328	241080	卖盘
13:24:51	7.35	-0.01	68	49980	卖盘
13:24:48	7.36	0.01	43	31648	买盘
13:24:42	7.35	-0.01	202	148470	卖盘
13:24:39	7.36	0.01	18	13248	买盘
13:24:36	7.35	--	18	13230	卖盘
13:24:33	7.35	-0.01	20	14700	卖盘
13:24:30	7.36	0.01	27	19872	买盘
13:24:24	7.35	--	17	12495	卖盘
13:24:15	7.35	--	189	138915	卖盘
13:24:12	7.35	--	2	1470	卖盘
13:24:09	7.35	-0.01	4	2940	卖盘
13:24:00	7.36	--	33	24288	卖盘
13:23:54	7.36	--	1	736	卖盘
13:23:51	7.36	--	2	1472	卖盘
13:23:48	7.36	0.01	129	94944	买盘
13:23:45	7.35	-0.01	7	5145	卖盘
13:23:42	7.36	0.01	23	16928	买盘
13:23:33	7.35	--	88	64680	买盘
13:23:30	7.35	--	54	39690	买盘
13:23:27	7.35	0.01	2	1470	买盘
13:23:24	7.34	-0.01	2	2194	卖盘
13:23:21	7.35	--	8	5880	买盘
13:23:18	7.35	--	10	7350	买盘
13:23:15	7.35	--	21	15435	买盘
13:23:12	7.35	--	6	4410	买盘
13:23:06	7.35	--	7	5145	买盘
13:23:03	7.35	-0.03	1319	969465	卖盘
13:22:57	7.38	0.02	75	55350	买盘
13:22:54	7.36	-0.01	67	49312	卖盘
13:22:51	7.37	-0.01	319	235103	卖盘
13:22:48	7.38	0.02	11	8118	买盘
13:22:42	7.36	-0.01	80	58880	卖盘
13:22:39	7.37	--	1	737	买盘
13:22:36	7.37	-0.01	490	361130	卖盘
13:22:33	7.38	0.01	165	121770	买盘
13:22:30	7.37	-0.01	10	7370	卖盘
13:22:27	7.38	0.01	123	90774	买盘
13:22:24	7.37	--	866	638242	卖盘
13:22:21	7.37	-0.01	30	22110	卖盘
13:22:18	7.38	0.01	2	1476	买盘
13:22:15	7.37	-0.01	16	11792	卖盘
13:22:06	7.38	--	6	4428	买盘
13:22:03	7.38	--	55	40590	买盘
13:22:00	7.38	--	49	36162	买盘
13:21:54	7.38	--	7	5166	买盘
13:21:51	7.38	--	41	30258	买盘
13:21:48	7.38	--	5	3690	买盘
13:21:45	7.38	-0.01	22	16236	卖盘
13:21:42	7.39	--	10	7390	买盘
13:21:39	7.39	--	117	86463	买盘
13:21:36	7.39	--	305	225395	买盘
13:21:27	7.39	0.01	1	739	买盘
13:21:24	7.38	--	168	123984	卖盘
13:21:21	7.38	--	22	16236	卖盘
13:21:18	7.38	-0.01	1	738	卖盘
13:21:12	7.39	0.01	5	3695	买盘
13:21:09	7.38	--	300	221400	卖盘
13:21:06	7.38	-0.01	40	29520	卖盘
13:21:03	7.39	--	5	3695	买盘
13:21:00	7.39	--	9	6651	买盘
13:20:57	7.39	0.01	1	739	买盘
13:20:54	7.38	-0.01	18	13284	卖盘
13:20:51	7.39	--	39	28821	买盘
13:20:45	7.39	--	4	2956	买盘
13:20:30	7.39	0.01	22	16258	买盘
13:20:27	7.38	--	129	95202	卖盘
13:20:24	7.38	-0.01	26	19188	卖盘
13:20:18	7.39	--	3	2217	买盘
13:20:15	7.39	--	3	2217	买盘
13:20:12	7.39	--	15	11085	买盘
13:20:06	7.39	--	63	46557	买盘
13:20:00	7.39	--	7	5173	买盘
13:19:51	7.39	--	196	144844	买盘
13:19:48	7.39	-0.01	78	57642	卖盘
13:19:45	7.4	0.01	16	11840	买盘
13:19:36	7.39	--	40	29560	中性盘
13:19:30	7.39	--	6	4434	卖盘
13:19:27	7.39	--	24	17736	买盘
13:19:21	7.39	--	3	2217	买盘
13:19:18	7.39	-0.01	80	59120	卖盘
13:19:15	7.4	0.01	10	7400	买盘
13:19:12	7.39	-0.01	35	25865	中性盘
13:19:09	7.4	0.01	330	244200	买盘
13:19:06	7.39	-0.01	62	45818	卖盘
13:19:00	7.4	0.01	6	4440	买盘
13:18:57	7.39	--	5	3695	卖盘
13:18:54	7.39	--	120	88680	卖盘
13:18:45	7.39	-0.01	12	8868	卖盘
13:18:42	7.4	0.01	33	24420	买盘
13:18:36	7.39	-0.01	500	369500	卖盘
13:18:33	7.4	0.01	1	740	买盘
13:18:24	7.39	--	35	25865	卖盘
13:18:21	7.39	--	5	3695	卖盘
13:18:18	7.39	-0.01	40	29560	卖盘
13:18:12	7.4	--	2	1480	买盘
13:18:09	7.4	--	6	4440	买盘
13:18:03	7.4	0.01	10	7400	买盘
13:18:00	7.39	--	40	29560	卖盘
13:17:57	7.39	-0.01	21	15519	卖盘
13:17:54	7.4	--	10	7400	买盘
13:17:51	7.4	--	39	28860	买盘
13:17:48	7.4	--	20	14800	买盘
13:17:45	7.4	--	2	1480	买盘
13:17:39	7.4	0.01	105	77700	买盘
13:17:36	7.39	-0.01	3	2217	卖盘
13:17:33	7.4	--	45	33300	买盘
13:17:30	7.4	--	14	10360	买盘
13:17:27	7.4	--	3	2220	买盘
13:17:24	7.4	--	1	740	买盘
13:17:21	7.4	--	6	4440	买盘
13:17:18	7.4	--	22	16280	买盘
13:17:15	7.4	--	30	22200	买盘
13:17:12	7.4	0.01	1	740	买盘
13:17:09	7.39	--	30	22170	卖盘
13:17:06	7.39	-0.01	30	22170	卖盘
13:17:03	7.4	0.01	8	5920	买盘
13:17:00	7.39	-0.01	50	36950	卖盘
13:16:57	7.4	--	1	740	买盘
13:16:54	7.4	--	16	11840	买盘
13:16:51	7.4	--	59	43660	买盘
13:16:48	7.4	0.01	30	22200	买盘
13:16:45	7.39	-0.01	6	4434	卖盘
13:16:42	7.4	--	21	15540	买盘
13:16:39	7.4	--	504	372960	买盘
13:16:36	7.4	0.01	41	30340	买盘
13:16:33	7.39	-0.01	23	16997	卖盘
13:16:30	7.4	--	219	162060	买盘
13:16:27	7.4	--	21	15540	买盘
13:16:24	7.4	--	2	1480	买盘
13:16:21	7.4	--	3	2220	买盘
13:16:18	7.4	--	58	42920	买盘
13:16:15	7.4	0.01	103	76220	买盘
13:16:12	7.39	-0.01	112	82768	卖盘
13:16:09	7.4	--	5	3700	买盘
13:16:06	7.4	--	57	42180	买盘
13:16:03	7.4	--	228	168720	买盘
13:15:57	7.4	--	8	5920	买盘
13:15:54	7.4	0.01	27	19980	买盘
13:15:51	7.39	-0.01	111	82029	卖盘
13:15:48	7.4	0.01	20	14800	买盘
13:15:36	7.39	--	23	16997	买盘
13:15:33	7.39	--	3	2217	买盘
13:15:27	7.39	--	63	46557	买盘
13:15:24	7.39	--	59	43601	买盘
13:15:21	7.39	--	72	53208	买盘
13:15:18	7.39	--	11	8129	买盘
13:15:15	7.39	--	6	4434	买盘
13:15:06	7.39	--	10	7390	买盘
13:15:03	7.39	--	13	9607	买盘
13:15:00	7.39	--	7	5173	买盘
13:14:57	7.39	--	21	15519	买盘
13:14:54	7.39	--	26	19214	买盘
13:14:51	7.39	--	47	34733	买盘
13:14:48	7.39	--	134	99026	买盘
13:14:45	7.39	--	177	130803	买盘
13:14:42	7.39	--	5	3695	买盘
13:14:39	7.39	--	31	22909	买盘
13:14:36	7.39	--	343	253477	买盘
13:14:33	7.39	--	67	49513	买盘
13:14:30	7.39	0.01	4	2956	买盘
13:14:24	7.38	-0.01	150	110700	卖盘
13:14:21	7.39	--	24	17736	买盘
13:14:18	7.39	--	200	147800	买盘
13:14:15	7.39	--	4	2956	买盘
13:14:12	7.39	--	56	41384	买盘
13:14:09	7.39	0.01	175	129325	买盘
13:14:06	7.38	-0.01	272	200736	卖盘
13:14:00	7.39	--	50	36950	买盘
13:13:57	7.39	--	52	38428	买盘
13:13:54	7.39	--	1	739	买盘
13:13:51	7.39	--	14	10346	买盘
13:13:48	7.39	--	39	28821	买盘
13:13:45	7.39	0.01	2	1478	买盘
13:13:39	7.38	--	65	47970	买盘
13:13:36	7.38	--	18	13284	买盘
13:13:33	7.38	--	155	114390	买盘
13:13:30	7.38	--	104	76752	买盘
13:13:27	7.38	--	3	2214	买盘
13:13:24	7.38	--	46	33948	买盘
13:13:21	7.38	--	522	385236	买盘
13:13:18	7.38	--	248	183024	买盘
13:13:12	7.38	--	10	7380	买盘
13:13:09	7.38	--	28	20664	买盘
13:13:06	7.38	--	11	8118	买盘
13:13:03	7.38	--	49	36162	买盘
13:13:00	7.38	--	6	4428	买盘
13:12:48	7.38	--	11	8118	买盘
13:12:42	7.38	--	300	221400	买盘
13:12:36	7.38	--	10	7380	买盘
13:12:33	7.38	--	2	1476	买盘
13:12:24	7.38	0.01	1	738	买盘
13:12:21	7.37	--	21	15477	卖盘
13:12:15	7.37	--	226	166562	卖盘
13:12:12	7.37	-0.01	9	6633	卖盘
13:12:09	7.38	--	86	63468	买盘
13:12:06	7.38	0.01	12	8856	买盘
13:12:03	7.37	-0.01	12	8844	卖盘
13:12:00	7.38	--	28	20664	买盘
13:11:57	7.38	0.01	20	14760	买盘
13:11:54	7.37	-0.01	58	42746	卖盘
13:11:48	7.38	--	102	75276	买盘
13:11:45	7.38	0.01	5	3690	买盘
13:11:42	7.37	-0.01	53	39061	卖盘
13:11:39	7.38	0.01	40	29520	买盘
13:11:33	7.37	--	52	38324	卖盘
13:11:30	7.37	-0.01	30	22110	卖盘
13:11:27	7.38	--	3	2214	买盘
13:11:24	7.38	--	9	6642	买盘
13:11:21	7.38	0.01	48	35424	买盘
13:11:18	7.37	-0.01	47	34639	卖盘
13:11:15	7.38	--	311	229518	买盘
13:11:12	7.38	--	20	14760	买盘
13:11:09	7.38	0.01	10	7380	买盘
13:11:06	7.37	-0.01	98	72226	卖盘
13:11:03	7.38	--	163	120294	买盘
13:11:00	7.38	0.01	22	16236	买盘
13:10:57	7.37	--	1	737	卖盘
13:10:45	7.37	-0.01	59	43483	卖盘
13:10:42	7.38	0.01	1	738	买盘
13:10:39	7.37	--	11	8107	卖盘
13:10:27	7.37	-0.01	32	23584	卖盘
13:10:24	7.38	0.01	11	8118	买盘
13:10:21	7.37	--	100	73700	卖盘
13:10:18	7.37	-0.01	43	31691	卖盘
13:10:15	7.38	--	11	8118	买盘
13:10:09	7.38	--	10	7380	买盘
13:10:06	7.38	--	10	7380	买盘
13:10:03	7.38	--	11	8118	买盘
13:10:00	7.38	--	30	22140	买盘
13:09:54	7.38	--	36	26568	买盘
13:09:51	7.38	--	4	2952	买盘
13:09:45	7.38	--	139	102582	买盘
13:09:39	7.38	0.01	6	4428	买盘
13:09:30	7.37	-0.01	12	8844	卖盘
13:09:24	7.38	--	10	7380	买盘
13:09:21	7.38	--	7	5166	买盘
13:09:15	7.38	--	34	25092	买盘
13:09:12	7.38	--	4	2952	买盘
13:09:09	7.38	0.01	10	7380	买盘
13:09:06	7.37	-0.01	35	25795	卖盘
13:09:03	7.38	--	36	26568	买盘
13:09:00	7.38	--	21	15498	买盘
13:08:57	7.38	--	1	738	买盘
13:08:54	7.38	--	5	3690	买盘
13:08:51	7.38	--	27	19926	买盘
13:08:48	7.38	--	6	4428	买盘
13:08:45	7.38	-0.01	3	2214	卖盘
13:08:42	7.39	--	2	1478	买盘
13:08:36	7.39	0.01	2	1478	买盘
13:08:33	7.38	0.01	12	8856	买盘
13:08:30	7.37	-0.02	3	2284	卖盘
13:08:24	7.39	--	524	387236	买盘
13:08:21	7.39	--	19	14041	买盘
13:08:18	7.39	--	26	19214	买盘
13:08:15	7.39	0.01	10	7390	买盘
13:08:09	7.38	--	50	36900	卖盘
13:08:06	7.38	-0.01	6	4428	卖盘
13:08:03	7.39	--	10	7390	买盘
13:08:00	7.39	--	5	3695	买盘
13:07:54	7.39	0.01	10	7390	买盘
13:07:51	7.38	--	1	738	卖盘
13:07:39	7.38	--	36	26568	买盘
13:07:36	7.38	--	18	13284	卖盘
13:07:30	7.38	--	31	22878	买盘
13:07:24	7.38	--	520	383760	买盘
13:07:21	7.38	--	2	1476	买盘
13:07:15	7.38	--	145	107010	买盘
13:07:09	7.38	0.01	8	5904	买盘
13:07:06	7.37	--	35	25795	卖盘
13:07:03	7.37	--	104	76648	卖盘
13:07:00	7.37	--	6	4422	卖盘
13:06:54	7.37	--	3	2211	卖盘
13:06:51	7.37	-0.01	6	4422	卖盘
13:06:48	7.38	--	50	36900	买盘
13:06:45	7.38	--	6	4428	买盘
13:06:39	7.38	0.01	14	10332	买盘
13:06:36	7.37	-0.01	13	9581	卖盘
13:06:30	7.38	--	5	3690	买盘
13:06:27	7.38	--	34	25092	买盘
13:06:24	7.38	--	7	5166	买盘
13:06:21	7.38	0.01	3	2214	买盘
13:06:18	7.37	-0.01	5	3685	卖盘
13:06:15	7.38	0.01	87	64206	买盘
13:06:12	7.37	--	41	30217	卖盘
13:06:09	7.37	-0.01	27	19899	卖盘
13:06:06	7.38	--	20	14760	买盘
13:06:00	7.38	--	53	39114	买盘
13:05:57	7.38	--	1	738	买盘
13:05:54	7.38	--	50	36900	买盘
13:05:51	7.38	--	107	78966	买盘
13:05:48	7.38	-0.01	82	60516	卖盘
13:05:42	7.39	0.01	165	121935	买盘
13:05:39	7.38	--	50	36900	卖盘
13:05:36	7.38	--	15	11070	卖盘
13:05:30	7.38	-0.01	50	36900	卖盘
13:05:27	7.39	--	1	739	买盘
13:05:24	7.39	--	81	59859	买盘
13:05:21	7.39	--	1	739	买盘
13:05:09	7.39	0.01	18	13302	买盘
13:05:06	7.38	-0.01	6	4428	卖盘
13:05:03	7.39	--	16	11824	买盘
13:05:00	7.39	0.01	29	21431	买盘
13:04:51	7.38	-0.01	1	738	卖盘
13:04:48	7.39	0.01	29	21431	买盘
13:04:45	7.38	-0.01	20	14760	卖盘
13:04:42	7.39	0.01	10	7390	买盘
13:04:39	7.38	-0.01	2	1476	卖盘
13:04:30	7.39	--	20	14780	买盘
13:04:27	7.39	--	22	16258	买盘
13:04:24	7.39	0.01	94	69466	买盘
13:04:21	7.38	--	2	1476	卖盘
13:04:15	7.38	-0.01	131	96678	卖盘
13:04:12	7.39	0.01	1	739	买盘
13:04:09	7.38	-0.01	153	112914	卖盘
13:04:03	7.39	--	38	28082	买盘
13:03:57	7.39	0.01	12	8868	买盘
13:03:48	7.38	--	37	27306	卖盘
13:03:45	7.38	-0.01	20	14760	卖盘
13:03:42	7.39	0.01	8	5912	买盘
13:03:39	7.38	-0.01	38	28044	卖盘
13:03:36	7.39	0.01	56	41384	买盘
13:03:33	7.38	-0.01	18	13284	卖盘
13:03:27	7.39	--	21	15519	买盘
13:03:18	7.39	0.01	6	4434	买盘
13:03:12	7.38	--	100	73800	卖盘
13:03:09	7.38	0.01	1	738	中性盘
13:03:06	7.37	-0.02	50	36850	卖盘
13:03:03	7.39	0.02	118	87202	买盘
13:02:57	7.37	-0.01	1	737	卖盘
13:02:51	7.38	--	12	8856	买盘
13:02:45	7.38	0.01	51	37638	买盘
13:02:42	7.37	-0.01	10	7370	卖盘
13:02:39	7.38	--	120	88560	买盘
13:02:33	7.38	0.01	20	14760	买盘
13:02:30	7.37	--	9	6633	卖盘
13:02:27	7.37	--	14	10318	卖盘
13:02:24	7.37	-0.01	5	3685	卖盘
13:02:21	7.38	--	38	28044	买盘
13:02:18	7.38	--	3	2214	买盘
13:02:09	7.38	--	52	38376	买盘
13:02:03	7.38	--	10	7380	买盘
13:02:00	7.38	--	7	5166	买盘
13:01:48	7.38	0.01	15	11070	买盘
13:01:36	7.37	-0.01	13	9581	卖盘
13:01:33	7.38	--	31	22878	买盘
13:01:24	7.38	0.01	6	4428	买盘
13:01:21	7.37	-0.01	86	63382	卖盘
13:01:18	7.38	--	3	2214	买盘
13:01:15	7.38	--	21	15498	买盘
13:01:00	7.38	--	36	26568	买盘
13:00:57	7.38	--	60	44280	买盘
13:00:54	7.38	0.01	8	5904	买盘
13:00:45	7.37	-0.01	1	737	卖盘
13:00:42	7.38	0.01	11	8118	买盘
13:00:39	7.37	--	22	16214	卖盘
13:00:33	7.37	--	2	1474	卖盘
13:00:30	7.37	-0.01	6	4422	卖盘
13:00:15	7.38	0.01	10	7380	买盘
13:00:12	7.37	-0.02	285	210045	卖盘
13:00:09	7.39	-0.01	457	337723	卖盘
13:00:06	7.4	0.01	497	367780	买盘
13:00:03	7.39	--	1914	1414446	卖盘
13:00:00	7.39	--	0	0	卖盘
11:30:00	7.39	--	8	5912	买盘
11:29:54	7.39	0.01	10	7390	买盘
11:29:51	7.38	-0.01	15	11070	卖盘
11:29:48	7.39	--	39	28821	买盘
11:29:39	7.39	0.01	1	739	买盘
11:29:30	7.38	--	91	67158	买盘
11:29:27	7.38	--	16	11808	买盘
11:29:21	7.38	--	8	5904	买盘
11:29:18	7.38	--	134	98892	买盘
11:29:15	7.38	--	27	19926	买盘
11:29:12	7.38	--	38	28044	买盘
11:29:09	7.38	--	32	23616	买盘
11:29:06	7.38	--	37	27306	买盘
11:29:03	7.38	--	50	36900	买盘
11:29:00	7.38	--	5	3690	买盘
11:28:57	7.38	--	100	73800	买盘
11:28:54	7.38	--	81	59778	买盘
11:28:51	7.38	-0.01	271	199998	卖盘
11:28:48	7.39	--	5	3695	买盘
11:28:45	7.39	0.01	27	19953	卖盘
11:28:39	7.38	-0.01	170	125460	卖盘
11:28:36	7.39	--	33	24387	买盘
11:28:30	7.39	--	34	25126	买盘
11:28:21	7.39	0.01	144	106416	买盘
11:28:15	7.38	--	77	56826	买盘
11:28:12	7.38	--	18	13284	买盘
11:28:06	7.38	--	46	33948	买盘
11:28:03	7.38	--	105	77490	买盘
11:28:00	7.38	--	30	22140	买盘
11:27:54	7.38	--	5	3690	买盘
11:27:51	7.38	--	3	2214	买盘
11:27:48	7.38	--	100	73800	买盘
11:27:45	7.38	-0.01	562	414756	卖盘
11:27:42	7.39	--	102	75378	卖盘
11:27:39	7.39	0.01	2	1478	中性盘
11:27:36	7.38	-0.01	50	36900	卖盘
11:27:33	7.39	--	4	2956	卖盘
11:27:27	7.39	0.01	19	14041	买盘
11:27:24	7.38	--	65	47970	买盘
11:27:21	7.38	--	49	36162	买盘
11:27:18	7.38	--	1	738	买盘
11:27:15	7.38	--	13	9594	买盘
11:27:12	7.38	--	2	1476	买盘
11:27:09	7.38	--	70	51660	买盘
11:27:06	7.38	--	49	36162	买盘
11:27:03	7.38	--	1	738	买盘
11:27:00	7.38	--	40	29520	买盘
11:26:57	7.38	-0.01	255	188190	卖盘
11:26:54	7.39	--	182	134498	卖盘
11:26:51	7.39	--	3	2217	卖盘
11:26:45	7.39	--	144	106416	买盘
11:26:36	7.39	0.01	82	60598	买盘
11:26:27	7.38	--	93	68634	买盘
11:26:24	7.38	--	45	33210	买盘
11:26:21	7.38	--	2	1476	买盘
11:26:18	7.38	--	3	2214	买盘
11:26:15	7.38	--	160	118080	买盘
11:26:12	7.38	--	134	98892	买盘
11:26:09	7.38	--	13	9594	买盘
11:26:06	7.38	--	18	13284	买盘
11:26:03	7.38	-0.01	130	95940	卖盘
11:26:00	7.39	--	30	22170	买盘
11:25:57	7.39	--	47	34733	买盘
11:25:54	7.39	--	176	130064	买盘
11:25:51	7.39	0.01	119	87941	买盘
11:25:48	7.38	-0.01	5	3690	卖盘
11:25:45	7.39	--	88	65032	买盘
11:25:42	7.39	--	5	3695	买盘
11:25:39	7.39	--	32	23648	买盘
11:25:36	7.39	--	1	739	买盘
11:25:33	7.39	--	100	73900	买盘
11:25:30	7.39	0.01	23	16997	买盘
11:25:21	7.38	--	100	73800	卖盘
11:25:18	7.38	0.01	85	62730	买盘
11:25:15	7.37	-0.01	1	737	卖盘
11:25:12	7.38	--	51	37638	买盘
11:25:09	7.38	--	8	5904	买盘
11:25:06	7.38	--	16	11808	买盘
11:25:00	7.38	--	7	5166	买盘
11:24:57	7.38	0.01	162	119556	买盘
11:24:54	7.37	--	15	11055	卖盘
11:24:51	7.37	--	3	2211	卖盘
11:24:45	7.37	0.01	60	44220	买盘
11:24:42	7.36	-0.01	110	80960	卖盘
11:24:39	7.37	--	480	353760	买盘
11:24:36	7.37	--	35	25795	买盘
11:24:33	7.37	--	5	3685	买盘
11:24:30	7.37	--	1	737	买盘
11:24:27	7.37	--	17	12529	买盘
11:24:24	7.37	0.01	205	151085	买盘
11:24:21	7.36	-0.01	147	108192	卖盘
11:24:18	7.37	--	20	14740	买盘
11:24:15	7.37	--	17	12529	买盘
11:24:12	7.37	--	13	9581	买盘
11:24:09	7.37	--	45	33165	买盘
11:24:06	7.37	0.01	1807	1331759	买盘
11:24:03	7.36	-0.01	60	44160	卖盘
11:23:57	7.37	--	21	15477	买盘
11:23:54	7.37	--	8	5896	买盘
11:23:51	7.37	--	2	1474	买盘
11:23:48	7.37	0.01	79	58223	买盘
11:23:45	7.36	-0.01	6	4416	卖盘
11:23:42	7.37	--	20	14740	买盘
11:23:39	7.37	0.01	184	135608	买盘
11:23:33	7.36	-0.01	8	5888	卖盘
11:23:27	7.37	--	10	7370	买盘
11:23:24	7.37	0.01	316	232892	买盘
11:23:21	7.36	-0.01	351	258336	卖盘
11:23:18	7.37	--	10	7370	买盘
11:23:15	7.37	0.01	22	16214	买盘
11:23:12	7.36	--	67	49312	卖盘
11:23:09	7.36	-0.01	9	6624	卖盘
11:23:06	7.37	0.01	115	84755	买盘
11:23:03	7.36	--	50	36800	卖盘
11:23:00	7.36	-0.01	34	25024	卖盘
11:22:51	7.37	0.01	53	39061	买盘
11:22:48	7.36	-0.01	7	5152	卖盘
11:22:45	7.37	--	22	16214	买盘
11:22:42	7.37	--	15	11055	买盘
11:22:39	7.37	0.01	7	5159	买盘
11:22:36	7.36	--	50	36800	卖盘
11:22:33	7.36	--	22	16192	卖盘
11:22:30	7.36	-0.01	15	11040	卖盘
11:22:27	7.37	--	11	8107	买盘
11:22:24	7.37	--	62	45694	买盘
11:22:21	7.37	--	32	23584	买盘
11:22:18	7.37	0.01	49	36113	买盘
11:22:15	7.36	-0.01	9	6624	卖盘
11:22:12	7.37	--	12	8844	买盘
11:22:06	7.37	--	62	45694	买盘
11:22:00	7.37	--	66	48642	买盘
11:21:54	7.37	--	55	40535	买盘
11:21:51	7.37	--	22	16214	买盘
11:21:45	7.37	--	70	51590	买盘
11:21:42	7.37	--	13	9581	买盘
11:21:39	7.37	--	27	19899	买盘
11:21:36	7.37	--	1	737	买盘
11:21:33	7.37	--	61	44957	买盘
11:21:30	7.37	0.01	20	14740	买盘
11:21:27	7.36	-0.01	32	23552	卖盘
11:21:24	7.37	--	11	8107	买盘
11:21:15	7.37	--	10	7370	买盘
11:21:09	7.37	--	2	1474	买盘
11:21:06	7.37	--	25	18425	买盘
11:21:03	7.37	0.01	19	14003	买盘
11:21:00	7.36	-0.01	5	3680	卖盘
11:20:57	7.37	0.01	2	1474	买盘
11:20:48	7.36	-0.01	104	76544	卖盘
11:20:45	7.37	0.01	30	22110	买盘
11:20:39	7.36	--	18	13248	卖盘
11:20:36	7.36	--	60	44160	买盘
11:20:33	7.36	--	19	13984	买盘
11:20:30	7.36	--	38	27968	买盘
11:20:27	7.36	--	8	5888	买盘
11:20:24	7.36	--	57	41952	买盘
11:20:21	7.36	--	4	2944	买盘
11:20:18	7.36	--	20	14720	买盘
11:20:15	7.36	--	21	15456	买盘
11:20:12	7.36	--	22	16192	买盘
11:20:06	7.36	--	43	31648	买盘
11:20:03	7.36	--	16	11776	买盘
11:20:00	7.36	--	23	16928	买盘
11:19:51	7.36	--	71	52256	买盘
11:19:48	7.36	--	12	8832	买盘
11:19:45	7.36	--	11	8096	买盘
11:19:42	7.36	0.01	27	19872	买盘
11:19:39	7.35	--	20	14700	卖盘
11:19:36	7.35	-0.01	20	14700	卖盘
11:19:33	7.36	--	17	12512	买盘
11:19:30	7.36	0.01	55	40480	买盘
11:19:27	7.35	-0.01	20	14700	卖盘
11:19:24	7.36	0.01	51	37536	买盘
11:19:18	7.35	-0.01	2	1470	卖盘
11:19:09	7.36	0.01	16	11776	买盘
11:19:06	7.35	-0.01	117	85995	卖盘
11:19:03	7.36	--	3	2208	买盘
11:19:00	7.36	0.01	157	115552	买盘
11:18:57	7.35	--	320	235200	卖盘
11:18:54	7.35	-0.01	10	7350	卖盘
11:18:51	7.36	0.01	33	24288	买盘
11:18:48	7.35	-0.01	320	235200	卖盘
11:18:45	7.36	--	29	21344	买盘
11:18:39	7.36	--	32	23552	买盘
11:18:33	7.36	--	3	2208	买盘
11:18:30	7.36	0.01	36	26496	买盘
11:18:27	7.35	-0.01	2	1470	卖盘
11:18:24	7.36	--	46	33856	买盘
11:18:21	7.36	0.01	21	15456	买盘
11:18:18	7.35	-0.01	20	14700	卖盘
11:18:15	7.36	--	154	113344	买盘
11:18:12	7.36	--	28	20608	买盘
11:18:00	7.36	0.01	7	5152	买盘
11:17:57	7.35	-0.01	10	7350	卖盘
11:17:51	7.36	0.01	7	5152	买盘
11:17:48	7.35	-0.01	162	119070	卖盘
11:17:45	7.36	0.01	96	70656	买盘
11:17:42	7.35	--	103	75705	卖盘
11:17:36	7.35	-0.01	10	7350	卖盘
11:17:33	7.36	0.01	75	55200	买盘
11:17:24	7.35	-0.01	76	55860	卖盘
11:17:21	7.36	--	4	2944	买盘
11:17:15	7.36	0.01	18	13248	买盘
11:17:09	7.35	-0.01	10	7350	卖盘
11:17:06	7.36	--	8	5888	买盘
11:17:03	7.36	--	26	19136	买盘
11:17:00	7.36	--	4	2944	买盘
11:16:54	7.36	--	65	47840	买盘
11:16:51	7.36	--	30	22080	买盘
11:16:48	7.36	--	5	3680	买盘
11:16:45	7.36	--	1	736	买盘
11:16:42	7.36	0.01	4	2944	买盘
11:16:39	7.35	-0.01	56	41160	卖盘
11:16:36	7.36	--	39	28704	买盘
11:16:33	7.36	--	17	12512	买盘
11:16:30	7.36	--	1	736	买盘
11:16:27	7.36	0.01	31	22816	买盘
11:16:18	7.35	-0.01	10	7350	卖盘
11:16:15	7.36	0.01	23	16928	买盘
11:16:09	7.35	--	1	735	卖盘
11:16:06	7.35	--	72	52920	买盘
11:16:03	7.35	--	38	27930	买盘
11:16:00	7.35	--	8	5880	买盘
11:15:57	7.35	--	5	3675	买盘
11:15:54	7.35	--	6	4410	买盘
11:15:51	7.35	-0.01	71	52185	卖盘
11:15:45	7.36	0.01	5	3680	买盘
11:15:30	7.35	--	34	24990	买盘
11:15:27	7.35	0.01	14	10290	买盘
11:15:24	7.34	-0.01	39	28626	卖盘
11:15:21	7.35	--	28	20580	买盘
11:15:18	7.35	--	5	3675	买盘
11:15:12	7.35	--	11	8085	买盘
11:15:09	7.35	--	18	13230	买盘
11:15:06	7.35	--	75	55125	买盘
11:15:03	7.35	--	34	24990	买盘
11:15:00	7.35	--	22	16170	买盘
11:14:57	7.35	--	58	42630	买盘
11:14:54	7.35	--	9	6615	买盘
11:14:51	7.35	--	27	19845	买盘
11:14:48	7.35	--	34	24990	买盘
11:14:45	7.35	--	20	14700	买盘
11:14:42	7.35	-0.01	46	33810	卖盘
11:14:36	7.36	0.01	110	80960	买盘
11:14:33	7.35	--	2	1470	买盘
11:14:30	7.35	--	5	3675	买盘
11:14:27	7.35	--	52	38220	买盘
11:14:24	7.35	-0.01	6	4410	买盘
11:14:21	7.36	--	3	2208	买盘
11:14:15	7.36	0.02	104	76544	买盘
11:14:12	7.34	-0.02	7	5138	卖盘
11:14:09	7.36	--	2	1472	买盘
11:14:06	7.36	0.02	50	36800	买盘
11:14:03	7.34	--	50	36700	卖盘
11:13:57	7.34	-0.02	360	264240	卖盘
11:13:54	7.36	--	104	76544	买盘
11:13:51	7.36	--	180	132480	买盘
11:13:45	7.36	--	78	57408	买盘
11:13:42	7.36	--	37	27232	买盘
11:13:39	7.36	--	12	8832	买盘
11:13:36	7.36	--	22	16192	买盘
11:13:33	7.36	--	27	19872	买盘
11:13:27	7.36	--	16	11776	买盘
11:13:21	7.36	--	13	9568	买盘
11:13:18	7.36	--	7	5152	买盘
11:13:12	7.36	--	30	22080	买盘
11:13:09	7.36	0.01	7	5152	买盘
11:13:06	7.35	-0.01	10	7350	卖盘
11:13:03	7.36	--	26	19136	买盘
11:13:00	7.36	--	1	736	买盘
11:12:57	7.36	-0.01	312	229632	卖盘
11:12:54	7.37	--	50	36850	买盘
11:12:51	7.37	--	29	21373	买盘
11:12:45	7.37	0.01	37	27269	买盘
11:12:42	7.36	-0.01	74	54464	卖盘
11:12:39	7.37	0.01	39	28743	买盘
11:12:36	7.36	--	25	18400	卖盘
11:12:33	7.36	-0.01	58	42688	卖盘
11:12:30	7.37	0.01	15	11055	买盘
11:12:24	7.36	-0.01	30	22080	卖盘
11:12:21	7.37	0.01	28	20636	买盘
11:12:18	7.36	-0.01	22	16192	卖盘
11:12:15	7.37	--	5	3685	买盘
11:12:12	7.37	0.01	80	58960	买盘
11:12:09	7.36	--	7	5152	卖盘
11:12:06	7.36	-0.01	7	5152	卖盘
11:12:00	7.37	0.01	57	42009	买盘
11:11:57	7.36	--	28	20608	卖盘
11:11:54	7.36	--	284	209024	卖盘
11:11:51	7.36	--	418	307648	卖盘
11:11:48	7.36	-0.01	23	16928	卖盘
11:11:45	7.37	0.01	2	1474	买盘
11:11:42	7.36	--	11	8096	卖盘
11:11:39	7.36	--	806	593216	买盘
11:11:36	7.36	0.01	3	2208	买盘
11:11:33	7.35	-0.01	16	11760	卖盘
11:11:30	7.36	0.01	110	80960	买盘
11:11:24	7.35	--	10	7350	卖盘
11:11:21	7.35	--	270	198450	买盘
11:11:18	7.35	0.01	142	104370	买盘
11:11:15	7.34	-0.01	1	734	卖盘
11:11:12	7.35	--	68	49980	买盘
11:11:09	7.35	--	30	22050	买盘
11:11:06	7.35	--	5	3675	买盘
11:11:03	7.35	0.01	2	1470	买盘
11:11:00	7.34	--	5	3670	卖盘
11:10:54	7.34	0.01	451	331034	买盘
11:10:51	7.33	-0.01	46	33718	卖盘
11:10:48	7.34	--	102	74868	买盘
11:10:45	7.34	--	22	16148	买盘
11:10:42	7.34	0.01	2	1468	买盘
11:10:36	7.33	-0.01	87	63771	卖盘
11:10:33	7.34	--	1	734	买盘
11:10:30	7.34	0.01	3	2202	买盘
11:10:24	7.33	-0.01	97	71101	卖盘
11:10:18	7.34	0.01	22	16148	买盘
11:10:15	7.33	0.01	244	178852	买盘
11:10:12	7.32	-0.01	50	36600	卖盘
11:10:09	7.33	0.01	2	1466	买盘
11:10:06	7.32	--	157	114924	买盘
11:10:03	7.32	--	106	77592	买盘
11:10:00	7.32	--	153	111996	买盘
11:09:54	7.32	--	2	1464	买盘
11:09:48	7.32	--	9	6588	买盘
11:09:45	7.32	--	30	21960	卖盘
11:09:42	7.32	--	111	81252	卖盘
11:09:39	7.32	--	21	15372	卖盘
11:09:36	7.32	-0.01	265	193980	卖盘
11:09:33	7.33	0.01	69	50577	买盘
11:09:30	7.32	--	10	7320	卖盘
11:09:27	7.32	-0.01	25	18300	卖盘
11:09:24	7.33	0.01	8	5864	买盘
11:09:21	7.32	-0.01	51	37332	卖盘
11:09:18	7.33	0.01	36	26388	买盘
11:09:15	7.32	-0.01	22	16104	卖盘
11:09:12	7.33	0.01	16	11728	买盘
11:09:09	7.32	--	43	31476	卖盘
11:09:06	7.32	-0.01	300	219600	卖盘
11:09:03	7.33	0.01	69	50577	买盘
11:09:00	7.32	--	3	2196	卖盘
11:08:57	7.32	--	104	76128	卖盘
11:08:54	7.32	--	57	41724	卖盘
11:08:51	7.32	--	33	24156	卖盘
11:08:48	7.32	--	518	379176	卖盘
11:08:45	7.32	--	27	19764	卖盘
11:08:42	7.32	-0.01	28	20496	卖盘
11:08:39	7.33	0.01	7	5131	买盘
11:08:36	7.32	-0.01	122	89304	卖盘
11:08:30	7.33	--	6	4398	买盘
11:08:27	7.33	-0.01	1	733	卖盘
11:08:24	7.34	0.01	21	15414	买盘
11:08:21	7.33	-0.01	29	21257	卖盘
11:08:18	7.34	--	71	52114	买盘
11:08:15	7.34	0.01	42	30828	买盘
11:08:12	7.33	--	30	21990	卖盘
11:08:09	7.33	--	201	147333	卖盘
11:08:06	7.33	--	110	80630	卖盘
11:08:03	7.33	--	100	73300	卖盘
11:08:00	7.33	-0.01	39	28587	卖盘
11:07:57	7.34	0.01	100	73400	买盘
11:07:54	7.33	--	76	55708	卖盘
11:07:51	7.33	--	244	178852	卖盘
11:07:48	7.33	-0.01	16	11728	卖盘
11:07:42	7.34	--	11	8074	买盘
11:07:39	7.34	--	5	3670	买盘
11:07:36	7.34	--	10	7340	买盘
11:07:33	7.34	-0.01	95	70097	卖盘
11:07:30	7.35	--	16	11760	买盘
11:07:27	7.35	--	4	2940	买盘
11:07:24	7.35	--	24	17640	买盘
11:07:21	7.35	--	46	33810	买盘
11:07:18	7.35	0.01	27	19845	中性盘
11:07:09	7.34	-0.01	28	20919	卖盘
11:07:06	7.35	--	14	10290	买盘
11:07:03	7.35	--	39	28665	买盘
11:07:00	7.35	--	183	134872	卖盘
11:06:57	7.35	--	5	3675	卖盘
11:06:51	7.35	--	55	40425	卖盘
11:06:48	7.35	--	262	192937	买盘
11:06:45	7.35	0.01	23	16905	买盘
11:06:42	7.34	--	51	37434	卖盘
11:06:39	7.34	-0.01	90	66060	卖盘
11:06:36	7.35	0.01	25	18375	买盘
11:06:33	7.34	-0.01	15	11010	卖盘
11:06:30	7.35	--	12	8820	买盘
11:06:27	7.35	--	23	16905	买盘
11:06:24	7.35	--	15	11025	买盘
11:06:18	7.35	--	2	1470	买盘
11:06:15	7.35	-0.01	86	63210	卖盘
11:06:12	7.36	--	38	27968	买盘
11:06:09	7.36	--	7	5152	买盘
11:06:03	7.36	--	33	24288	卖盘
11:05:57	7.36	-0.01	10	7360	卖盘
11:05:54	7.37	--	11	8107	买盘
11:05:51	7.37	--	2	1474	买盘
11:05:48	7.37	0.01	202	148874	买盘
11:05:45	7.36	--	5	3680	买盘
11:05:42	7.36	-0.01	95	69920	卖盘
11:05:36	7.37	--	76	56012	卖盘
11:05:30	7.37	-0.02	50	36850	卖盘
11:05:27	7.39	0.02	1	739	买盘
11:05:18	7.37	-0.01	80	58960	卖盘
11:05:15	7.38	--	30	22140	卖盘
11:05:12	7.38	--	60	44280	卖盘
11:05:09	7.38	--	30	22140	卖盘
11:05:06	7.38	0.01	312	230256	买盘
11:05:03	7.37	-0.01	100	73700	卖盘
11:05:00	7.38	--	6	4428	买盘
11:04:57	7.38	0.01	3	2214	买盘
11:04:54	7.37	--	1	737	卖盘
11:04:48	7.37	--	67	49379	卖盘
11:04:45	7.37	-0.01	61	44957	卖盘
11:04:42	7.38	0.01	52	38376	买盘
11:04:39	7.37	-0.01	10	7370	卖盘
11:04:36	7.38	--	22	16236	买盘
11:04:33	7.38	--	1	738	买盘
11:04:30	7.38	0.01	152	112176	买盘
11:04:27	7.37	-0.01	107	78859	卖盘
11:04:24	7.38	--	21	15498	买盘
11:04:21	7.38	0.02	9	6642	买盘
11:04:06	7.36	-0.01	4	2944	卖盘
11:04:03	7.37	0.02	270	198990	买盘
11:03:57	7.35	-0.01	378	277830	卖盘
11:03:54	7.36	--	50	36800	买盘
11:03:51	7.36	--	59	43424	买盘
11:03:48	7.36	--	5	3680	买盘
11:03:45	7.36	--	46	33856	买盘
11:03:42	7.36	--	52	38272	买盘
11:03:39	7.36	--	10	7360	买盘
11:03:36	7.36	--	14	10304	买盘
11:03:33	7.36	0.01	3	2208	买盘
11:03:27	7.35	--	31	22785	卖盘
11:03:18	7.35	--	9	6615	卖盘
11:03:15	7.35	--	105	77175	买盘
11:03:12	7.35	--	12	8820	买盘
11:03:09	7.35	0.01	22	16170	买盘
11:03:06	7.34	-0.01	16	11744	卖盘
11:03:03	7.35	--	175	128625	买盘
11:03:00	7.35	--	52	38220	买盘
11:02:57	7.35	--	14	10290	买盘
11:02:54	7.35	--	126	92610	买盘
11:02:51	7.35	0.01	2	1470	买盘
11:02:48	7.34	--	8	5872	卖盘
11:02:45	7.34	--	23	16882	卖盘
11:02:42	7.34	-0.01	4	2936	卖盘
11:02:39	7.35	0.01	10	7350	买盘
11:02:33	7.34	--	30	22020	卖盘
11:02:21	7.34	--	54	39636	买盘
11:02:18	7.34	--	17	12478	买盘
11:02:15	7.34	--	56	41104	买盘
11:02:12	7.34	--	34	24956	买盘
11:02:09	7.34	--	24	17616	买盘
11:02:06	7.34	--	71	52114	买盘
11:02:03	7.34	--	20	14680	买盘
11:02:00	7.34	-0.01	211	154874	卖盘
11:01:57	7.35	0.01	77	56595	买盘
11:01:54	7.34	--	30	22020	卖盘
11:01:51	7.34	0.01	125	91750	买盘
11:01:48	7.33	--	3	2199	卖盘
11:01:45	7.33	--	36	26388	卖盘
11:01:42	7.33	--	32	23456	卖盘
11:01:39	7.33	-0.01	100	73300	卖盘
11:01:36	7.34	0.01	12	8808	买盘
11:01:33	7.33	--	11	8063	买盘
11:01:30	7.33	--	10	7330	买盘
11:01:27	7.33	--	152	111416	卖盘
11:01:24	7.33	--	2	1466	卖盘
11:01:21	7.33	--	26	19058	卖盘
11:01:18	7.33	--	25	18325	卖盘
11:01:15	7.33	--	59	43247	买盘
11:01:09	7.33	--	17	12461	买盘
11:01:06	7.33	--	1	733	买盘
11:01:03	7.33	--	33	24189	买盘
11:01:00	7.33	--	45	32985	卖盘
11:00:57	7.33	-0.01	24	17592	卖盘
11:00:54	7.34	0.02	132	96888	买盘
11:00:51	7.32	--	64	46848	卖盘
11:00:48	7.32	--	143	104676	卖盘
11:00:45	7.32	--	21	15372	卖盘
11:00:42	7.32	--	2	1464	卖盘
11:00:36	7.32	--	10	7320	卖盘
11:00:33	7.32	-0.01	30	21960	卖盘
11:00:30	7.33	0.01	20	14660	卖盘
11:00:27	7.32	--	102	74664	卖盘
11:00:24	7.32	-0.02	69	50508	卖盘
11:00:21	7.34	0.02	28	20552	买盘
11:00:15	7.32	-0.02	354	259128	卖盘
11:00:12	7.34	--	17	12478	买盘
11:00:09	7.34	--	1	734	买盘
11:00:06	7.34	-0.01	141	103494	卖盘
11:00:03	7.35	0.04	11	8085	买盘
11:00:00	7.31	-0.04	854	624274	卖盘
10:59:57	7.35	--	3	2205	买盘
10:59:51	7.35	--	6	4410	买盘
10:59:48	7.35	0.01	19	13965	买盘
10:59:45	7.34	--	50	36700	卖盘
10:59:42	7.34	-0.01	118	86612	卖盘
10:59:39	7.35	--	109	80115	买盘
10:59:36	7.35	0.01	10	7350	买盘
10:59:33	7.34	--	13	9542	买盘
10:59:30	7.34	--	23	16882	买盘
10:59:27	7.34	-0.01	27	19818	中性盘
10:59:24	7.35	--	235	172725	买盘
10:59:21	7.35	0.01	49	36015	买盘
10:59:18	7.34	-0.01	89	65326	卖盘
10:59:15	7.35	--	20	14700	买盘
10:59:12	7.35	0.02	13	9555	买盘
10:59:06	7.33	-0.01	20	14660	卖盘
10:59:03	7.34	--	22	16148	买盘
10:59:00	7.34	--	6	4404	买盘
10:58:57	7.34	--	6	4404	买盘
10:58:54	7.34	0.01	13	9542	买盘
10:58:48	7.33	-0.01	2	1466	卖盘
10:58:45	7.34	0.01	486	356724	买盘
10:58:42	7.33	0.01	14	10262	买盘
10:58:36	7.32	0.01	498	364536	买盘
10:58:33	7.31	--	43	31433	卖盘
10:58:30	7.31	0.01	21	15351	买盘
10:58:27	7.3	--	80	58400	卖盘
10:58:24	7.3	--	127	92710	卖盘
10:58:21	7.3	--	74	54020	卖盘
10:58:18	7.3	-0.01	869	634370	卖盘
10:58:15	7.31	--	378	276318	买盘
10:58:12	7.31	0.01	29	21199	买盘
10:58:09	7.3	--	107	78110	卖盘
10:58:06	7.3	--	255	186150	卖盘
10:58:03	7.3	--	142	103660	卖盘
10:58:00	7.3	-0.01	1221	891330	卖盘
10:57:57	7.31	0.01	389	284359	买盘
10:57:54	7.3	-0.01	1062	775260	卖盘
10:57:51	7.31	-0.01	246	179826	卖盘
10:57:48	7.32	0.01	5	3660	买盘
10:57:45	7.31	-0.01	880	643280	卖盘
10:57:42	7.32	0.01	45	32940	买盘
10:57:39	7.31	-0.01	244	178364	卖盘
10:57:36	7.32	-0.01	139	101748	卖盘
10:57:33	7.33	--	121	88693	买盘
10:57:30	7.33	--	397	291001	卖盘
10:57:27	7.33	--	333	244089	卖盘
10:57:24	7.33	-0.01	19	13927	卖盘
10:57:21	7.34	--	100	73400	买盘
10:57:18	7.34	0.01	7	5138	买盘
10:57:15	7.33	-0.02	49	35917	卖盘
10:57:12	7.35	0.01	33	24255	买盘
10:57:09	7.34	--	90	66060	卖盘
10:57:06	7.34	-0.01	74	54316	卖盘
10:57:03	7.35	--	19	13965	买盘
10:57:00	7.35	--	1465	1076775	卖盘
10:56:57	7.35	-0.01	83	61005	卖盘
10:56:54	7.36	--	20	14720	买盘
10:56:51	7.36	-0.01	965	710240	卖盘
10:56:48	7.37	0.01	162	119394	买盘
10:56:45	7.36	-0.01	8	5888	卖盘
10:56:42	7.37	0.01	12	8844	买盘
10:56:36	7.36	-0.01	4	2944	卖盘
10:56:33	7.37	--	24	17688	买盘
10:56:30	7.37	--	81	59697	卖盘
10:56:27	7.37	--	42	30954	卖盘
10:56:24	7.37	--	84	61908	卖盘
10:56:21	7.37	0.01	2	1474	买盘
10:56:18	7.36	-0.01	350	257600	卖盘
10:56:15	7.37	-0.01	398	293326	卖盘
10:56:12	7.38	0.01	40	29520	买盘
10:56:09	7.37	-0.01	105	77385	卖盘
10:56:06	7.38	--	14	10332	买盘
10:56:03	7.38	--	53	39114	买盘
10:55:57	7.38	-0.01	55	40590	卖盘
10:55:54	7.39	0.01	11	8129	买盘
10:55:51	7.38	-0.01	186	137268	卖盘
10:55:48	7.39	--	7	5173	买盘
10:55:45	7.39	--	30	22170	买盘
10:55:36	7.39	--	24	17736	买盘
10:55:33	7.39	--	4	2956	买盘
10:55:30	7.39	--	2	1478	买盘
10:55:27	7.39	--	8	5912	买盘
10:55:24	7.39	--	79	58381	买盘
10:55:21	7.39	--	51	37689	买盘
10:55:18	7.39	--	6	4434	买盘
10:55:12	7.39	--	189	139671	卖盘
10:55:09	7.39	--	6	4434	卖盘
10:55:06	7.39	-0.01	512	378368	卖盘
10:55:03	7.4	0.01	14	10360	买盘
10:55:00	7.39	--	50	36950	卖盘
10:54:57	7.39	-0.01	136	100504	卖盘
10:54:51	7.4	0.01	83	61420	买盘
10:54:42	7.39	--	816	603024	买盘
10:54:36	7.39	--	5	3695	买盘
10:54:33	7.39	0.01	277	204703	买盘
10:54:30	7.38	-0.01	148	109224	卖盘
10:54:27	7.39	--	70	51730	买盘
10:54:24	7.39	--	3	2217	买盘
10:54:21	7.39	0.01	11	8129	买盘
10:54:18	7.38	-0.01	121	89298	卖盘
10:54:15	7.39	--	2	1478	买盘
10:54:12	7.39	0.01	3	2217	买盘
10:54:09	7.38	--	18	13284	卖盘
10:54:03	7.38	--	63	46494	卖盘
10:54:00	7.38	--	36	26568	卖盘
10:53:57	7.38	--	6	4428	卖盘
10:53:51	7.38	--	125	92250	卖盘
10:53:45	7.38	-0.01	18	13284	卖盘
10:53:42	7.39	0.01	3	2217	买盘
10:53:36	7.38	-0.01	36	26568	卖盘
10:53:33	7.39	--	57	42123	买盘
10:53:30	7.39	--	55	40645	买盘
10:53:27	7.39	0.01	87	64293	买盘
10:53:24	7.38	-0.01	33	24354	卖盘
10:53:21	7.39	--	10	7390	买盘
10:53:18	7.39	--	27	19953	买盘
10:53:15	7.39	--	5	3695	买盘
10:53:12	7.39	--	9	6651	买盘
10:53:09	7.39	--	1	739	买盘
10:53:06	7.39	0.01	8	5912	买盘
10:53:03	7.38	-0.01	115	84870	卖盘
10:53:00	7.39	0.01	50	36950	买盘
10:52:57	7.38	-0.01	4	2952	卖盘
10:52:54	7.39	-0.01	12	8868	中性盘
10:52:48	7.4	0.01	35	25900	买盘
10:52:45	7.39	--	123	90897	买盘
10:52:42	7.39	--	4	2956	买盘
10:52:39	7.39	--	18	13302	卖盘
10:52:36	7.39	-0.01	14	10346	卖盘
10:52:33	7.4	0.01	45	33300	买盘
10:52:30	7.39	--	5	3695	卖盘
10:52:27	7.39	--	1	739	卖盘
10:52:24	7.39	--	10	7390	卖盘
10:52:18	7.39	--	181	133759	卖盘
10:52:12	7.39	-0.01	40	29560	卖盘
10:52:09	7.4	0.01	19	14060	买盘
10:52:06	7.39	--	158	116762	卖盘
10:52:00	7.39	--	31	22909	买盘
10:51:57	7.39	-0.01	151	111589	卖盘
10:51:51	7.4	0.01	71	52540	买盘
10:51:48	7.39	-0.01	4	2956	卖盘
10:51:45	7.4	0.01	280	207200	买盘
10:51:42	7.39	--	177	130803	卖盘
10:51:39	7.39	--	3	2217	卖盘
10:51:36	7.39	-0.01	43	31777	卖盘
10:51:33	7.4	--	268	198320	买盘
10:51:30	7.4	--	11	8140	买盘
10:51:27	7.4	--	37	27380	买盘
10:51:24	7.4	--	204	150960	买盘
10:51:21	7.4	0.01	32	23680	买盘
10:51:18	7.39	--	100	73900	卖盘
10:51:09	7.39	-0.01	30	22170	卖盘
10:51:06	7.4	0.01	5	3700	买盘
10:50:57	7.39	--	70	51730	卖盘
10:50:54	7.39	0.01	59	43601	买盘
10:50:51	7.38	--	30	22140	卖盘
10:50:48	7.38	-0.01	31	22878	卖盘
10:50:45	7.39	0.01	4	2956	买盘
10:50:39	7.38	-0.01	19	14022	卖盘
10:50:33	7.39	--	10	7390	买盘
10:50:27	7.39	--	130	96070	买盘
10:50:21	7.39	0.01	61	45079	买盘
10:50:18	7.38	--	31	22878	卖盘
10:50:15	7.38	-0.01	3	2214	卖盘
10:50:09	7.39	0.01	50	36950	买盘
10:50:06	7.38	-0.01	19	14022	卖盘
10:50:03	7.39	0.01	16	11824	买盘
10:49:57	7.38	-0.01	58	42804	卖盘
10:49:54	7.39	0.01	5	3695	买盘
10:49:51	7.38	--	1	738	卖盘
10:49:48	7.38	--	45	33210	卖盘
10:49:45	7.38	-0.01	1	738	卖盘
10:49:42	7.39	--	18	13302	买盘
10:49:39	7.39	--	148	109372	买盘
10:49:36	7.39	--	28	20692	买盘
10:49:33	7.39	--	2	1478	买盘
10:49:30	7.39	0.01	15	11085	买盘
10:49:27	7.38	-0.01	159	117342	卖盘
10:49:24	7.39	--	53	39167	买盘
10:49:21	7.39	--	13	9607	买盘
10:49:15	7.39	--	166	122674	买盘
10:49:09	7.39	0.01	176	130064	买盘
10:49:03	7.38	-0.01	70	51660	卖盘
10:48:57	7.39	--	214	158146	买盘
10:48:54	7.39	0.01	7	5173	买盘
10:48:48	7.38	-0.01	26	19188	卖盘
10:48:45	7.39	0.01	1	739	买盘
10:48:42	7.38	--	59	43542	卖盘
10:48:39	7.38	-0.01	50	36900	卖盘
10:48:36	7.39	--	16	11824	买盘
10:48:33	7.39	--	1	739	买盘
10:48:30	7.39	--	24	17736	买盘
10:48:27	7.39	--	2	1478	买盘
10:48:24	7.39	--	4	2956	买盘
10:48:21	7.39	--	50	36950	买盘
10:48:18	7.39	--	14	10346	买盘
10:48:15	7.39	0.01	60	44340	买盘
10:48:12	7.38	--	10	7380	卖盘
10:48:09	7.38	-0.01	130	95940	卖盘
10:48:06	7.39	--	31	22909	买盘
10:48:03	7.39	--	1	739	买盘
10:48:00	7.39	--	1	739	买盘
10:47:57	7.39	--	16	11824	买盘
10:47:48	7.39	0.01	16	11824	买盘
10:47:45	7.38	-0.01	131	96678	卖盘
10:47:42	7.39	-0.01	14	10346	卖盘
10:47:39	7.4	--	23	17020	买盘
10:47:36	7.4	0.01	15	11100	买盘
10:47:27	7.39	--	108	79812	卖盘
10:47:24	7.39	--	32	23648	买盘
10:47:21	7.39	--	1	739	买盘
10:47:18	7.39	--	3	2217	买盘
10:47:15	7.39	--	51	37689	买盘
10:47:12	7.39	0.01	25	18475	卖盘
10:47:09	7.38	-0.01	22	16236	卖盘
10:47:06	7.39	-0.01	10	7390	卖盘
10:47:03	7.4	0.01	100	74000	买盘
10:47:00	7.39	0.01	20	14780	买盘
10:46:57	7.38	-0.01	68	50184	卖盘
10:46:54	7.39	--	15	11085	买盘
10:46:48	7.39	--	10	7390	买盘
10:46:45	7.39	--	1	739	买盘
10:46:42	7.39	-0.01	10	7390	买盘
10:46:39	7.4	--	11	8140	买盘
10:46:36	7.4	--	27	20468	买盘
10:46:33	7.4	--	2	1480	买盘
10:46:30	7.4	0.01	3	2220	买盘
10:46:27	7.39	--	52	38428	卖盘
10:46:24	7.39	--	24	17736	卖盘
10:46:21	7.39	--	145	107406	买盘
10:46:18	7.39	0.01	21	15519	买盘
10:46:15	7.38	--	56	41328	卖盘
10:46:12	7.38	--	50	36900	卖盘
10:46:09	7.38	--	23	16974	卖盘
10:46:06	7.38	-0.01	18	13284	卖盘
10:46:03	7.39	0.01	1	739	买盘
10:46:00	7.38	-0.01	140	103320	卖盘
10:45:57	7.39	0.01	11	8129	买盘
10:45:54	7.38	-0.01	13	9594	卖盘
10:45:51	7.39	--	44	32516	买盘
10:45:48	7.39	0.01	258	190662	买盘
10:45:45	7.38	--	1	738	卖盘
10:45:42	7.38	--	3	2214	卖盘
10:45:39	7.38	--	30	22140	卖盘
10:45:36	7.38	--	98	72324	卖盘
10:45:33	7.38	--	40	29520	卖盘
10:45:30	7.38	--	142	104796	卖盘
10:45:27	7.38	--	35	25830	卖盘
10:45:24	7.38	--	290	214020	卖盘
10:45:21	7.38	--	51	37638	卖盘
10:45:18	7.38	0.01	757	558666	买盘
10:45:15	7.37	--	9	6633	卖盘
10:45:12	7.37	--	107	78859	卖盘
10:45:09	7.37	-0.01	45	33165	卖盘
10:45:06	7.38	--	5	3690	买盘
10:45:03	7.38	--	2	1476	买盘
10:45:00	7.38	0.01	9	6642	买盘
10:44:57	7.37	--	4	2948	卖盘
10:44:51	7.37	-0.01	60	44220	卖盘
10:44:48	7.38	--	59	43542	买盘
10:44:45	7.38	0.01	1	738	买盘
10:44:42	7.37	--	15	11055	卖盘
10:44:39	7.37	--	3	2211	卖盘
10:44:36	7.37	--	28	20636	卖盘
10:44:33	7.37	-0.01	52	38324	卖盘
10:44:30	7.38	--	19	14022	买盘
10:44:27	7.38	--	22	16236	买盘
10:44:24	7.38	--	29	21402	卖盘
10:44:21	7.38	--	18	13284	卖盘
10:44:18	7.38	--	14	10332	卖盘
10:44:15	7.38	--	202	149076	卖盘
10:44:12	7.38	--	13	9594	卖盘
10:44:09	7.38	-0.01	64	47232	卖盘
10:44:06	7.39	0.01	3	2217	买盘
10:44:03	7.38	0.01	17	12546	买盘
10:44:00	7.37	--	75	55275	卖盘
10:43:57	7.37	--	60	44220	卖盘
10:43:54	7.37	--	2	1474	卖盘
10:43:51	7.37	--	65	47905	卖盘
10:43:48	7.37	--	31	22847	卖盘
10:43:45	7.37	--	802	591074	卖盘
10:43:42	7.37	--	340	250580	卖盘
10:43:39	7.37	-0.01	68	50116	卖盘
10:43:36	7.38	--	1	738	买盘
10:43:33	7.38	--	24	17712	买盘
10:43:30	7.38	--	56	41328	买盘
10:43:27	7.38	--	118	87084	买盘
10:43:24	7.38	--	66	48708	买盘
10:43:21	7.38	--	54	39852	买盘
10:43:18	7.38	--	129	95202	买盘
10:43:15	7.38	--	7	5166	卖盘
10:43:12	7.38	--	184	135792	买盘
10:43:06	7.38	-0.01	434	320292	卖盘
10:43:03	7.39	--	2	1478	买盘
10:43:00	7.39	0.01	148	109372	买盘
10:42:57	7.38	--	64	47232	卖盘
10:42:54	7.38	-0.01	152	112176	卖盘
10:42:51	7.39	0.01	834	616326	买盘
10:42:48	7.38	--	151	111438	卖盘
10:42:45	7.38	-0.01	3	2214	卖盘
10:42:42	7.39	--	5	3695	买盘
10:42:39	7.39	--	234	173413	卖盘
10:42:36	7.39	-0.01	24	17736	卖盘
10:42:33	7.4	--	257	190180	买盘
10:42:30	7.4	0.01	27	19980	买盘
10:42:27	7.39	-0.01	287	212093	卖盘
10:42:24	7.4	--	191	141340	买盘
10:42:21	7.4	0.01	557	412180	买盘
10:42:18	7.39	--	124	91636	卖盘
10:42:15	7.39	--	27	19953	卖盘
10:42:12	7.39	-0.01	13	9607	卖盘
10:42:09	7.4	--	3	2220	买盘
10:42:06	7.4	0.01	65	48100	买盘
10:42:03	7.39	-0.01	50	36950	卖盘
10:42:00	7.4	--	479	354460	买盘
10:41:57	7.4	0.01	99	73260	买盘
10:41:54	7.39	--	51	38058	卖盘
10:41:51	7.39	--	129	95331	卖盘
10:41:48	7.39	-0.01	13	9607	卖盘
10:41:45	7.4	--	22	16280	买盘
10:41:42	7.4	--	12	8880	买盘
10:41:39	7.4	--	3	2220	买盘
10:41:36	7.4	0.01	8	5920	买盘
10:41:33	7.39	--	9	6651	卖盘
10:41:30	7.39	-0.01	10	7390	卖盘
10:41:27	7.4	--	9	6660	买盘
10:41:24	7.4	0.01	55	40700	买盘
10:41:21	7.39	--	18	13302	卖盘
10:41:18	7.39	--	111	82029	卖盘
10:41:15	7.39	--	34	25126	卖盘
10:41:12	7.39	-0.01	303	223917	卖盘
10:41:09	7.4	0.01	38	28120	买盘
10:41:03	7.39	-0.01	262	193618	卖盘
10:41:00	7.4	--	69	51060	买盘
10:40:57	7.4	--	87	64380	买盘
10:40:54	7.4	--	2	1480	买盘
10:40:51	7.4	--	10	7400	买盘
10:40:48	7.4	--	18	13320	买盘
10:40:45	7.4	--	46	34040	买盘
10:40:42	7.4	--	5	3700	买盘
10:40:39	7.4	--	134	99160	买盘
10:40:36	7.4	--	35	25900	买盘
10:40:33	7.4	--	50	37000	买盘
10:40:30	7.4	--	30	22200	卖盘
10:40:27	7.4	--	5	3700	卖盘
10:40:24	7.4	-0.01	5	3700	卖盘
10:40:21	7.41	0.01	112	82992	买盘
10:40:18	7.4	--	16	11840	买盘
10:40:15	7.4	-0.01	617	456580	卖盘
10:40:09	7.41	0.01	15	11115	买盘
10:40:06	7.4	-0.01	23	17020	卖盘
10:40:03	7.41	--	10	7410	买盘
10:40:00	7.41	--	328	243500	卖盘
10:39:54	7.41	-0.01	38	28158	卖盘
10:39:51	7.42	--	215	159530	买盘
10:39:45	7.42	--	10	7420	卖盘
10:39:42	7.42	--	8	5936	卖盘
10:39:39	7.42	--	11	8162	买盘
10:39:36	7.42	0.01	520	385840	买盘
10:39:33	7.41	-0.01	63	46683	卖盘
10:39:27	7.42	--	35	25970	买盘
10:39:21	7.42	--	78	57876	买盘
10:39:18	7.42	--	131	97202	卖盘
10:39:15	7.42	-0.01	3	2226	卖盘
10:39:09	7.43	--	63	46809	买盘
10:39:06	7.43	0.01	93	69099	买盘
10:39:00	7.42	--	31	23002	卖盘
10:38:51	7.42	-0.02	180	133560	卖盘
10:38:45	7.44	0.02	47	34968	买盘
10:38:42	7.42	-0.01	51	37842	卖盘
10:38:39	7.43	-0.01	4	2972	卖盘
10:38:36	7.44	0.01	6	4464	买盘
10:38:30	7.43	--	31	23033	卖盘
10:38:24	7.43	--	14	10402	卖盘
10:38:21	7.43	-0.01	19	14117	卖盘
10:38:18	7.44	--	13	9672	买盘
10:38:09	7.44	0.01	2	1488	买盘
10:38:06	7.43	--	39	28977	卖盘
10:38:03	7.43	-0.01	15	11145	卖盘
10:38:00	7.44	--	24	17856	买盘
10:37:57	7.44	--	22	16368	买盘
10:37:54	7.44	0.01	225	167400	买盘
10:37:51	7.43	-0.01	18	13374	卖盘
10:37:48	7.44	--	15	11160	买盘
10:37:45	7.44	--	19	14136	买盘
10:37:42	7.44	--	29	21576	买盘
10:37:39	7.44	--	4	2976	买盘
10:37:36	7.44	--	20	14880	买盘
10:37:33	7.44	--	93	69192	买盘
10:37:27	7.44	--	44	32736	买盘
10:37:18	7.44	--	136	101184	买盘
10:37:15	7.44	--	26	19344	买盘
10:37:12	7.44	--	7	5208	买盘
10:37:09	7.44	--	63	46872	买盘
10:37:06	7.44	--	24	17856	买盘
10:37:03	7.44	-0.01	17	13020	卖盘
10:37:00	7.45	0.01	782	582962	买盘
10:36:57	7.44	-0.01	519	386508	卖盘
10:36:54	7.45	0.01	127	94615	买盘
10:36:51	7.44	-0.01	10	7440	卖盘
10:36:48	7.45	--	34	25330	买盘
10:36:42	7.45	--	281	209345	买盘
10:36:39	7.45	0.01	13	9685	买盘
10:36:36	7.44	--	5	3720	卖盘
10:36:30	7.44	--	1	744	卖盘
10:36:27	7.44	0.02	674	501828	买盘
10:36:24	7.42	--	49	36358	买盘
10:36:21	7.42	0.01	54	40068	买盘
10:36:18	7.41	--	8	5928	卖盘
10:36:12	7.41	--	378	280098	卖盘
10:36:09	7.41	--	1	741	卖盘
10:36:06	7.41	--	123	91431	买盘
10:36:00	7.41	--	16	11856	买盘
10:35:54	7.41	0.01	9	6669	买盘
10:35:51	7.4	--	9	6660	买盘
10:35:48	7.4	--	20	14800	卖盘
10:35:45	7.4	--	10	7400	卖盘
10:35:42	7.4	-0.01	48	35520	卖盘
10:35:39	7.41	0.01	23	17043	买盘
10:35:36	7.4	--	42	31080	卖盘
10:35:33	7.4	--	432	319680	买盘
10:35:30	7.4	--	79	58460	买盘
10:35:27	7.4	--	24	17760	买盘
10:35:24	7.4	0.01	4	2960	买盘
10:35:21	7.39	--	58	42862	卖盘
10:35:18	7.39	--	15	11085	卖盘
10:35:15	7.39	-0.01	100	73900	卖盘
10:35:12	7.4	--	75	55500	买盘
10:35:09	7.4	--	56	41440	买盘
10:35:06	7.4	--	81	59940	买盘
10:35:03	7.4	--	97	71780	买盘
10:35:00	7.4	--	18	13320	买盘
10:34:57	7.4	--	55	40700	买盘
10:34:54	7.4	0.01	151	111740	买盘
10:34:51	7.39	-0.01	253	186967	卖盘
10:34:48	7.4	--	23	17020	买盘
10:34:45	7.4	--	34	25160	买盘
10:34:42	7.4	--	185	136900	买盘
10:34:39	7.4	--	39	28860	买盘
10:34:36	7.4	--	136	100640	买盘
10:34:33	7.4	--	57	42180	买盘
10:34:27	7.4	--	65	48100	买盘
10:34:21	7.4	--	57	42180	买盘
10:34:18	7.4	--	56	41440	买盘
10:34:15	7.4	--	15	11100	买盘
10:34:12	7.4	--	41	30340	买盘
10:34:09	7.4	--	11	8140	买盘
10:34:06	7.4	0.01	11	8140	买盘
10:34:03	7.39	-0.01	75	55425	卖盘
10:34:00	7.4	--	16	11840	买盘
10:33:57	7.4	0.01	35	25900	买盘
10:33:54	7.39	-0.01	48	35472	卖盘
10:33:51	7.4	--	1	740	买盘
10:33:48	7.4	0.01	82	60680	买盘
10:33:45	7.39	-0.01	75	55425	卖盘
10:33:42	7.4	0.01	80	59200	买盘
10:33:39	7.39	-0.01	128	94592	卖盘
10:33:36	7.4	--	58	42920	买盘
10:33:30	7.4	0.01	176	130240	买盘
10:33:27	7.39	-0.01	44	32516	卖盘
10:33:24	7.4	--	50	37000	买盘
10:33:18	7.4	0.01	51	37740	买盘
10:33:15	7.39	--	37	27343	卖盘
10:33:12	7.39	--	78	58262	买盘
10:33:09	7.39	--	19	14041	买盘
10:33:06	7.39	0.01	6	4434	买盘
10:33:03	7.38	-0.01	776	572688	卖盘
10:33:00	7.39	--	59	43601	买盘
10:32:57	7.39	--	71	52469	买盘
10:32:54	7.39	--	156	115284	买盘
10:32:51	7.39	0.01	127	93853	买盘
10:32:48	7.38	--	56	41328	卖盘
10:32:45	7.38	--	426	314388	卖盘
10:32:42	7.38	-0.01	134	98892	卖盘
10:32:39	7.39	0.01	14	10346	买盘
10:32:36	7.38	--	62	45756	卖盘
10:32:33	7.38	--	304	224352	卖盘
10:32:30	7.38	-0.01	16	11808	卖盘
10:32:27	7.39	0.01	10	7390	买盘
10:32:24	7.38	--	64	47232	卖盘
10:32:21	7.38	--	30	22140	卖盘
10:32:18	7.38	--	28	20664	卖盘
10:32:15	7.38	--	80	59040	买盘
10:32:12	7.38	--	111	81918	卖盘
10:32:09	7.38	-0.01	5	3690	卖盘
10:32:06	7.39	0.01	110	81290	买盘
10:32:03	7.38	-0.01	107	78966	卖盘
10:32:00	7.39	0.01	6	4434	买盘
10:31:57	7.38	--	317	233946	卖盘
10:31:54	7.38	--	18	13284	卖盘
10:31:51	7.38	-0.01	101	74538	卖盘
10:31:48	7.39	--	14	10346	买盘
10:31:45	7.39	--	191	141149	买盘
10:31:42	7.39	0.01	60	44340	买盘
10:31:39	7.38	-0.01	31	22878	卖盘
10:31:33	7.39	--	2	1478	买盘
10:31:30	7.39	--	32	23648	卖盘
10:31:27	7.39	-0.01	54	39906	卖盘
10:31:24	7.4	--	16	11840	买盘
10:31:21	7.4	--	154	113960	买盘
10:31:18	7.4	0.01	5	3700	买盘
10:31:15	7.39	-0.01	151	111589	卖盘
10:31:12	7.4	--	3	2220	买盘
10:31:09	7.4	--	77	56980	买盘
10:31:06	7.4	--	26	19240	买盘
10:31:03	7.4	-0.01	57	42180	卖盘
10:31:00	7.41	0.01	13	9633	买盘
10:30:57	7.4	--	114	84360	卖盘
10:30:54	7.4	--	15	11100	卖盘
10:30:51	7.4	-0.01	65	48100	卖盘
10:30:48	7.41	0.01	11	8151	买盘
10:30:45	7.4	--	100	74000	买盘
10:30:42	7.4	--	2	1480	买盘
10:30:39	7.4	-0.02	237	175831	卖盘
10:30:36	7.42	0.02	13	9646	买盘
10:30:33	7.4	--	179	132460	卖盘
10:30:30	7.4	--	41	30340	卖盘
10:30:27	7.4	-0.01	304	225248	卖盘
10:30:24	7.41	--	113	83733	买盘
10:30:18	7.41	0.01	2	1482	买盘
10:30:15	7.4	-0.01	34	25160	卖盘
10:30:12	7.41	-0.02	1	741	买盘
10:30:09	7.43	--	52	38636	买盘
10:30:06	7.43	0.02	406	301658	买盘
10:30:00	7.41	-0.01	246	182286	卖盘
10:29:57	7.42	-0.01	51	37842	卖盘
10:29:54	7.43	0.01	174	129282	买盘
10:29:51	7.42	-0.01	26	19292	卖盘
10:29:48	7.43	--	68	50524	买盘
10:29:45	7.43	-0.01	29	22000	卖盘
10:29:42	7.44	--	128	95232	买盘
10:29:36	7.44	-0.01	43	31992	卖盘
10:29:33	7.45	--	48	35760	买盘
10:29:30	7.45	0.01	8	5960	买盘
10:29:27	7.44	0.01	85	63240	卖盘
10:29:24	7.43	-0.02	278	206554	卖盘
10:29:21	7.45	--	37	27565	卖盘
10:29:18	7.45	--	1	745	卖盘
10:29:15	7.45	--	71	52895	买盘
10:29:12	7.45	0.01	102	75990	买盘
10:29:09	7.44	-0.01	416	309504	卖盘
10:29:06	7.45	--	55	40975	买盘
10:29:03	7.45	--	35	26075	买盘
10:29:00	7.45	-0.01	155	115475	买盘
10:28:57	7.46	0.01	264	196944	买盘
10:28:54	7.45	--	146	108770	卖盘
10:28:51	7.45	--	62	46190	卖盘
10:28:48	7.45	-0.01	20	14900	卖盘
10:28:45	7.46	0.01	25	18650	买盘
10:28:42	7.45	--	328	244360	买盘
10:28:39	7.45	--	51	37995	买盘
10:28:36	7.45	0.01	43	32035	买盘
10:28:33	7.44	-0.01	5	3720	卖盘
10:28:30	7.45	--	14	10430	买盘
10:28:27	7.45	0.01	13	9685	买盘
10:28:24	7.44	--	10	7440	卖盘
10:28:21	7.44	0.01	197	146568	中性盘
10:28:15	7.43	-0.01	110	81730	卖盘
10:28:12	7.44	--	64	47906	买盘
10:28:09	7.44	--	58	43152	买盘
10:28:06	7.44	--	11	8184	买盘
10:28:03	7.44	--	115	85560	买盘
10:28:00	7.44	--	10	7440	买盘
10:27:57	7.44	--	33	24552	买盘
10:27:54	7.44	--	65	48360	买盘
10:27:51	7.44	--	526	391344	买盘
10:27:48	7.44	--	40	29760	卖盘
10:27:45	7.44	-0.01	28	20832	卖盘
10:27:42	7.45	--	10	7450	买盘
10:27:39	7.45	--	20	14900	买盘
10:27:36	7.45	--	65	48425	卖盘
10:27:33	7.45	--	33	24585	卖盘
10:27:30	7.45	--	34	25330	卖盘
10:27:27	7.45	--	98	73010	卖盘
10:27:24	7.45	0.01	2	1490	中性盘
10:27:21	7.44	-0.02	36	26784	卖盘
10:27:18	7.46	0.01	139	103694	买盘
10:27:15	7.45	--	166	123670	卖盘
10:27:12	7.45	--	45	33525	卖盘
10:27:09	7.45	--	385	286825	买盘
10:27:06	7.45	--	7	5215	买盘
10:27:03	7.45	--	111	82695	买盘
10:27:00	7.45	0.01	126	93870	买盘
10:26:57	7.44	-0.01	39	29016	卖盘
10:26:54	7.45	0.01	60	44700	买盘
10:26:51	7.44	--	5	3720	卖盘
10:26:48	7.44	0.01	232	172608	中性盘
10:26:45	7.43	-0.01	28	20804	卖盘
10:26:42	7.44	--	220	163680	买盘
10:26:39	7.44	--	105	78120	买盘
10:26:36	7.44	--	6	4464	买盘
10:26:33	7.44	0.02	256	190464	中性盘
10:26:30	7.42	-0.02	137	101654	卖盘
10:26:27	7.44	0.01	106	78864	中性盘
10:26:24	7.43	-0.01	307	228101	卖盘
10:26:21	7.44	0.01	55	40920	中性盘
10:26:15	7.43	-0.01	40	29720	卖盘
10:26:12	7.44	-0.01	78	58032	中性盘
10:26:09	7.45	0.02	90	67050	买盘
10:26:06	7.43	-0.01	49	36407	卖盘
10:26:00	7.44	--	13	9672	卖盘
10:25:57	7.44	-0.01	301	223944	中性盘
10:25:54	7.45	--	14	10430	买盘
10:25:51	7.45	--	83	61835	买盘
10:25:48	7.45	0.03	208	154960	买盘
10:25:45	7.42	-0.03	23	17066	卖盘
10:25:42	7.45	--	56	41720	买盘
10:25:39	7.45	--	19	14155	买盘
10:25:36	7.45	0.03	117	87165	买盘
10:25:33	7.42	-0.04	640	474880	卖盘
10:25:30	7.46	--	66	49236	买盘
10:25:27	7.46	--	215	160390	买盘
10:25:24	7.46	--	17	12682	买盘
10:25:21	7.46	--	118	88028	买盘
10:25:18	7.46	-0.01	470	350620	卖盘
10:25:15	7.47	-0.01	82	61254	卖盘
10:25:12	7.48	--	323	241604	买盘
10:25:09	7.48	--	98	73304	买盘
10:25:06	7.48	--	327	244596	买盘
10:25:03	7.48	--	115	86020	买盘
10:25:00	7.48	--	73	54604	卖盘
10:24:57	7.48	--	98	73304	卖盘
10:24:54	7.48	0.01	584	436832	买盘
10:24:51	7.47	0.01	77	57519	买盘
10:24:48	7.46	-0.01	133	99218	卖盘
10:24:45	7.47	--	105	78435	卖盘
10:24:42	7.47	-0.01	97	72459	中性盘
10:24:39	7.48	--	512	382976	买盘
10:24:36	7.48	--	84	62832	买盘
10:24:33	7.48	0.01	165	123420	买盘
10:24:30	7.47	--	189	141183	卖盘
10:24:27	7.47	-0.01	330	246510	卖盘
10:24:24	7.48	--	305	228140	买盘
10:24:21	7.48	0.01	178	133144	买盘
10:24:18	7.47	-0.01	50	37350	卖盘
10:24:15	7.48	--	655	489940	买盘
10:24:12	7.48	--	185	138380	买盘
10:24:09	7.48	--	2	1496	买盘
10:24:06	7.48	--	10	7480	买盘
10:24:03	7.48	0.01	246	184008	买盘
10:24:00	7.47	0.01	63	47061	买盘
10:23:57	7.46	0.01	20	14920	买盘
10:23:54	7.45	--	11	8195	买盘
10:23:51	7.45	--	482	359090	买盘
10:23:48	7.45	--	137	102065	买盘
10:23:45	7.45	--	55	40975	买盘
10:23:42	7.45	--	36	26820	买盘
10:23:39	7.45	0.01	232	172840	买盘
10:23:36	7.44	--	46	34224	买盘
10:23:33	7.44	--	320	238080	买盘
10:23:30	7.44	--	226	168144	买盘
10:23:27	7.44	--	3	2232	买盘
10:23:24	7.44	--	37	27528	买盘
10:23:18	7.44	0.02	129	95976	买盘
10:23:09	7.42	0.01	105	77910	买盘
10:23:06	7.41	--	106	78546	买盘
10:23:03	7.41	--	163	120783	买盘
10:23:00	7.41	--	43	31863	买盘
10:22:57	7.41	--	11	8151	买盘
10:22:54	7.41	0.01	114	84474	买盘
10:22:51	7.4	--	214	158360	买盘
10:22:48	7.4	--	591	437340	买盘
10:22:45	7.4	--	125	92500	买盘
10:22:42	7.4	--	203	150220	买盘
10:22:39	7.4	--	494	365560	买盘
10:22:36	7.4	--	689	509860	买盘
10:22:33	7.4	--	112	82880	买盘
10:22:30	7.4	--	309	228660	买盘
10:22:27	7.4	--	82	60680	买盘
10:22:24	7.4	--	31	22940	买盘
10:22:21	7.4	--	36	26640	买盘
10:22:18	7.4	--	160	118400	买盘
10:22:15	7.4	--	107	79180	买盘
10:22:09	7.4	0.01	5	3700	买盘
10:22:06	7.39	-0.01	76	56164	卖盘
10:22:03	7.4	0.01	141	104399	买盘
10:22:00	7.39	--	649	479611	买盘
10:21:54	7.39	--	126	93114	买盘
10:21:51	7.39	--	1406	1039034	买盘
10:21:48	7.39	--	97	71683	买盘
10:21:45	7.39	--	6	4434	买盘
10:21:42	7.39	--	115	84985	买盘
10:21:39	7.39	--	32	23648	买盘
10:21:36	7.39	--	31	22909	买盘
10:21:33	7.39	--	37	27343	买盘
10:21:30	7.39	0.01	86	63554	买盘
10:21:27	7.38	-0.01	11	8118	卖盘
10:21:24	7.39	0.01	15	11085	买盘
10:21:21	7.38	-0.01	61	45018	卖盘
10:21:18	7.39	--	5	3695	买盘
10:21:15	7.39	--	64	47296	买盘
10:21:12	7.39	0.01	23	16997	买盘
10:21:09	7.38	-0.01	76	56088	卖盘
10:21:06	7.39	0.01	38	28082	买盘
10:21:00	7.38	--	11	8118	卖盘
10:20:57	7.38	--	10	7380	中性盘
10:20:54	7.38	--	29	21402	买盘
10:20:51	7.38	--	37	27306	买盘
10:20:48	7.38	--	89	65682	买盘
10:20:45	7.38	--	111	81918	买盘
10:20:42	7.38	--	232	171216	买盘
10:20:39	7.38	-0.01	84	61992	卖盘
10:20:36	7.39	0.01	3	2217	买盘
10:20:33	7.38	0.01	6	4428	卖盘
10:20:27	7.37	-0.01	75	55275	卖盘
10:20:24	7.38	--	114	84604	买盘
10:20:21	7.38	--	54	39852	买盘
10:20:18	7.38	--	69	50922	买盘
10:20:15	7.38	--	76	56088	买盘
10:20:12	7.38	--	64	47232	买盘
10:20:09	7.38	--	110	81180	买盘
10:20:06	7.38	0.01	1	738	买盘
10:20:00	7.37	-0.01	205	151085	卖盘
10:19:57	7.38	--	108	79704	买盘
10:19:54	7.38	--	64	47232	买盘
10:19:51	7.38	--	63	46494	买盘
10:19:48	7.38	--	226	166788	买盘
10:19:42	7.38	0.01	20	14760	买盘
10:19:39	7.37	--	19	14003	卖盘
10:19:36	7.37	-0.01	154	113498	卖盘
10:19:33	7.38	--	45	33210	买盘
10:19:30	7.38	--	60	44280	买盘
10:19:27	7.38	--	125	92250	买盘
10:19:24	7.38	--	33	24354	买盘
10:19:21	7.38	0.01	239	176382	买盘
10:19:18	7.37	-0.01	17	12529	卖盘
10:19:15	7.38	0.01	16	11808	买盘
10:19:12	7.37	-0.01	355	261635	卖盘
10:19:09	7.38	--	407	300366	买盘
10:19:06	7.38	--	5	3690	买盘
10:19:03	7.38	0.01	300	221400	买盘
10:19:00	7.37	-0.01	137	100969	卖盘
10:18:57	7.38	--	2	1476	买盘
10:18:54	7.38	0.01	42	30996	买盘
10:18:51	7.37	--	10	7370	卖盘
10:18:48	7.37	--	142	104654	买盘
10:18:45	7.37	0.01	21	15477	买盘
10:18:42	7.36	-0.01	10	7360	卖盘
10:18:39	7.37	--	214	157718	买盘
10:18:36	7.37	--	258	190146	买盘
10:18:30	7.37	--	77	56749	买盘
10:18:27	7.37	-0.01	337	248369	卖盘
10:18:24	7.38	0.02	104	76752	买盘
10:18:21	7.36	-0.02	64	47104	卖盘
10:18:18	7.38	--	29	21402	买盘
10:18:15	7.38	--	29	21402	买盘
10:18:12	7.38	--	10	7380	买盘
10:18:09	7.38	--	771	568998	买盘
10:18:06	7.38	0.01	34	25092	买盘
10:18:03	7.37	-0.01	109	80333	卖盘
10:18:00	7.38	--	261	192618	买盘
10:17:57	7.38	--	93	68634	买盘
10:17:54	7.38	0.01	21	15498	买盘
10:17:51	7.37	-0.01	462	340494	卖盘
10:17:48	7.38	--	303	223614	买盘
10:17:45	7.38	0.01	41	30258	买盘
10:17:42	7.37	-0.01	19	14003	卖盘
10:17:39	7.38	--	33	24354	买盘
10:17:36	7.38	--	60	44280	买盘
10:17:30	7.38	--	210	154980	买盘
10:17:27	7.38	0.01	13	9594	买盘
10:17:24	7.37	-0.01	30	22110	卖盘
10:17:21	7.38	--	15	11070	买盘
10:17:18	7.38	0.01	30	22140	买盘
10:17:15	7.37	--	19	14003	买盘
10:17:12	7.37	-0.01	62	45694	中性盘
10:17:06	7.38	0.01	111	81918	买盘
10:17:03	7.37	-0.01	104	76648	卖盘
10:17:00	7.38	--	713	526194	买盘
10:16:57	7.38	--	16	11808	买盘
10:16:54	7.38	--	38	28044	买盘
10:16:51	7.38	--	30	22140	买盘
10:16:48	7.38	--	20	14760	买盘
10:16:45	7.38	0.01	43	31734	买盘
10:16:42	7.37	-0.01	40	29480	卖盘
10:16:39	7.38	--	36	26568	买盘
10:16:36	7.38	--	194	143172	买盘
10:16:33	7.38	--	302	222876	买盘
10:16:30	7.38	--	206	152028	买盘
10:16:27	7.38	--	77	56826	买盘
10:16:24	7.38	0.01	131	96678	买盘
10:16:21	7.37	--	43	31691	卖盘
10:16:18	7.37	--	81	59697	卖盘
10:16:15	7.37	--	216	159192	卖盘
10:16:12	7.37	--	72	53064	卖盘
10:16:09	7.37	--	10	7370	买盘
10:16:06	7.37	-0.01	23	16951	卖盘
10:16:03	7.38	0.02	33	24354	买盘
10:16:00	7.36	-0.01	15	11040	卖盘
10:15:57	7.37	--	148	109076	买盘
10:15:54	7.37	--	19	14003	买盘
10:15:51	7.37	-0.01	159	117183	卖盘
10:15:48	7.38	-0.01	10	7380	买盘
10:15:45	7.39	--	207	152973	买盘
10:15:42	7.39	--	88	65032	买盘
10:15:39	7.39	--	69	50991	买盘
10:15:36	7.39	0.01	139	102721	买盘
10:15:33	7.38	--	10	7380	买盘
10:15:30	7.38	-0.01	26	19188	卖盘
10:15:27	7.39	0.02	365	269735	买盘
10:15:24	7.37	-0.01	876	645612	卖盘
10:15:21	7.38	--	45	33210	卖盘
10:15:18	7.38	--	33	24354	卖盘
10:15:15	7.38	0.02	203	149814	买盘
10:15:12	7.36	-0.02	80	58880	卖盘
10:15:09	7.38	0.01	16	11808	买盘
10:15:06	7.37	-0.01	69	50853	中性盘
10:15:03	7.38	--	267	197046	买盘
10:15:00	7.38	--	406	299628	买盘
10:14:57	7.38	--	425	313650	买盘
10:14:54	7.38	--	22	16236	买盘
10:14:51	7.38	0.01	10	7380	买盘
10:14:48	7.37	-0.01	86	63382	卖盘
10:14:42	7.38	--	13	9594	买盘
10:14:39	7.38	0.01	115	84870	买盘
10:14:36	7.37	--	128	94336	买盘
10:14:33	7.37	-0.02	120	89118	卖盘
10:14:30	7.39	0.01	168	124152	买盘
10:14:27	7.38	--	44	32472	卖盘
10:14:24	7.38	--	16	11808	卖盘
10:14:21	7.38	-0.01	490	362343	卖盘
10:14:18	7.39	--	21	15519	买盘
10:14:15	7.39	--	111	82029	买盘
10:14:12	7.39	--	36	26604	买盘
10:14:09	7.39	--	217	160363	买盘
10:14:06	7.39	0.01	61	45079	买盘
10:14:03	7.38	-0.01	42	30996	卖盘
10:14:00	7.39	--	104	76856	卖盘
10:13:57	7.39	--	159	117501	卖盘
10:13:54	7.39	0.01	68	50252	买盘
10:13:51	7.38	-0.01	421	310771	卖盘
10:13:48	7.39	--	84	62076	买盘
10:13:45	7.39	--	7	5173	买盘
10:13:42	7.39	--	649	479611	买盘
10:13:39	7.39	0.01	10	7390	买盘
10:13:36	7.38	-0.01	52	38376	卖盘
10:13:33	7.39	0.01	161	118979	买盘
10:13:30	7.38	--	49	36162	卖盘
10:13:27	7.38	-0.01	70	51660	卖盘
10:13:21	7.39	0.01	22	16258	买盘
10:13:18	7.38	--	84	61992	卖盘
10:13:15	7.38	--	222	163836	买盘
10:13:12	7.38	--	6	4428	买盘
10:13:09	7.38	--	89	65682	买盘
10:13:06	7.38	--	410	302580	卖盘
10:13:03	7.38	-0.01	117	86346	卖盘
10:13:00	7.39	--	35	25865	买盘
10:12:57	7.39	--	201	148539	买盘
10:12:54	7.39	--	395	291905	买盘
10:12:51	7.39	--	344	254216	买盘
10:12:48	7.39	--	62	45818	买盘
10:12:45	7.39	0.01	216	159624	中性盘
10:12:42	7.38	-0.01	57	42066	卖盘
10:12:39	7.39	-0.01	19	14041	卖盘
10:12:36	7.4	--	6	4440	买盘
10:12:33	7.4	0.02	35	25900	买盘
10:12:30	7.38	-0.02	101	74538	卖盘
10:12:27	7.4	0.02	148	109520	买盘
10:12:24	7.38	--	33	24354	卖盘
10:12:18	7.38	--	2473	1825074	买盘
10:12:15	7.38	--	549	405162	买盘
10:12:12	7.38	--	40	29520	买盘
10:12:09	7.38	--	120	88560	买盘
10:12:06	7.38	0.01	3	2214	买盘
10:12:03	7.37	-0.01	16	11792	卖盘
10:12:00	7.38	0.01	613	452394	买盘
10:11:57	7.37	--	280	206360	买盘
10:11:54	7.37	--	99	72963	买盘
10:11:51	7.37	--	461	339757	买盘
10:11:48	7.37	0.01	527	388399	买盘
10:11:45	7.36	--	11	8096	卖盘
10:11:39	7.36	0.01	94	69184	买盘
10:11:36	7.35	--	100	73500	卖盘
10:11:33	7.35	--	1185	870975	买盘
10:11:30	7.35	--	224	164640	买盘
10:11:27	7.35	--	59	43365	买盘
10:11:24	7.35	0.01	96	70560	买盘
10:11:21	7.34	--	105	77070	卖盘
10:11:18	7.34	--	59	43306	卖盘
10:11:15	7.34	--	1482	1088448	买盘
10:11:12	7.34	--	98	71932	买盘
10:11:09	7.34	--	61	44774	买盘
10:11:06	7.34	--	292	214328	买盘
10:11:03	7.34	--	330	242220	买盘
10:11:00	7.34	--	268	196712	买盘
10:10:57	7.34	--	666	488844	买盘
10:10:54	7.34	0.01	450	330300	买盘
10:10:51	7.33	-0.01	139	101887	卖盘
10:10:48	7.34	--	126	92484	买盘
10:10:45	7.34	--	222	162948	买盘
10:10:42	7.34	--	67	49178	买盘
10:10:39	7.34	--	136	99824	买盘
10:10:36	7.34	--	384	281856	买盘
10:10:33	7.34	--	136	99824	买盘
10:10:30	7.34	--	148	108632	买盘
10:10:27	7.34	--	77	56518	买盘
10:10:24	7.34	--	235	172490	买盘
10:10:21	7.34	--	207	151938	买盘
10:10:18	7.34	--	84	61656	买盘
10:10:15	7.34	0.02	91	66794	买盘
10:10:12	7.32	-0.01	204	149328	卖盘
10:10:09	7.33	--	600	439800	买盘
10:10:06	7.33	--	133	97489	买盘
10:10:03	7.33	--	123	90159	买盘
10:10:00	7.33	--	253	185449	买盘
10:09:57	7.33	--	41	30053	买盘
10:09:54	7.33	0.01	162	118746	买盘
10:09:51	7.32	--	46	33672	卖盘
10:09:48	7.32	--	102	74664	买盘
