成交时间	成交价	价格变动	成交量(手)	成交额(元)	性质
15:00:03	38.83	--	212	823196	买盘
14:57:00	38.83	--	0	0	买盘
14:56:57	38.83	0.01	4	15532	买盘
14:56:51	38.82	--	3	11646	买盘
14:56:45	38.82	--	1	3882	买盘
14:56:33	38.82	--	37	143634	买盘
14:56:30	38.82	0.01	1	3882	买盘
14:56:27	38.81	-0.01	3	11643	卖盘
14:56:24	38.82	--	54	209628	买盘
14:56:12	38.82	0.01	2	7764	中性盘
14:56:09	38.81	-0.03	7	27167	卖盘
14:56:06	38.84	0.01	30	116520	买盘
14:56:03	38.83	0.02	3	11649	中性盘
14:55:48	38.81	-0.03	3	11643	卖盘
14:55:45	38.84	0.02	2	7768	买盘
14:55:42	38.82	-0.02	1	3882	卖盘
14:55:36	38.84	0.02	5	19420	买盘
14:55:27	38.82	-0.02	29	112578	卖盘
14:55:18	38.84	0.01	58	225272	买盘
14:55:12	38.83	-0.01	3	11649	卖盘
14:55:09	38.84	--	2	7768	买盘
14:55:00	38.84	--	13	50492	买盘
14:54:39	38.84	--	50	194200	买盘
14:54:27	38.84	--	12	46608	买盘
14:54:24	38.84	--	3	11652	买盘
14:54:15	38.84	0.01	10	38840	买盘
14:54:03	38.83	0.01	128	497024	买盘
14:54:00	38.82	--	1	3882	卖盘
14:53:54	38.82	--	15	58230	买盘
14:53:51	38.82	--	7	27174	买盘
14:53:48	38.82	--	10	38820	买盘
14:53:39	38.82	--	5	19410	买盘
14:53:33	38.82	--	1	3882	卖盘
14:53:30	38.82	--	1	3882	中性盘
14:53:12	38.82	--	59	229038	买盘
14:53:03	38.82	--	34	131988	卖盘
14:52:42	38.82	--	6	23292	买盘
14:52:30	38.82	-0.02	2	7764	卖盘
14:52:21	38.84	--	2	7768	买盘
14:52:15	38.84	0.02	5	19420	买盘
14:52:09	38.82	-0.02	4	15528	卖盘
14:52:03	38.84	0.02	32	124288	买盘
14:52:00	38.82	0.02	2	7764	中性盘
14:51:48	38.8	--	0	776	卖盘
14:51:39	38.8	--	5	19400	卖盘
14:51:27	38.8	--	76	296509	买盘
14:51:24	38.8	--	2	7759	买盘
14:51:21	38.8	-0.05	21	83730	卖盘
14:51:18	38.85	0.04	10	38850	买盘
14:51:12	38.81	--	2	7762	买盘
14:51:03	38.81	0.01	1	3881	买盘
14:51:00	38.8	--	12	48189	买盘
14:50:30	38.8	0.02	1	3879	买盘
14:50:21	38.78	-0.02	9	34902	卖盘
14:50:18	38.8	--	10	38800	买盘
14:50:00	38.8	--	9	34920	买盘
14:49:54	38.8	--	5	19400	买盘
14:49:48	38.8	--	20	77600	卖盘
14:49:45	38.8	--	8	31039	买盘
14:49:42	38.8	--	2	7759	卖盘
14:49:39	38.8	--	23	89240	卖盘
14:49:24	38.8	-0.01	100	388000	卖盘
14:49:21	38.81	-0.04	45	174645	卖盘
14:49:18	38.85	0.05	27	104895	买盘
14:49:06	38.8	-0.04	18	69840	卖盘
14:49:03	38.84	0.04	2	7768	买盘
14:48:57	38.8	--	50	194000	卖盘
14:48:54	38.8	0.06	8	31039	买盘
14:48:42	38.74	-0.01	5	19370	卖盘
14:48:39	38.75	--	10	38750	买盘
14:48:30	38.75	-0.03	6	23250	卖盘
14:48:18	38.78	--	17	65926	卖盘
14:48:12	38.78	-0.02	13	50414	卖盘
14:48:03	38.8	-0.05	16	62079	中性盘
14:47:39	38.85	--	3	11655	买盘
14:47:12	38.85	0.05	30	116550	买盘
14:47:03	38.8	-0.04	308	1195040	卖盘
14:46:54	38.84	0.02	5	19420	买盘
14:46:45	38.82	-0.01	88	341616	卖盘
14:46:27	38.83	-0.01	17	66011	卖盘
14:46:21	38.84	0.01	2	7768	买盘
14:46:00	38.83	-0.01	4	15532	卖盘
14:45:42	38.84	0.01	14	54376	买盘
14:45:24	38.83	--	5	19415	卖盘
14:45:21	38.83	--	4	15532	买盘
14:45:09	38.83	--	5	19415	卖盘
14:45:06	38.83	--	1	3883	卖盘
14:45:03	38.83	--	3	11649	卖盘
14:45:00	38.83	--	4	15532	卖盘
14:44:54	38.83	--	1	3883	卖盘
14:44:21	38.83	-0.01	20	77660	卖盘
14:43:27	38.84	-0.01	5	19420	卖盘
14:43:12	38.85	--	1	3885	买盘
14:43:06	38.85	--	20	77700	买盘
14:42:54	38.85	--	6	23310	买盘
14:42:36	38.85	--	1	3885	买盘
14:42:24	38.85	-0.01	6	23310	卖盘
14:42:18	38.86	0.01	6	23316	买盘
14:42:09	38.85	--	14	54390	买盘
14:41:45	38.85	--	2	7770	买盘
14:41:09	38.85	--	2	7770	买盘
14:41:00	38.85	-0.01	3	11655	卖盘
14:40:57	38.86	0.01	2	7772	买盘
14:40:39	38.85	-0.01	1	3885	卖盘
14:40:36	38.86	--	5	19430	买盘
14:40:27	38.86	--	3	11658	买盘
14:40:24	38.86	-0.01	2	7772	中性盘
14:40:06	38.87	0.01	30	116609	买盘
14:40:03	38.86	0.01	4	15544	买盘
14:39:48	38.85	-0.02	5	19425	卖盘
14:39:42	38.87	0.01	39	151593	买盘
14:39:36	38.86	0.01	2	7772	买盘
14:39:27	38.85	--	13	50505	卖盘
14:39:18	38.85	-0.02	10	38850	卖盘
14:39:15	38.87	0.01	28	108836	买盘
14:39:03	38.86	0.01	7	27202	买盘
14:38:33	38.85	0.01	98	380730	买盘
14:38:30	38.84	--	20	77680	卖盘
14:38:27	38.84	--	3	11652	卖盘
14:38:24	38.84	0.01	33	128172	买盘
14:38:18	38.83	--	8	31064	买盘
14:38:15	38.83	--	4	15532	买盘
14:38:09	38.83	--	100	388300	买盘
14:38:00	38.83	0.01	5	19415	买盘
14:37:57	38.82	--	29	112578	买盘
14:37:51	38.82	--	2	7764	买盘
14:37:33	38.82	0.02	18	69876	买盘
14:37:06	38.8	0.05	4	15519	买盘
14:36:18	38.75	-0.05	5	19375	卖盘
14:36:06	38.8	--	1	3879	买盘
14:35:51	38.8	--	4	15519	卖盘
14:35:45	38.8	-0.02	4	15519	中性盘
14:35:12	38.82	0.07	13	50466	买盘
14:35:03	38.75	--	10	38750	卖盘
14:34:03	38.75	-0.07	5	19375	卖盘
14:34:00	38.82	0.07	7	27174	买盘
14:33:57	38.75	-0.05	4	15500	卖盘
14:33:45	38.8	0.04	200	776000	买盘
14:33:39	38.76	0.01	3	11628	买盘
14:33:18	38.75	--	17	65875	买盘
14:33:09	38.75	--	1	3875	买盘
14:33:03	38.75	--	1	3875	买盘
14:32:57	38.75	--	6	23250	卖盘
14:32:33	38.75	-0.03	20	77500	卖盘
14:32:03	38.78	0.03	5	19390	买盘
14:32:00	38.75	--	4	15500	卖盘
14:31:39	38.75	-0.01	3	11625	卖盘
14:31:27	38.76	-0.03	6	23256	卖盘
14:30:51	38.79	--	14	54306	卖盘
14:30:36	38.79	--	37	143523	买盘
14:30:03	38.79	-0.01	66	256014	卖盘
14:29:39	38.8	0.01	4	15519	买盘
14:29:30	38.79	-0.01	10	38790	卖盘
14:29:06	38.8	0.01	12	46560	买盘
14:28:51	38.79	-0.01	10	38790	卖盘
14:28:12	38.8	0.01	74	287120	买盘
14:27:57	38.79	-0.01	5	19395	中性盘
14:27:18	38.8	0.04	28	108639	买盘
14:27:15	38.76	--	50	193800	卖盘
14:26:39	38.76	-0.04	4	15504	卖盘
14:26:30	38.8	0.03	10	38800	买盘
14:26:27	38.77	-0.03	5	19385	中性盘
14:25:33	38.8	--	17	65960	卖盘
14:25:24	38.8	--	4	15519	卖盘
14:25:09	38.8	0.03	151	585880	买盘
14:25:03	38.77	--	8	31016	买盘
14:24:45	38.77	-0.03	5	19385	卖盘
14:24:30	38.8	-0.01	82	318160	卖盘
14:24:09	38.81	0.01	8	31048	买盘
14:24:06	38.8	-0.01	2	7759	卖盘
14:23:09	38.81	-0.01	10	38810	买盘
14:23:03	38.82	0.02	5	19410	买盘
14:22:39	38.8	--	3	11640	卖盘
14:22:21	38.8	0.03	44	170720	买盘
14:22:15	38.77	0.02	2	7754	买盘
14:21:54	38.75	--	3	11625	卖盘
14:21:48	38.75	-0.01	45	174375	卖盘
14:21:18	38.76	--	22	85272	买盘
14:21:00	38.76	--	1	3876	买盘
14:20:45	38.76	0.01	2	7752	买盘
14:20:30	38.75	0.01	25	96875	买盘
14:20:18	38.74	0.03	5	19370	中性盘
14:19:09	38.71	-0.04	50	193550	卖盘
14:19:03	38.75	0.02	100	387500	买盘
14:19:00	38.73	-0.01	5	19365	卖盘
14:18:39	38.74	--	20	77480	买盘
14:18:33	38.74	-0.01	5	19370	卖盘
14:18:24	38.75	0.01	100	387500	买盘
14:18:12	38.74	-0.01	10	38740	卖盘
14:17:54	38.75	-0.02	35	135625	卖盘
14:17:45	38.77	0.02	20	77540	买盘
14:17:33	38.75	-0.01	100	387500	卖盘
14:17:21	38.76	-0.01	10	38760	卖盘
14:17:18	38.77	--	3	11631	中性盘
14:16:57	38.77	--	5	19385	卖盘
14:16:42	38.77	-0.02	3	11631	卖盘
14:16:15	38.79	0.02	5	19395	中性盘
14:15:42	38.77	-0.03	2	7754	卖盘
14:15:27	38.8	--	5	19400	买盘
14:15:24	38.8	--	8	31039	卖盘
14:15:00	38.8	--	10	38800	卖盘
14:14:54	38.8	--	50	194000	卖盘
14:14:33	38.8	-0.03	20	77600	卖盘
14:14:27	38.83	0.03	4	15532	买盘
14:14:21	38.8	-0.01	30	116399	卖盘
14:14:15	38.81	0.01	2	7762	买盘
14:14:12	38.8	--	40	155200	卖盘
14:13:57	38.8	0.04	44	170720	买盘
14:13:54	38.76	--	1	3876	买盘
14:13:21	38.76	-0.04	4	15504	卖盘
14:12:57	38.8	--	4	15519	买盘
14:12:42	38.8	-0.03	14	54319	卖盘
14:12:39	38.83	--	6	23298	卖盘
14:12:33	38.83	--	30	116490	卖盘
14:12:30	38.83	--	1	3883	卖盘
14:12:21	38.83	0.03	6	23298	买盘
14:12:06	38.8	--	43	166840	卖盘
14:11:48	38.8	--	5	19400	卖盘
14:11:45	38.8	-0.03	5	19400	卖盘
14:11:39	38.83	0.03	4	15532	买盘
14:11:21	38.8	--	10	38800	卖盘
14:11:09	38.8	0.04	30	116399	中性盘
14:10:33	38.76	-0.07	30	116280	卖盘
14:10:12	38.83	--	21	81543	买盘
14:10:00	38.83	0.03	49	190267	买盘
14:09:45	38.8	--	46	178480	卖盘
14:09:36	38.8	--	1	3879	卖盘
14:09:24	38.8	-0.01	50	194000	卖盘
14:09:15	38.81	0.01	11	42691	中性盘
14:08:51	38.8	-0.07	40	155200	卖盘
14:08:42	38.87	--	4	15547	买盘
14:08:15	38.87	0.01	2	7773	买盘
14:08:12	38.86	--	9	34974	卖盘
14:08:09	38.86	-0.01	1	3886	卖盘
14:08:06	38.87	0.01	2	7773	买盘
14:07:51	38.86	0.03	2	7772	买盘
14:07:24	38.83	0.01	16	62128	买盘
14:07:06	38.82	0.02	14	54348	买盘
14:06:51	38.8	0.05	23	89240	卖盘
14:06:39	38.75	--	14	54250	买盘
14:06:36	38.75	-0.05	15	58125	卖盘
14:06:33	38.8	--	4	15519	买盘
14:06:30	38.8	--	3	11640	买盘
14:06:24	38.8	--	29	112519	买盘
14:06:21	38.8	--	14	54319	卖盘
14:06:09	38.8	-0.01	110	426799	卖盘
14:06:03	38.81	--	8	31048	买盘
14:05:54	38.81	--	4	15524	买盘
14:05:51	38.81	--	3	11643	买盘
14:05:48	38.81	--	6	23286	买盘
14:05:42	38.81	--	9	34929	买盘
14:05:33	38.81	-0.01	19	73739	卖盘
14:05:12	38.82	-0.01	2	7764	卖盘
14:05:03	38.83	--	4	15532	买盘
14:04:57	38.83	-0.04	10	38830	中性盘
14:04:03	38.87	--	8	31095	买盘
14:04:00	38.87	0.01	11	42757	买盘
14:03:57	38.86	--	24	93264	买盘
14:03:39	38.86	--	4	15544	买盘
14:03:36	38.86	0.04	35	136010	买盘
14:03:00	38.82	0.01	8	31056	买盘
14:02:54	38.81	0.01	1	3881	中性盘
14:02:51	38.8	--	10	38800	卖盘
14:02:36	38.8	-0.01	47	182360	卖盘
14:02:30	38.81	--	100	388100	买盘
14:02:27	38.81	0.01	4	15524	买盘
14:02:06	38.8	--	1	3879	卖盘
14:02:00	38.8	-0.01	1	3879	卖盘
14:01:51	38.81	-0.01	7	27167	中性盘
14:01:45	38.82	--	4	15528	买盘
14:01:27	38.82	--	4	15528	买盘
14:00:15	38.82	0.02	5	19448	买盘
14:00:12	38.8	-0.01	198	772081	卖盘
13:59:57	38.81	--	10	38810	卖盘
13:59:33	38.81	-0.01	9	34929	卖盘
13:59:30	38.82	--	9	34976	买盘
13:59:18	38.82	--	3	15489	卖盘
13:58:36	38.82	-0.05	8	31056	卖盘
13:58:33	38.87	--	1	3886	买盘
13:58:03	38.87	-0.01	4	15547	中性盘
13:56:57	38.88	0.06	4	15552	买盘
13:56:39	38.82	--	3	11646	卖盘
13:56:06	38.82	-0.06	0	38	卖盘
13:55:33	38.88	0.06	4	15552	买盘
13:55:18	38.82	-0.06	2	7764	卖盘
13:55:15	38.88	0.06	5	19440	买盘
13:55:06	38.82	-0.06	1	3882	卖盘
13:54:51	38.88	0.06	4	15552	买盘
13:54:42	38.82	-0.06	1	3882	卖盘
13:54:06	38.88	0.06	4	15552	买盘
13:53:39	38.82	-0.06	2	7764	卖盘
13:53:30	38.88	0.02	2	7776	买盘
13:53:18	38.86	-0.03	2	7772	中性盘
13:52:39	38.89	0.07	4	15556	买盘
13:52:30	38.82	-0.07	10	38820	卖盘
13:52:24	38.89	-0.01	1	3889	中性盘
13:52:09	38.9	0.08	6	23340	买盘
13:52:06	38.82	-0.08	1	3882	卖盘
13:51:54	38.9	--	4	15560	买盘
13:51:27	38.9	-0.01	84	328238	卖盘
13:51:24	38.91	0.01	4	15563	买盘
13:51:21	38.9	--	1	3890	卖盘
13:51:09	38.9	-0.01	3	11670	卖盘
13:51:03	38.91	0.01	4	15563	买盘
13:51:00	38.9	--	5	19450	卖盘
13:50:27	38.9	-0.01	20	77800	卖盘
13:50:24	38.91	--	20	77820	卖盘
13:50:15	38.91	0.01	7	29649	买盘
13:50:06	38.9	--	12	46680	买盘
13:49:57	38.9	--	11	42790	卖盘
13:49:48	38.9	--	10	38900	卖盘
13:49:42	38.9	--	1	3890	卖盘
13:49:12	38.9	--	8	31120	卖盘
13:49:06	38.9	0.1	298	1159220	买盘
13:48:54	38.8	-0.08	58	225039	卖盘
13:48:30	38.88	0.03	3	11664	买盘
13:48:09	38.85	0.05	1	3885	买盘
13:48:00	38.8	--	7	27159	卖盘
13:47:42	38.8	--	5	19400	卖盘
13:47:24	38.8	-0.02	10	38800	卖盘
13:47:15	38.82	0.01	4	15528	买盘
13:47:00	38.81	-0.01	5	19405	卖盘
13:46:30	38.82	--	6	23292	卖盘
13:46:18	38.82	-0.05	5	19410	卖盘
13:46:12	38.87	--	3	11661	卖盘
13:45:48	38.87	--	1	3886	买盘
13:45:18	38.87	-0.01	1	3886	卖盘
13:45:09	38.88	--	4	15552	买盘
13:44:21	38.88	--	4	15552	买盘
13:44:15	38.88	0.01	4	15552	买盘
13:44:00	38.87	0.02	50	194350	买盘
13:43:48	38.85	--	2	7770	买盘
13:43:42	38.85	0.03	1	3885	买盘
13:43:21	38.82	--	3	11646	买盘
13:43:09	38.82	--	3	11646	买盘
13:43:03	38.82	0.01	5	19410	买盘
13:42:24	38.81	0.01	0	1435	买盘
13:41:48	38.8	-0.01	14	54319	卖盘
13:41:42	38.81	--	3	11643	买盘
13:41:36	38.81	0.01	5	19405	买盘
13:41:18	38.8	--	1	3879	卖盘
13:41:00	38.8	0.05	47	182360	买盘
13:40:00	38.75	--	5	19375	中性盘
13:39:48	38.75	--	30	116250	卖盘
13:39:30	38.75	0.02	5	19375	中性盘
13:37:45	38.73	--	5	19365	卖盘
13:37:39	38.73	--	8	30983	买盘
13:37:36	38.73	--	3	11618	买盘
13:37:24	38.73	-0.08	69	267237	卖盘
13:37:09	38.81	--	11	45136	卖盘
13:36:51	38.81	--	1	3881	卖盘
13:36:42	38.81	--	5	20840	买盘
13:36:33	38.81	--	20	77620	买盘
13:35:54	38.81	--	22	85382	卖盘
13:35:39	38.81	-0.01	2	7762	卖盘
13:35:36	38.82	0.01	7	27174	买盘
13:35:30	38.81	-0.01	6	23286	卖盘
13:35:06	38.82	-0.03	3	11646	卖盘
13:34:48	38.85	--	30	116550	买盘
13:34:42	38.85	-0.02	4	15540	中性盘
13:34:21	38.87	0.02	2	7773	买盘
13:33:57	38.85	-0.02	2	7770	中性盘
13:33:12	38.87	0.02	1	3886	买盘
13:33:09	38.85	--	4	15540	买盘
13:33:06	38.85	-0.03	6	23310	卖盘
13:32:54	38.88	0.03	5	19440	买盘
13:32:48	38.85	--	15	58275	卖盘
13:32:39	38.85	--	5	19425	买盘
13:32:06	38.85	--	5	19425	卖盘
13:31:21	38.85	--	15	58275	买盘
13:30:42	38.85	--	5	19425	卖盘
13:30:27	38.85	--	25	97125	卖盘
13:30:09	38.85	--	1	3885	卖盘
13:30:06	38.85	--	22	85470	买盘
13:29:45	38.85	-0.03	11	42735	卖盘
13:29:27	38.88	--	15	58320	买盘
13:29:21	38.88	-0.01	1	3888	卖盘
13:28:45	38.89	--	17	66113	买盘
13:28:36	38.89	0.01	4	15556	买盘
13:28:24	38.88	-0.01	2	7776	卖盘
13:28:00	38.89	--	5	19445	买盘
13:27:57	38.89	-0.01	9	35001	中性盘
13:27:48	38.9	--	10	38900	买盘
13:27:45	38.9	--	7	27230	买盘
13:27:33	38.9	0.01	9	35010	买盘
13:27:27	38.89	-0.01	4	15556	中性盘
13:27:15	38.9	--	8	31120	买盘
13:27:12	38.9	0.05	10	38900	买盘
13:27:06	38.85	--	20	77700	买盘
13:26:57	38.85	0.05	50	194250	买盘
13:26:42	38.8	--	15	58199	卖盘
13:26:27	38.8	0.05	10	38800	买盘
13:26:21	38.75	--	2	7750	卖盘
13:26:12	38.75	--	29	112375	买盘
13:26:00	38.75	-0.05	11	42625	买盘
13:25:48	38.8	--	38	147440	卖盘
13:25:33	38.8	-0.1	50	194000	卖盘
13:25:21	38.9	--	7	27230	买盘
13:25:15	38.9	0.1	4	15560	买盘
13:25:12	38.8	-0.1	10	38800	卖盘
13:25:00	38.9	--	16	62240	买盘
13:24:57	38.9	--	8	31120	买盘
13:24:51	38.9	-0.01	3	11670	卖盘
13:24:48	38.91	0.01	59	229568	买盘
13:24:45	38.9	--	2	7780	卖盘
13:24:42	38.9	--	10	38900	卖盘
13:24:36	38.9	-0.01	10	38900	卖盘
13:24:33	38.91	--	8	31127	买盘
13:24:24	38.91	--	17	66147	卖盘
13:24:21	38.91	--	17	66147	买盘
13:24:12	38.91	--	4	15563	买盘
13:24:09	38.91	--	3	11672	卖盘
13:24:06	38.91	--	5	19455	卖盘
13:24:00	38.91	--	60	233459	卖盘
13:23:51	38.91	--	4	15563	卖盘
13:23:36	38.91	-0.05	50	194549	卖盘
13:23:27	38.96	--	3	11688	卖盘
13:23:24	38.96	-0.01	2	7792	卖盘
13:23:21	38.97	0.01	2	7794	买盘
13:23:03	38.96	--	3	11688	卖盘
13:22:57	38.96	--	2	7792	卖盘
13:22:48	38.96	--	2	7792	卖盘
13:22:39	38.96	0.03	37	144152	买盘
13:22:36	38.93	-0.03	2	7786	卖盘
13:22:33	38.96	0.03	4	15584	买盘
13:22:27	38.93	-0.03	3	11679	卖盘
13:22:24	38.96	0.03	2	7792	买盘
13:22:21	38.93	--	1	3893	卖盘
13:22:09	38.93	--	2	7786	卖盘
13:22:06	38.93	--	3	11679	卖盘
13:21:57	38.93	--	3	11679	买盘
13:21:48	38.93	-0.04	2	7786	卖盘
13:21:39	38.97	--	30	116910	买盘
13:21:30	38.97	--	3	11691	中性盘
13:21:24	38.97	-0.01	11	42867	卖盘
13:21:18	38.98	0.01	14	54571	买盘
13:21:12	38.97	--	1	3897	买盘
13:21:09	38.97	--	7	27279	买盘
13:21:00	38.97	--	4	15588	买盘
13:20:54	38.97	0.01	2	7794	买盘
13:20:51	38.96	0.03	20	77920	买盘
13:20:48	38.93	0.03	6	23358	买盘
13:20:33	38.9	0.02	22	85580	买盘
13:20:30	38.88	--	1	3888	买盘
13:20:24	38.88	0.02	250	972000	买盘
13:20:18	38.86	--	13	50518	买盘
13:20:15	38.86	--	10	38860	买盘
13:20:06	38.86	0.03	19	73834	买盘
13:20:00	38.83	--	13	50479	卖盘
13:19:57	38.83	0.05	127	493141	买盘
13:19:54	38.78	-0.01	1	3878	卖盘
13:19:51	38.79	0.01	24	93096	买盘
13:19:12	38.78	--	4	18769	买盘
13:19:00	38.78	0.01	8	31024	买盘
13:18:57	38.77	--	20	77540	买盘
13:18:51	38.77	0.01	8	31016	买盘
13:18:45	38.76	--	7	27132	买盘
13:18:39	38.76	0.05	5	19380	买盘
13:18:30	38.71	--	1	3871	买盘
13:17:57	38.71	--	1	3871	卖盘
13:17:33	38.71	-0.04	2	7742	卖盘
13:17:09	38.75	--	14	54250	卖盘
13:16:36	38.75	-0.02	6	23250	卖盘
13:16:18	38.77	--	7	27139	买盘
13:16:06	38.77	--	15	58697	卖盘
13:15:51	38.77	--	1	3877	卖盘
13:15:39	38.77	-0.01	2	7754	卖盘
13:15:27	38.78	--	4	15512	买盘
13:15:21	38.78	-0.01	1	3878	卖盘
13:14:42	38.79	--	1	3879	卖盘
13:14:33	38.79	--	2	7758	买盘
13:14:30	38.79	0.01	9	34911	买盘
13:14:24	38.78	-0.01	1	3878	卖盘
13:14:21	38.79	--	25	96975	买盘
13:14:15	38.79	0.01	6	23274	买盘
13:14:09	38.78	--	13	50414	买盘
13:13:54	38.78	-0.01	9	34902	卖盘
13:13:36	38.79	0.01	12	46548	买盘
13:13:24	38.78	--	3	11634	卖盘
13:13:21	38.78	--	11	42658	买盘
13:13:15	38.78	--	8	31024	买盘
13:13:06	38.78	--	5	19390	卖盘
13:12:57	38.78	--	4	15512	卖盘
13:12:48	38.78	-0.01	1	3878	中性盘
13:12:36	38.79	0.02	8	31032	买盘
13:12:33	38.77	--	5	19385	卖盘
13:12:27	38.77	--	10	38770	卖盘
13:12:15	38.77	--	6	25510	卖盘
13:11:57	38.77	--	2	7754	卖盘
13:11:45	38.77	-0.03	2	7754	卖盘
13:11:24	38.8	-0.01	37	143560	卖盘
13:11:09	38.81	--	1	3881	卖盘
13:10:54	38.81	--	5	19405	卖盘
13:10:30	38.81	0.01	4	15524	买盘
13:10:21	38.8	0.03	8	31039	买盘
13:10:09	38.77	-0.03	6	23262	卖盘
13:10:00	38.8	0.03	24	93120	买盘
13:09:30	38.77	-0.02	5	19385	卖盘
13:09:27	38.79	0.02	13	50427	买盘
13:09:21	38.77	--	100	387700	卖盘
13:09:09	38.77	-0.02	80	310160	卖盘
13:08:54	38.79	0.02	3	11637	买盘
13:08:42	38.77	--	20	77540	卖盘
13:08:24	38.77	-0.01	10	38770	卖盘
13:08:18	38.78	0.01	5	19390	卖盘
13:08:06	38.77	--	44	170588	卖盘
13:08:03	38.77	--	17	65909	卖盘
13:07:57	38.77	--	10	38770	卖盘
13:07:51	38.77	--	5	19385	卖盘
13:07:12	38.77	-0.01	1	3877	卖盘
13:07:00	38.78	--	1	3878	买盘
13:06:57	38.78	-0.01	7	27146	卖盘
13:06:48	38.79	--	2	7758	买盘
13:06:45	38.79	0.01	20	77580	买盘
13:06:30	38.78	-0.01	1	3878	卖盘
13:06:06	38.79	-0.01	5	19395	卖盘
13:06:03	38.8	0.01	7	27159	买盘
13:05:39	38.79	--	21	81459	买盘
13:05:36	38.79	--	7	27153	买盘
13:05:33	38.79	--	9	34911	买盘
13:05:27	38.79	0.02	19	73701	买盘
13:05:24	38.77	-0.01	1	3877	卖盘
13:05:15	38.78	0.01	1	3878	买盘
13:05:12	38.77	-0.01	3	11631	卖盘
13:05:09	38.78	0.01	7	27146	买盘
13:05:03	38.77	-0.01	2	7754	卖盘
13:05:00	38.78	-0.01	4	15512	卖盘
13:04:45	38.79	0.02	1	3879	买盘
13:04:36	38.77	--	10	38770	卖盘
13:04:30	38.77	-0.03	3	11631	卖盘
13:04:12	38.8	--	13	50439	卖盘
13:03:57	38.8	--	7	27159	买盘
13:03:48	38.8	-0.02	2	7759	中性盘
13:03:21	38.82	--	1	3882	中性盘
13:02:51	38.82	--	25	97050	卖盘
13:02:48	38.82	0.04	75	291150	买盘
13:02:42	38.78	0.01	29	112462	买盘
13:02:30	38.77	--	3	11631	卖盘
13:02:24	38.77	--	8	31016	卖盘
13:02:18	38.77	-0.01	12	46524	卖盘
13:01:27	38.78	--	100	387800	买盘
13:00:51	38.78	--	3	11634	买盘
13:00:45	38.78	--	2	7756	买盘
13:00:33	38.78	0.01	4	15512	买盘
13:00:21	38.77	--	34	131818	卖盘
13:00:06	38.77	0.02	85	330630	买盘
13:00:03	38.75	0.11	66	255750	买盘
13:00:00	38.64	-0.06	4	15456	卖盘
11:30:00	38.7	0.07	1	3870	买盘
11:29:12	38.63	--	5	19315	卖盘
11:29:03	38.63	--	2	7726	卖盘
11:29:00	38.63	--	22	84986	买盘
11:28:54	38.63	0.01	7	27041	买盘
11:28:36	38.62	--	3	11586	卖盘
11:28:21	38.62	--	8	30895	买盘
11:28:00	38.62	--	1	3861	买盘
11:27:48	38.62	--	10	38620	买盘
11:27:24	38.62	0.02	5	19310	买盘
11:27:15	38.6	--	5	19300	买盘
11:27:00	38.6	--	1	3860	买盘
11:26:39	38.6	--	4	15440	买盘
11:26:33	38.6	0.01	4	15440	买盘
11:26:12	38.59	--	2	7718	买盘
11:26:06	38.59	0.02	30	115770	买盘
11:25:42	38.57	-0.01	1	3857	卖盘
11:25:24	38.58	--	20	77160	买盘
11:23:57	38.58	--	1	3858	买盘
11:23:39	38.58	--	8	30864	卖盘
11:22:57	38.58	--	7	27006	买盘
11:21:54	38.58	--	1	3858	买盘
11:21:36	38.58	0.02	4	15432	买盘
11:21:06	38.56	--	5	19280	卖盘
11:20:57	38.56	--	14	53984	买盘
11:20:48	38.56	--	11	42416	卖盘
11:20:30	38.56	-0.01	1	3856	卖盘
11:20:12	38.57	-0.01	3	11571	中性盘
11:20:00	38.58	--	5	19290	买盘
11:19:57	38.58	0.02	1	3858	买盘
11:19:51	38.56	-0.02	3	11568	卖盘
11:19:06	38.58	--	37	142746	买盘
11:18:54	38.58	--	1	3858	买盘
11:18:06	38.58	--	3	11574	买盘
11:17:54	38.58	--	3	11574	买盘
11:16:57	38.58	--	101	389658	买盘
11:16:51	38.58	0.03	6	23148	买盘
11:16:45	38.55	-0.03	14	53969	卖盘
11:16:15	38.58	0.03	3	11574	买盘
11:16:00	38.55	-0.03	8	30839	卖盘
11:15:57	38.58	0.03	3	11574	买盘
11:15:51	38.55	-0.03	2	7709	卖盘
11:15:48	38.58	--	93	358794	买盘
11:15:39	38.58	--	12	46296	买盘
11:14:54	38.58	0.03	1	3858	买盘
11:14:51	38.55	--	13	50114	买盘
11:14:12	38.55	0.04	12	46260	买盘
11:14:00	38.51	0.02	2	7702	买盘
11:13:57	38.49	--	10	38490	卖盘
11:13:51	38.49	--	10	38490	买盘
11:13:00	38.49	--	1	3849	买盘
11:12:51	38.49	-0.01	4	15396	卖盘
11:12:48	38.5	--	1	3850	中性盘
11:12:00	38.5	-0.01	1	3850	中性盘
11:11:00	38.51	--	6	23106	买盘
11:10:42	38.51	0.02	11	42361	中性盘
11:10:18	38.49	0.04	4	15396	卖盘
11:09:42	38.45	-0.02	2	7690	买盘
11:09:36	38.47	-0.1	8	30776	卖盘
11:09:24	38.57	--	27	104139	卖盘
11:09:09	38.57	--	2	7714	卖盘
11:09:03	38.57	-0.01	2	7714	卖盘
11:09:00	38.58	-0.01	5	19290	卖盘
11:08:27	38.59	0.01	3	11577	买盘
11:08:09	38.58	-0.01	5	19290	卖盘
11:07:57	38.59	-0.04	15	57885	卖盘
11:07:51	38.63	--	5	19315	买盘
11:07:39	38.63	--	16	61808	卖盘
11:07:30	38.63	0.01	2	7726	卖盘
11:07:24	38.62	0.03	2	7723	中性盘
11:07:15	38.59	0.01	3	11577	中性盘
11:06:39	38.58	-0.06	1	3858	卖盘
11:05:42	38.64	--	30	115920	卖盘
11:05:27	38.64	--	3	11592	卖盘
11:05:09	38.64	--	6	23184	卖盘
11:04:54	38.64	-0.11	100	386400	卖盘
11:04:39	38.75	--	42	162750	卖盘
11:04:33	38.75	-0.02	3	11625	卖盘
11:04:18	38.77	-0.01	3	14422	卖盘
11:04:12	38.78	0.03	23	90279	买盘
11:04:09	38.75	--	3	11625	卖盘
11:04:03	38.75	--	3	11625	卖盘
11:04:00	38.75	-0.02	58	224750	卖盘
11:03:51	38.77	0.02	17	65909	买盘
11:03:45	38.75	-0.03	22	85250	卖盘
11:03:42	38.78	0.02	130	504140	买盘
11:03:39	38.76	0.01	15	58140	买盘
11:03:30	38.75	--	1	3875	卖盘
11:03:24	38.75	0.05	3	11625	买盘
11:03:21	38.7	-0.05	4	15480	卖盘
11:03:18	38.75	0.05	1	3875	买盘
11:03:15	38.7	--	5	19350	卖盘
11:03:00	38.7	0.02	8	30960	买盘
11:02:51	38.68	--	2	7736	买盘
11:02:45	38.68	0.01	9	34812	买盘
11:02:36	38.67	--	1	3867	买盘
11:02:27	38.67	0.01	10	38670	买盘
11:02:24	38.66	--	5	19330	买盘
11:02:18	38.66	0.02	130	502579	买盘
11:02:09	38.64	--	15	57960	买盘
11:01:51	38.64	--	4	15456	买盘
11:01:24	38.64	--	4	15456	买盘
11:01:18	38.64	--	3	11592	买盘
11:00:54	38.64	--	8	30912	卖盘
11:00:51	38.64	-0.01	1	3864	卖盘
11:00:45	38.65	0.01	10	38650	买盘
11:00:42	38.64	0.01	91	351624	买盘
11:00:30	38.63	--	10	38630	买盘
11:00:27	38.63	--	9	34767	买盘
11:00:21	38.63	--	8	30904	买盘
11:00:18	38.63	0.01	10	38630	买盘
10:59:51	38.62	--	7	27034	买盘
10:59:48	38.62	0.02	26	100412	买盘
10:59:39	38.6	-0.02	2	7720	卖盘
10:59:27	38.62	--	4	15447	买盘
10:59:24	38.62	0.02	10	38620	买盘
10:59:21	38.6	0.02	6	23160	中性盘
10:59:03	38.58	-0.04	4	15432	中性盘
10:58:48	38.62	--	6	23172	买盘
10:58:42	38.62	--	7	27034	买盘
10:58:30	38.62	0.01	8	30895	买盘
10:58:06	38.61	-0.01	2	7722	中性盘
10:58:00	38.62	0.01	7	27034	买盘
10:57:48	38.61	0.04	10	38610	买盘
10:57:33	38.57	-0.03	15	57855	卖盘
10:57:30	38.6	--	2	7720	中性盘
10:57:06	38.6	0.03	10	38600	买盘
10:57:00	38.57	-0.01	3	11571	卖盘
10:56:51	38.58	0.01	5	19290	中性盘
10:56:33	38.57	-0.01	30	115710	卖盘
10:56:15	38.58	--	5	19290	卖盘
10:56:03	38.58	--	5	19290	卖盘
10:55:57	38.58	-0.04	1	3858	中性盘
10:55:48	38.62	--	15	57929	买盘
10:55:33	38.62	--	1	3861	买盘
10:54:54	38.62	--	16	61791	买盘
10:54:36	38.62	0.02	18	69516	买盘
10:54:33	38.6	0.03	9	34740	买盘
10:54:30	38.57	-0.03	10	38570	卖盘
10:54:06	38.6	0.03	7	27020	买盘
10:54:03	38.57	-0.03	1	3857	卖盘
10:53:48	38.6	-0.02	70	270200	中性盘
10:53:36	38.62	0.07	3	11586	买盘
10:53:27	38.55	-0.05	5	19275	卖盘
10:53:15	38.6	0.05	50	193000	买盘
10:52:51	38.55	-0.01	95	366225	卖盘
10:52:45	38.56	--	3	11568	买盘
10:52:36	38.56	--	2	7712	买盘
10:52:30	38.56	--	1	3856	买盘
10:52:21	38.56	--	9	34704	买盘
10:52:12	38.56	0.01	40	154240	买盘
10:51:36	38.55	--	15	57824	买盘
10:51:33	38.55	--	10	38550	买盘
10:51:30	38.55	0.04	13	50114	买盘
10:51:18	38.51	0.01	5	19255	买盘
10:50:54	38.5	--	129	499999	买盘
10:50:45	38.5	--	6	23100	买盘
10:50:33	38.5	0.04	204	785400	买盘
10:50:15	38.46	--	2	7692	买盘
10:49:36	38.46	0.02	12	46152	买盘
10:49:18	38.44	0.01	14	53816	买盘
10:49:03	38.43	--	26	99918	卖盘
10:48:48	38.43	--	2	7686	卖盘
10:48:45	38.43	0.05	14	53802	买盘
10:48:36	38.38	-0.05	1	3838	卖盘
10:48:12	38.43	--	6	23058	卖盘
10:48:09	38.43	--	8	30744	买盘
10:47:57	38.43	--	2	7686	卖盘
10:47:48	38.43	-0.02	1	3843	卖盘
10:47:00	38.45	--	5	19225	买盘
10:46:45	38.45	--	21	80745	卖盘
10:46:33	38.45	--	1	3845	卖盘
10:46:03	38.45	0.02	9	34605	买盘
10:46:00	38.43	--	5	19215	卖盘
10:45:45	38.43	--	1	3843	卖盘
10:45:42	38.43	--	10	38430	卖盘
10:45:21	38.43	0.01	70	269010	买盘
10:45:03	38.42	--	3	11526	卖盘
10:44:48	38.42	--	5	19210	卖盘
10:44:24	38.42	--	5	19210	卖盘
10:44:15	38.42	--	47	180574	卖盘
10:44:09	38.42	--	7	26894	卖盘
10:44:06	38.42	--	2	7684	卖盘
10:43:54	38.42	--	2	7684	卖盘
10:42:42	38.42	--	2	7684	卖盘
10:42:15	38.42	--	35	134470	买盘
10:42:12	38.42	0.1	10	38420	买盘
10:39:33	38.32	-0.08	2	7664	卖盘
10:39:24	38.4	--	3	11520	买盘
10:39:18	38.4	--	2	7680	卖盘
10:39:09	38.4	--	6	23040	卖盘
10:39:00	38.4	--	10	38400	卖盘
10:38:57	38.4	-0.03	18	69120	卖盘
10:38:54	38.43	0.03	8	30744	买盘
10:38:48	38.4	--	3	11520	卖盘
10:38:39	38.4	--	2	7680	卖盘
10:38:27	38.4	--	7	26880	卖盘
10:38:15	38.4	--	5	19200	卖盘
10:37:12	38.4	0.08	46	176640	买盘
10:36:24	38.32	-0.01	14	53648	卖盘
10:35:48	38.33	0.01	6	22998	买盘
10:35:06	38.32	-0.01	3	11496	卖盘
10:34:18	38.33	-0.02	4	15332	卖盘
10:34:15	38.35	--	5	19175	买盘
10:32:03	38.35	0.03	5	19175	中性盘
10:30:33	38.32	--	2	7664	卖盘
10:29:30	38.32	-0.03	3	11496	卖盘
10:29:00	38.35	0.03	5	19175	买盘
10:28:57	38.32	0.02	11	42152	中性盘
10:27:45	38.3	-0.01	32	122559	卖盘
10:27:42	38.31	-0.01	9	34479	卖盘
10:27:12	38.32	--	7	26824	买盘
10:27:09	38.32	-0.08	3	11496	卖盘
10:26:48	38.4	0.1	7	26880	中性盘
10:26:39	38.3	-0.12	26	99579	卖盘
10:26:36	38.42	0.03	26	99892	中性盘
10:25:42	38.39	-0.04	2	7678	中性盘
10:25:30	38.43	-0.02	16	61488	卖盘
10:25:18	38.45	--	17	65365	卖盘
10:24:51	38.45	-0.02	5	19225	卖盘
10:24:48	38.47	0.02	1	3847	买盘
10:24:39	38.45	--	10	38450	卖盘
10:24:33	38.45	0.01	23	88435	买盘
10:24:24	38.44	0.14	8	30752	买盘
10:24:18	38.3	--	6	22980	卖盘
10:24:00	38.3	--	3	11490	买盘
10:23:48	38.3	--	2	7659	买盘
10:23:21	38.3	--	50	191500	买盘
10:23:06	38.3	--	6	22980	买盘
10:22:51	38.3	0.01	1	3829	买盘
10:22:30	38.29	--	20	76580	卖盘
10:22:27	38.29	--	3	11487	中性盘
10:21:48	38.29	0.12	8	30632	买盘
10:21:42	38.17	-0.12	10	38170	买盘
10:21:39	38.29	0.17	90	344610	买盘
10:21:36	38.12	-0.05	7	26684	卖盘
10:21:06	38.17	0.05	2	7634	买盘
10:21:00	38.12	--	65	249228	买盘
10:20:42	38.12	--	121	461251	买盘
10:20:24	38.12	0.01	10	38120	买盘
10:20:21	38.11	-0.01	140	535902	卖盘
10:20:09	38.12	--	8	30495	卖盘
10:19:09	38.12	-0.05	26	99112	卖盘
10:19:06	38.17	0.04	18	68706	买盘
10:18:48	38.13	--	10	38130	卖盘
10:18:36	38.13	-0.03	3	11439	卖盘
10:18:33	38.16	--	9	34344	买盘
10:18:09	38.16	-0.01	26	99215	中性盘
10:16:45	38.17	--	6	22902	买盘
10:16:30	38.17	0.05	30	114510	买盘
10:16:24	38.12	-0.05	1	3811	卖盘
10:16:12	38.17	--	150	572550	买盘
10:16:09	38.17	--	10	38170	买盘
10:15:54	38.17	0.06	20	76340	买盘
10:15:45	38.11	--	35	133385	卖盘
10:15:18	38.11	--	3	11433	卖盘
10:15:06	38.11	--	94	359682	买盘
10:15:03	38.11	--	1	3811	买盘
10:14:51	38.11	--	10	38110	买盘
10:14:39	38.11	--	10	38110	买盘
10:14:33	38.11	--	305	1162355	买盘
10:14:30	38.11	0.11	300	1143300	买盘
10:13:51	38.0	-0.1	22	83600	卖盘
10:13:39	38.1	0.01	15	57150	买盘
10:13:21	38.09	-0.01	8	30472	买盘
10:12:54	38.1	0.02	50	190500	买盘
10:12:48	38.08	-0.01	3	11424	中性盘
10:12:42	38.09	--	10	38090	买盘
10:12:27	38.09	--	1	3809	买盘
10:12:21	38.09	0.04	3	11427	买盘
10:12:12	38.05	0.05	9	34245	买盘
10:11:51	38.0	0.03	1	3800	买盘
10:11:48	37.97	--	10	37970	买盘
10:11:27	37.97	0.03	3	11391	买盘
10:11:09	37.94	0.01	10	37940	买盘
10:11:03	37.93	-0.01	8	30344	卖盘
10:11:00	37.94	--	20	75880	买盘
10:10:54	37.94	0.01	8	30352	买盘
10:10:21	37.93	--	2	7586	买盘
10:10:09	37.93	0.15	8	30344	中性盘
10:09:33	37.78	-0.16	70	264460	卖盘
10:09:27	37.94	--	20	75880	买盘
10:09:21	37.94	--	2	7588	买盘
10:09:15	37.94	--	3	11382	买盘
10:09:00	37.94	--	2	7588	卖盘
10:08:51	37.94	--	3	11382	买盘
10:07:57	37.94	-0.03	3	11382	中性盘
10:07:27	37.97	-0.01	5	18985	中性盘
10:07:18	37.98	--	4	15191	买盘
10:07:15	37.98	--	15	56969	卖盘
10:07:12	37.98	--	40	151920	卖盘
10:07:00	37.98	-0.02	15	56969	卖盘
10:06:57	38.0	--	31	117800	买盘
10:06:36	38.0	-0.02	21	79800	卖盘
10:06:30	38.02	0.02	3	11406	买盘
10:05:39	38.0	-0.02	90	342000	卖盘
10:05:33	38.02	--	3	11406	买盘
10:05:27	38.02	-0.01	9	34218	卖盘
10:05:09	38.03	-0.02	6	22818	卖盘
10:04:39	38.05	-0.01	5	19025	卖盘
10:04:06	38.06	--	10	38060	卖盘
10:04:00	38.06	--	1	3806	卖盘
10:03:33	38.06	--	23	87538	卖盘
10:03:24	38.06	--	6	22836	卖盘
10:03:06	38.06	-0.13	40	152240	卖盘
10:02:42	38.19	0.01	1	3819	买盘
10:02:27	38.18	-0.01	5	19090	中性盘
10:02:09	38.19	--	1	3819	买盘
10:01:33	38.19	--	2	7638	卖盘
10:01:18	38.19	0.09	28	106932	买盘
10:00:54	38.1	-0.09	3	11430	卖盘
09:59:48	38.19	--	4	15276	买盘
09:59:03	38.19	0.11	6	22914	买盘
09:57:51	38.08	-0.12	23	87584	卖盘
09:57:33	38.2	0.14	11	42020	买盘
09:57:09	38.06	-0.14	1	3806	卖盘
09:57:03	38.2	0.14	4	15280	买盘
09:56:21	38.06	--	5	19030	卖盘
09:56:18	38.06	--	39	148434	卖盘
09:55:48	38.06	-0.14	10	38060	卖盘
09:55:42	38.2	0.04	7	26740	买盘
09:55:36	38.16	--	23	87767	买盘
09:54:57	38.16	--	7	26711	买盘
09:54:45	38.16	0.05	9	34344	买盘
09:54:30	38.11	--	1	3811	买盘
09:54:21	38.11	--	1	3811	买盘
09:54:18	38.11	0.08	2	7622	买盘
09:54:15	38.03	-0.08	7	26621	卖盘
09:54:09	38.11	0.08	2	7622	买盘
09:53:51	38.03	--	2	7606	买盘
09:53:39	38.03	-0.08	5	19015	卖盘
09:53:24	38.11	--	4	15244	卖盘
09:53:03	38.11	-0.02	8	30488	卖盘
09:52:45	38.13	-0.03	3	11439	卖盘
09:52:42	38.16	--	10	38160	买盘
09:52:39	38.16	--	5	19080	买盘
09:52:30	38.16	--	5	19080	卖盘
09:52:06	38.16	-0.04	34	129743	卖盘
09:51:54	38.2	--	10	38200	买盘
09:51:39	38.2	-0.01	112	427840	卖盘
09:51:36	38.21	0.01	4	15284	买盘
09:51:30	38.2	-0.01	16	61120	卖盘
09:51:06	38.21	0.01	1	3821	买盘
09:51:03	38.2	-0.01	12	45840	卖盘
09:51:00	38.21	--	2	7642	买盘
09:50:57	38.21	--	1	3821	买盘
09:50:54	38.21	--	4	15284	买盘
09:50:51	38.21	--	4	15284	买盘
09:50:48	38.21	0.01	2	7642	买盘
09:50:45	38.2	--	5	19100	卖盘
09:50:42	38.2	0.02	10	38200	买盘
09:50:39	38.18	-0.02	6	22908	卖盘
09:50:30	38.2	--	2	7640	买盘
09:50:27	38.2	-0.01	1	3820	卖盘
09:50:21	38.21	0.01	1	3821	买盘
09:49:03	38.2	--	2	7640	买盘
09:48:51	38.2	--	18	68760	卖盘
09:48:45	38.2	-0.04	2	7640	卖盘
09:48:21	38.24	-0.06	10	38240	卖盘
09:48:15	38.3	--	20	76600	买盘
09:48:06	38.3	-0.04	6	22980	卖盘
09:48:00	38.34	0.04	3	11502	买盘
09:47:57	38.3	-0.03	19	72770	卖盘
09:47:45	38.33	--	9	34497	卖盘
09:47:36	38.33	--	2	7666	卖盘
09:47:27	38.33	--	10	38330	卖盘
09:47:03	38.33	-0.02	20	76660	卖盘
09:47:00	38.35	-0.01	2	7670	卖盘
09:46:48	38.36	--	1	3836	买盘
09:46:42	38.36	-0.04	7	26852	卖盘
09:46:33	38.4	0.04	5	19200	买盘
09:46:30	38.36	-0.04	3	11508	卖盘
09:46:12	38.4	-0.03	34	130560	卖盘
09:46:00	38.43	0.03	10	38430	中性盘
09:45:39	38.4	-0.06	30	115200	卖盘
09:45:30	38.46	0.06	18	69228	买盘
09:45:24	38.4	-0.06	16	61440	卖盘
09:45:12	38.46	--	8	30768	卖盘
09:45:09	38.46	--	10	38460	卖盘
09:44:57	38.46	0.01	12	46152	卖盘
09:44:30	38.45	--	14	53830	买盘
09:44:27	38.45	--	6	23070	卖盘
09:44:09	38.45	--	14	53830	买盘
09:44:06	38.45	0.04	10	38450	买盘
09:44:00	38.41	--	45	172844	卖盘
09:43:54	38.41	-0.03	10	38410	卖盘
09:43:48	38.44	-0.01	34	130695	中性盘
09:43:36	38.45	--	2	7690	买盘
09:43:30	38.45	--	9	34605	卖盘
09:43:09	38.45	0.05	5	19225	卖盘
09:43:00	38.4	-0.1	5	19200	卖盘
09:42:51	38.5	--	14	53900	买盘
09:42:45	38.5	--	4	15400	买盘
09:42:39	38.5	--	3	12050	卖盘
09:42:30	38.5	--	10	38500	卖盘
09:42:27	38.5	--	31	122699	买盘
09:42:15	38.5	0.1	4	15400	买盘
09:42:12	38.4	-0.04	12	46579	卖盘
09:42:06	38.44	--	14	57160	买盘
09:41:57	38.44	-0.01	13	49972	买盘
09:41:54	38.45	-0.05	14	53830	卖盘
09:41:51	38.5	--	17	65450	买盘
09:41:42	38.5	-0.05	22	84815	卖盘
09:41:39	38.55	0.02	2	7709	买盘
09:41:27	38.53	--	7	26971	卖盘
09:41:24	38.53	--	1	3853	卖盘
09:41:21	38.53	0.01	5	19265	中性盘
09:41:00	38.52	--	6	23112	卖盘
09:40:54	38.52	-0.03	10	38520	卖盘
09:40:51	38.55	0.03	1	3854	买盘
09:40:39	38.52	--	52	204040	买盘
09:40:27	38.52	--	5	19260	买盘
09:40:24	38.52	--	4	15408	买盘
09:40:21	38.52	--	23	88711	卖盘
09:40:18	38.52	-0.08	2	7704	卖盘
09:40:15	38.6	--	7	27020	买盘
09:40:12	38.6	--	18	69480	卖盘
09:40:09	38.6	--	9	34740	卖盘
09:39:57	38.6	--	27	104220	卖盘
09:39:54	38.6	0.08	52	200720	买盘
09:39:51	38.52	-0.08	1	3852	卖盘
09:39:48	38.6	--	74	285640	买盘
09:39:39	38.6	-0.06	36	138960	卖盘
09:39:36	38.66	0.06	5	19330	买盘
09:39:30	38.6	--	3	11580	卖盘
09:39:24	38.6	--	10	38600	卖盘
09:39:21	38.6	0.02	40	154400	买盘
09:39:18	38.58	--	20	77160	买盘
09:39:15	38.58	0.06	10	38580	买盘
09:39:12	38.52	--	7	26964	卖盘
09:39:00	38.52	0.04	45	177076	买盘
09:38:54	38.48	0.03	34	130831	买盘
09:38:51	38.45	--	5	19225	卖盘
09:38:45	38.45	--	5	19225	卖盘
09:38:42	38.45	0.05	12	46140	买盘
09:38:36	38.4	--	3	11520	卖盘
09:38:21	38.4	-0.05	3	11520	卖盘
09:38:18	38.45	0.05	6	23070	买盘
09:38:09	38.4	--	1	3840	卖盘
09:38:06	38.4	--	61	234240	买盘
09:37:51	38.4	0.04	100	384000	买盘
09:37:45	38.36	--	104	398944	卖盘
09:37:42	38.36	--	1	3836	卖盘
09:37:39	38.36	0.06	2	7672	买盘
09:37:21	38.3	--	2	7659	卖盘
09:37:18	38.3	--	2	7659	卖盘
09:37:15	38.3	--	7	28380	买盘
09:37:12	38.3	0.03	5	19150	买盘
09:37:06	38.27	--	2	7654	卖盘
09:36:54	38.27	--	25	95675	买盘
09:36:51	38.27	--	3	11481	买盘
09:36:48	38.27	--	5	19135	买盘
09:36:39	38.27	0.05	4	15308	买盘
09:36:30	38.22	-0.05	26	99372	卖盘
09:36:24	38.27	0.05	100	382700	买盘
09:36:21	38.22	0.01	20	76440	买盘
09:36:15	38.21	0.01	3	11463	卖盘
09:36:03	38.2	--	3	11460	买盘
09:35:51	38.2	0.02	33	126060	买盘
09:35:48	38.18	--	1	3818	买盘
09:35:33	38.18	0.05	10	38180	买盘
09:35:21	38.13	0.07	4	15252	买盘
09:35:15	38.06	--	20	76120	卖盘
09:35:03	38.06	0.06	2	7612	中性盘
09:33:51	38.0	-0.06	10	38000	卖盘
09:33:15	38.06	-0.07	1	3806	中性盘
09:32:54	38.13	0.13	28	106764	买盘
09:32:51	38.0	--	4	15200	卖盘
09:32:15	38.0	0.02	10	38000	中性盘
09:32:00	37.98	--	8	30383	买盘
09:31:42	37.98	--	5	18990	卖盘
09:31:24	37.98	--	1	3797	卖盘
09:31:21	37.98	--	8	30383	买盘
09:30:18	37.98	-0.21	2	7595	中性盘
09:30:03	38.19	-0.01	17	64922	中性盘
09:30:00	38.2	--	0	0	买盘
09:25:03	38.2	38.2	102	389640	买盘
