成交时间	成交价	价格变动	成交量(手)	成交额(元)	性质
15:00:03	45.05	--	352	1585760	买盘
14:57:00	45.05	0.01	23	103615	买盘
14:56:57	45.04	--	6	27024	卖盘
14:56:54	45.04	-0.01	2	9008	卖盘
14:56:51	45.05	--	7	31534	买盘
14:56:48	45.05	--	6	27030	买盘
14:56:42	45.05	0.01	12	54060	买盘
14:56:39	45.04	--	3	13512	卖盘
14:56:30	45.04	-0.01	21	94584	卖盘
14:56:24	45.05	0.04	28	126139	买盘
14:56:18	45.01	--	10	45010	卖盘
14:56:15	45.01	--	5	22505	卖盘
14:56:12	45.01	0.01	30	135030	买盘
14:56:09	45.0	--	2	9000	卖盘
14:56:00	45.0	0.01	74	333000	买盘
14:55:54	44.99	--	7	31493	买盘
14:55:51	44.99	--	10	44990	买盘
14:55:45	44.99	--	20	89980	卖盘
14:55:39	44.99	--	1	4499	卖盘
14:55:33	44.99	0.02	2	8998	卖盘
14:55:24	44.97	-0.03	10	44970	卖盘
14:55:21	45.0	--	21	94500	买盘
14:55:15	45.0	--	11	49500	买盘
14:55:12	45.0	0.01	20	90000	买盘
14:55:09	44.99	--	31	139469	卖盘
14:54:57	44.99	0.01	1	4499	卖盘
14:54:51	44.98	-0.01	10	44980	卖盘
14:54:48	44.99	--	7	31493	卖盘
14:54:45	44.99	--	38	170962	买盘
14:54:39	44.99	0.01	27	121473	买盘
14:54:30	44.98	-0.01	12	53975	卖盘
14:54:27	44.99	--	2	8998	买盘
14:54:24	44.99	--	10	44990	买盘
14:54:18	44.99	--	6	26994	买盘
14:54:15	44.99	--	16	71984	买盘
14:54:12	44.99	--	3	13497	买盘
14:54:00	44.99	--	3	13497	买盘
14:53:57	44.99	-0.01	5	22495	卖盘
14:53:54	45.0	0.02	51	229500	买盘
14:53:51	44.98	-0.01	3	13493	卖盘
14:53:48	44.99	--	50	224950	买盘
14:53:45	44.99	--	5	22495	买盘
14:53:39	44.99	--	2	8998	买盘
14:53:33	44.99	--	6	26994	买盘
14:53:27	44.99	--	13	58487	卖盘
14:53:06	44.99	0.03	9	40491	买盘
14:53:03	44.96	-0.01	3	13488	卖盘
14:53:00	44.97	-0.02	1	4497	中性盘
14:52:54	44.99	0.03	53	238447	买盘
14:52:48	44.96	--	2	8992	卖盘
14:52:42	44.96	-0.02	88	395648	卖盘
14:52:39	44.98	0.01	22	98956	买盘
14:52:36	44.97	--	33	148401	卖盘
14:52:27	44.97	0.01	1	4497	买盘
14:52:24	44.96	-0.02	9	40464	卖盘
14:52:15	44.98	0.02	23	103454	买盘
14:52:09	44.96	-0.01	10	44960	卖盘
14:52:03	44.97	--	19	85443	卖盘
14:51:57	44.97	0.01	42	188874	买盘
14:51:54	44.96	--	1	4496	卖盘
14:51:51	44.96	-0.01	20	89920	卖盘
14:51:24	44.97	0.01	1	4497	买盘
14:51:18	44.96	--	1	4496	卖盘
14:51:15	44.96	--	35	160552	买盘
14:51:09	44.96	--	2	8992	买盘
14:51:03	44.96	0.01	10	44960	买盘
14:51:00	44.95	-0.01	4	17980	卖盘
14:50:54	44.96	--	9	40464	买盘
14:50:51	44.96	--	5	23783	卖盘
14:50:42	44.96	--	1	7688	买盘
14:50:36	44.96	0.01	16	71936	买盘
14:50:30	44.95	-0.01	29	130355	卖盘
14:50:27	44.96	-0.01	2	8992	中性盘
14:50:18	44.97	--	1	4497	买盘
14:50:03	44.97	0.01	18	80946	买盘
14:50:00	44.96	--	9	40464	卖盘
14:49:57	44.96	0.01	1	4496	中性盘
14:49:36	44.95	-0.02	1	4495	卖盘
14:49:18	44.97	0.02	10	44970	买盘
14:49:06	44.95	--	1	4495	卖盘
14:49:03	44.95	--	5	22475	卖盘
14:48:54	44.95	--	3	13485	买盘
14:48:51	44.95	--	1	4495	买盘
14:48:48	44.95	--	3	13485	买盘
14:48:42	44.95	--	55	247225	卖盘
14:48:39	44.95	--	1	4495	卖盘
14:48:36	44.95	-0.03	26	116870	卖盘
14:48:33	44.98	0.03	6	26987	买盘
14:48:27	44.95	-0.01	2	8990	卖盘
14:48:21	44.96	--	1	4496	中性盘
14:48:09	44.96	0.01	7	31472	买盘
14:48:03	44.95	-0.01	5	22475	中性盘
14:47:54	44.96	0.01	57	256272	买盘
14:47:51	44.95	-0.01	17	76415	卖盘
14:47:48	44.96	0.01	1	4496	买盘
14:47:33	44.95	--	2	8990	卖盘
14:47:21	44.95	--	1	4495	卖盘
14:47:15	44.95	--	5	22475	卖盘
14:47:12	44.95	-0.01	4	17980	卖盘
14:47:00	44.96	0.01	5	22480	买盘
14:46:57	44.95	--	20	89900	卖盘
14:46:51	44.95	--	2	8990	卖盘
14:46:42	44.95	--	2	8990	卖盘
14:46:39	44.95	--	28	125860	买盘
14:46:36	44.95	--	3	13485	买盘
14:46:27	44.95	0.01	2	8990	买盘
14:46:21	44.94	--	2	8988	卖盘
14:46:06	44.94	-0.01	3	13482	卖盘
14:45:57	44.95	0.01	10	44950	买盘
14:45:51	44.94	--	3	13482	卖盘
14:45:48	44.94	--	8	37884	买盘
14:45:36	44.94	--	26	116844	卖盘
14:45:21	44.94	--	14	62916	买盘
14:45:18	44.94	--	6	26964	买盘
14:45:09	44.94	--	7	31458	卖盘
14:44:57	44.94	0.02	1	4494	中性盘
14:44:30	44.92	--	9	40428	卖盘
14:44:00	44.92	--	4	17968	买盘
14:43:57	44.92	--	1	4492	买盘
14:43:54	44.92	--	5	22460	买盘
14:43:48	44.92	0.01	14	62888	中性盘
14:43:33	44.91	-0.02	32	143712	卖盘
14:43:27	44.93	0.01	20	89860	买盘
14:43:24	44.92	-0.01	1	4492	中性盘
14:43:15	44.93	0.02	10	44930	买盘
14:43:09	44.91	-0.02	50	224549	卖盘
14:43:03	44.93	-0.03	4	17972	卖盘
14:42:51	44.96	0.03	46	206816	买盘
14:42:48	44.93	0.02	2	8986	中性盘
14:42:30	44.91	-0.04	50	224549	卖盘
14:42:27	44.95	0.02	15	71605	买盘
14:42:21	44.93	0.01	1	4493	买盘
14:42:18	44.92	-0.01	8	35936	卖盘
14:42:15	44.93	--	3	13479	买盘
14:42:12	44.93	--	10	44930	买盘
14:42:06	44.93	-0.01	15	67395	卖盘
14:42:00	44.94	0.01	1	4494	买盘
14:41:51	44.93	0.01	11	49423	中性盘
14:41:42	44.92	--	2	8984	卖盘
14:41:36	44.92	-0.03	92	413264	卖盘
14:41:33	44.95	--	3	13485	买盘
14:41:30	44.95	--	15	67425	买盘
14:41:18	44.95	0.01	3	13485	买盘
14:41:15	44.94	0.01	31	139314	买盘
14:41:06	44.93	0.01	12	53916	买盘
14:41:03	44.92	-0.01	2	8984	卖盘
14:40:57	44.93	0.01	1	4493	买盘
14:40:54	44.92	--	2	8984	卖盘
14:40:51	44.92	-0.01	8	35936	卖盘
14:40:48	44.93	0.01	5	22465	中性盘
14:40:39	44.92	-0.01	3	13476	卖盘
14:40:33	44.93	-0.02	1	6424	卖盘
14:40:30	44.95	0.03	6	26970	买盘
14:40:18	44.92	-0.03	2	8984	卖盘
14:40:15	44.95	--	1	4495	买盘
14:40:06	44.95	--	1	4495	买盘
14:40:03	44.95	--	1	6742	卖盘
14:40:00	44.95	-0.01	5	22475	卖盘
14:39:57	44.96	--	22	98912	买盘
14:39:54	44.96	0.01	50	224800	买盘
14:39:51	44.95	-0.01	7	35061	卖盘
14:39:45	44.96	0.01	10	44960	买盘
14:39:42	44.95	--	11	49445	卖盘
14:39:39	44.95	--	27	121365	卖盘
14:39:36	44.95	-0.01	6	26970	卖盘
14:39:33	44.96	--	5	22480	买盘
14:39:21	44.96	--	18	80928	卖盘
14:39:15	44.96	--	2	8992	卖盘
14:39:06	44.96	0.01	2	8992	买盘
14:39:00	44.95	--	44	197780	卖盘
14:38:57	44.95	-0.02	4	17980	卖盘
14:38:54	44.97	--	2	8994	买盘
14:38:48	44.97	--	35	157395	卖盘
14:38:45	44.97	-0.02	3	13491	卖盘
14:38:39	44.99	0.01	50	224950	买盘
14:38:36	44.98	--	32	143936	卖盘
14:38:33	44.98	--	4	17992	卖盘
14:38:24	44.98	--	4	17992	卖盘
14:38:18	44.98	-0.02	10	44980	卖盘
14:38:15	45.0	0.01	24	108000	买盘
14:38:06	44.99	--	24	110540	卖盘
14:38:03	44.99	--	7	31493	卖盘
14:37:57	44.99	--	10	44990	卖盘
14:37:54	44.99	--	59	267375	卖盘
14:37:48	44.99	--	10	44990	卖盘
14:37:33	44.99	--	4	17996	卖盘
14:37:30	44.99	0.01	5	22495	卖盘
14:37:27	44.98	--	2	8996	卖盘
14:37:24	44.98	-0.02	7	31485	卖盘
14:37:18	45.0	0.02	20	90000	买盘
14:37:15	44.98	--	8	35984	卖盘
14:37:12	44.98	--	60	269880	卖盘
14:37:03	44.98	-0.01	21	94458	卖盘
14:37:00	44.99	--	1	4499	卖盘
14:36:54	44.99	-0.01	34	152966	卖盘
14:36:39	45.0	--	7	31500	买盘
14:36:27	45.0	-0.01	25	112500	卖盘
14:36:24	45.01	-0.02	7	31507	卖盘
14:36:21	45.03	0.02	10	45030	买盘
14:36:09	45.01	--	6	27006	卖盘
14:35:42	45.01	-0.02	4	18004	卖盘
14:35:36	45.03	--	5	22515	买盘
14:35:21	45.03	--	5	22515	卖盘
14:35:15	45.03	-0.01	2	9006	卖盘
14:35:12	45.04	0.01	4	18016	买盘
14:35:06	45.03	--	7	31521	卖盘
14:35:00	45.03	--	12	54036	卖盘
14:34:51	45.03	0.03	6	27018	中性盘
14:34:27	45.0	--	37	166500	买盘
14:34:18	45.0	-0.03	13	58500	卖盘
14:34:15	45.03	--	24	108072	买盘
14:34:00	45.03	--	2	9006	买盘
14:33:24	45.03	--	1	4503	卖盘
14:33:15	45.03	--	2	9006	卖盘
14:33:00	45.03	0.04	2	9006	买盘
14:32:51	44.99	0.01	2	8998	中性盘
14:32:33	44.98	--	20	89960	卖盘
14:32:18	44.98	-0.02	10	44980	卖盘
14:32:06	45.0	0.01	92	414000	买盘
14:31:48	44.99	--	3	13497	卖盘
14:31:42	44.99	--	2	8998	买盘
14:31:21	44.99	-0.01	2	8998	中性盘
14:31:18	45.0	0.01	10	45000	买盘
14:31:15	44.99	--	1	4499	中性盘
14:31:12	44.99	--	5	22495	卖盘
14:31:06	44.99	0.01	5	22495	买盘
14:31:03	44.98	-0.02	1	4498	卖盘
14:30:51	45.0	0.01	5	22500	买盘
14:30:48	44.99	-0.01	50	224950	卖盘
14:30:36	45.0	0.01	1	4500	买盘
14:30:33	44.99	--	53	238447	卖盘
14:30:24	44.99	-0.01	2	8998	卖盘
14:30:18	45.0	0.01	3	13500	买盘
14:30:15	44.99	-0.01	1	4499	卖盘
14:30:09	45.0	0.01	3	13500	买盘
14:30:00	44.99	-0.01	3	13497	卖盘
14:29:54	45.0	--	1	4500	买盘
14:29:42	45.0	--	16	72000	卖盘
14:29:39	45.0	--	4	18000	卖盘
14:29:36	45.0	--	5	22500	卖盘
14:29:27	45.0	--	24	108000	卖盘
14:29:24	45.0	--	1	4500	卖盘
14:29:21	45.0	--	3	13500	卖盘
14:29:09	45.0	--	4	18000	卖盘
14:29:03	45.0	--	12	54000	卖盘
14:28:57	45.0	--	4	18000	卖盘
14:28:51	45.0	--	8	36000	卖盘
14:28:30	45.0	-0.04	6	27000	卖盘
14:28:27	45.04	0.03	1	4504	买盘
14:28:09	45.01	-0.02	124	558124	卖盘
14:28:03	45.03	0.01	7	31521	买盘
14:28:00	45.02	--	10	45020	卖盘
14:27:54	45.02	--	2	9004	卖盘
14:27:42	45.02	-0.01	4	18008	卖盘
14:27:39	45.03	--	3	13509	买盘
14:27:24	45.03	--	6	27018	卖盘
14:27:21	45.03	-0.01	10	45030	卖盘
14:27:06	45.04	--	12	54048	买盘
14:27:00	45.04	0.01	1	4504	买盘
14:26:57	45.03	--	10	45030	卖盘
14:26:51	45.03	-0.01	10	45030	卖盘
14:26:45	45.04	--	1	4504	买盘
14:26:24	45.04	--	1	4504	中性盘
14:26:12	45.04	--	15	67560	卖盘
14:26:09	45.04	--	2	9008	卖盘
14:26:00	45.04	0.01	14	63056	买盘
14:25:54	45.03	-0.01	1	4503	卖盘
14:25:36	45.04	--	4	18016	卖盘
14:25:24	45.04	--	10	45040	卖盘
14:25:12	45.04	--	1	4504	卖盘
14:25:09	45.04	--	4	18016	买盘
14:25:00	45.04	--	1	4504	买盘
14:24:45	45.04	--	2	9008	买盘
14:24:39	45.04	0.02	1	4504	中性盘
14:24:03	45.02	--	20	90040	卖盘
14:23:33	45.02	--	9	40518	买盘
14:23:30	45.02	--	4	18008	买盘
14:23:27	45.02	--	5	22510	买盘
14:23:09	45.02	--	8	36016	卖盘
14:22:51	45.02	-0.04	57	256614	卖盘
14:22:36	45.06	0.01	5	22530	买盘
14:22:30	45.05	-0.01	1	4505	中性盘
14:22:24	45.06	--	7	31542	买盘
14:22:12	45.06	--	2	9012	买盘
14:22:09	45.06	0.01	3	13518	中性盘
14:22:03	45.05	-0.02	6	27030	卖盘
14:22:00	45.07	--	3	13521	买盘
14:21:42	45.07	0.02	110	495770	买盘
14:21:36	45.05	-0.01	4	18020	卖盘
14:21:24	45.06	--	3	13518	买盘
14:21:18	45.06	0.01	1	4506	买盘
14:21:03	45.05	0.03	3	13515	买盘
14:21:00	45.02	--	3	13506	买盘
14:20:57	45.02	--	1	4502	买盘
14:20:48	45.02	-0.03	9	40518	卖盘
14:20:24	45.05	--	2	9010	卖盘
14:19:57	45.05	--	3	13515	卖盘
14:19:54	45.05	--	8	36040	卖盘
14:19:30	45.05	-0.02	3	13515	卖盘
14:19:27	45.07	--	5	22535	买盘
14:19:21	45.07	--	10	45070	买盘
14:19:06	45.07	-0.01	1	4507	中性盘
14:19:00	45.08	--	11	49588	买盘
14:18:48	45.08	--	8	36064	买盘
14:18:45	45.08	0.03	4	18032	买盘
14:18:27	45.05	--	2	9010	卖盘
14:18:09	45.05	0.01	32	144160	买盘
14:17:54	45.04	0.02	6	27024	买盘
14:17:39	45.02	-0.02	6	27012	中性盘
14:17:21	45.04	0.02	2	9008	买盘
14:16:45	45.02	0.01	2	9004	买盘
14:16:42	45.01	-0.01	1	4501	卖盘
14:16:39	45.02	--	10	45020	买盘
14:16:30	45.02	0.01	10	45020	买盘
14:16:12	45.01	--	2	9002	买盘
14:16:06	45.01	0.01	1	4501	买盘
14:15:54	45.0	--	2	9000	卖盘
14:15:33	45.0	--	1	4500	卖盘
14:15:30	45.0	--	2	9000	卖盘
14:15:18	45.0	--	41	184500	卖盘
14:15:15	45.0	--	1	4500	卖盘
14:14:48	45.0	-0.01	17	76500	卖盘
14:14:36	45.01	--	1	4501	买盘
14:14:30	45.01	--	2	9002	买盘
14:14:21	45.01	--	11	49511	买盘
14:14:18	45.01	--	13	58513	卖盘
14:14:09	45.01	--	3	13503	卖盘
14:13:45	45.01	-0.01	15	67515	卖盘
14:13:39	45.02	0.01	1	4502	买盘
14:13:36	45.01	-0.01	1	4501	卖盘
14:13:21	45.02	--	27	121554	卖盘
14:13:06	45.02	--	5	22510	卖盘
14:12:54	45.02	0.01	42	189084	买盘
14:12:45	45.01	-0.01	1	4501	卖盘
14:12:33	45.02	0.01	4	18008	买盘
14:12:30	45.01	--	12	54012	卖盘
14:12:27	45.01	-0.01	5	22505	卖盘
14:12:24	45.02	--	1	4502	买盘
14:11:54	45.02	0.02	2	9004	买盘
14:11:36	45.0	-0.01	36	162000	卖盘
14:11:33	45.01	-0.01	10	45010	卖盘
14:11:30	45.02	0.01	5	22510	买盘
14:11:24	45.01	--	12	54012	买盘
14:11:18	45.01	--	2	9002	买盘
14:11:09	45.01	--	4	18004	买盘
14:11:06	45.01	--	3	13503	卖盘
14:11:03	45.01	--	4	18004	卖盘
14:10:51	45.01	--	3	13503	买盘
14:10:42	45.01	--	26	117026	买盘
14:10:36	45.01	--	2	9002	买盘
14:10:33	45.01	--	33	148533	买盘
14:10:24	45.01	0.01	17	76517	买盘
14:10:18	45.0	-0.01	93	418500	卖盘
14:09:57	45.01	-0.01	33	148533	卖盘
14:09:30	45.02	0.02	14	63028	买盘
14:09:27	45.0	-0.03	14	63000	卖盘
14:09:24	45.03	--	3	13509	卖盘
14:09:21	45.03	0.03	49	220647	买盘
14:09:12	45.0	-0.04	139	625500	卖盘
14:09:06	45.04	0.04	15	67560	买盘
14:08:57	45.0	-0.04	90	405000	卖盘
14:08:45	45.04	--	2	9008	买盘
14:08:33	45.04	0.02	6	27024	买盘
14:08:30	45.02	-0.02	10	45020	卖盘
14:08:03	45.04	--	52	234208	买盘
14:07:54	45.04	0.02	16	72064	买盘
14:07:42	45.02	0.02	24	108048	买盘
14:06:57	45.0	0.01	117	526500	买盘
14:06:51	44.99	0.01	4	17996	买盘
14:06:45	44.98	--	4	17992	买盘
14:06:33	44.98	0.01	6	26987	买盘
14:06:27	44.97	--	2	8994	卖盘
14:06:03	44.97	-0.01	10	44970	卖盘
14:05:48	44.98	0.01	2	8996	中性盘
14:05:15	44.97	-0.02	81	366145	卖盘
14:05:06	44.99	--	10	44990	卖盘
14:04:57	44.99	--	2	8998	卖盘
14:04:51	44.99	-0.01	4	17996	卖盘
14:04:39	45.0	--	18	81000	卖盘
14:04:33	45.0	-0.01	3	13500	卖盘
14:04:21	45.01	--	1	4501	买盘
14:04:12	45.01	-0.01	21	94521	买盘
14:03:21	45.02	0.03	3	13506	买盘
14:03:03	44.99	--	5	22495	买盘
14:03:00	44.99	--	10	44990	买盘
14:02:57	44.99	--	2	8998	买盘
14:02:45	44.99	--	5	22495	买盘
14:02:42	44.99	--	1	4499	买盘
14:02:33	44.99	0.01	1	4499	买盘
14:02:18	44.98	-0.01	30	134940	卖盘
14:02:09	44.99	--	3	13497	买盘
14:02:00	44.99	--	5	22495	买盘
14:01:57	44.99	-0.01	12	53988	卖盘
14:01:42	45.0	--	1	4500	买盘
14:01:30	45.0	-0.04	112	504000	卖盘
14:01:06	45.04	--	8	36032	买盘
14:00:57	45.04	-0.01	129	581016	卖盘
14:00:54	45.05	-0.02	25	115328	卖盘
14:00:27	45.07	--	5	22535	卖盘
14:00:15	45.07	--	18	82928	买盘
14:00:06	45.07	--	1	4507	买盘
14:00:00	45.07	-0.04	21	97351	卖盘
13:59:39	45.11	0.01	22	99242	买盘
13:59:27	45.1	-0.01	1	4510	卖盘
13:59:12	45.11	0.03	6	27066	买盘
13:58:57	45.08	--	5	22540	卖盘
13:58:54	45.08	0.01	10	45080	中性盘
13:58:39	45.07	--	13	60393	卖盘
13:58:30	45.07	--	20	90140	买盘
13:58:24	45.07	--	30	135210	买盘
13:58:21	45.07	--	100	450700	卖盘
13:58:09	45.07	-0.04	3	13521	卖盘
13:57:54	45.11	0.04	25	112775	买盘
13:57:51	45.07	-0.04	5	22535	卖盘
13:57:48	45.11	--	8	36088	卖盘
13:57:42	45.11	--	25	112775	卖盘
13:57:39	45.11	0.04	17	76687	买盘
13:57:21	45.07	-0.02	5	22535	卖盘
13:57:15	45.09	0.02	5	22545	卖盘
13:57:03	45.07	--	5	22535	买盘
13:56:36	45.07	-0.05	5	22535	卖盘
13:56:24	45.12	--	10	45120	卖盘
13:56:18	45.12	--	10	45120	卖盘
13:56:12	45.12	--	14	63168	卖盘
13:56:09	45.12	0.07	6	27072	买盘
13:55:54	45.05	--	3	13515	买盘
13:55:51	45.05	0.01	12	54060	中性盘
13:55:30	45.04	--	1	4504	卖盘
13:55:24	45.04	--	24	108096	买盘
13:55:15	45.04	-0.01	15	67560	买盘
13:55:12	45.05	-0.08	61	274805	卖盘
13:55:09	45.13	--	3	13539	买盘
13:54:39	45.13	0.05	12	54156	买盘
13:54:33	45.08	-0.05	6	27048	卖盘
13:54:18	45.13	--	8	36104	买盘
13:54:15	45.13	0.03	5	22565	买盘
13:54:12	45.1	0.03	1	4510	中性盘
13:54:00	45.07	--	5	22535	卖盘
13:53:51	45.07	-0.01	2	9014	卖盘
13:53:48	45.08	--	1	4508	买盘
13:53:36	45.08	--	32	144256	卖盘
13:53:27	45.08	--	1	4508	买盘
13:53:21	45.08	--	20	90160	卖盘
13:53:18	45.08	--	2	9016	卖盘
13:52:54	45.08	-0.07	2	9016	卖盘
13:52:48	45.15	0.08	15	67725	买盘
13:52:45	45.07	-0.09	5	22535	卖盘
13:52:30	45.16	0.01	17	76772	买盘
13:52:27	45.15	0.01	5	22575	买盘
13:52:24	45.14	-0.01	1	4514	卖盘
13:52:18	45.15	--	2	9030	买盘
13:52:09	45.15	0.01	7	31605	买盘
13:51:57	45.14	--	4	18056	买盘
13:51:48	45.14	0.07	74	334036	买盘
13:51:45	45.07	0.02	1	4507	买盘
13:51:36	45.05	0.05	14	63069	买盘
13:51:21	45.0	-0.01	5	22500	卖盘
13:51:03	45.01	0.01	1	4501	买盘
13:51:00	45.0	-0.01	4	18000	卖盘
13:50:48	45.01	0.01	2	9002	买盘
13:50:12	45.0	0.03	6	27000	买盘
13:50:09	44.97	--	1	4497	卖盘
13:49:51	44.97	-0.03	2	8994	卖盘
13:49:45	45.0	0.03	14	63000	买盘
13:49:42	44.97	--	11	49467	买盘
13:49:33	44.97	--	1	4497	卖盘
13:48:54	44.97	-0.04	2	8994	卖盘
13:48:39	45.01	0.01	100	450100	买盘
13:48:27	45.0	--	11	49500	买盘
13:48:12	45.0	--	11	49500	买盘
13:48:03	45.0	--	5	22500	买盘
13:48:00	45.0	--	67	301500	卖盘
13:47:39	45.0	--	1	4500	卖盘
13:47:33	45.0	--	6	27000	卖盘
13:47:27	45.0	--	25	112500	卖盘
13:47:24	45.0	--	10	45000	卖盘
13:47:15	45.0	-0.01	3	13500	卖盘
13:47:06	45.01	-0.01	73	328573	卖盘
13:46:57	45.02	-0.01	30	135060	卖盘
13:46:48	45.03	--	10	45030	买盘
13:46:36	45.03	--	1	4503	买盘
13:46:18	45.03	--	8	36024	卖盘
13:46:15	45.03	--	1	4503	卖盘
13:46:09	45.03	-0.02	2	9006	卖盘
13:45:57	45.05	0.01	23	103615	买盘
13:45:54	45.04	-0.01	20	90080	卖盘
13:45:42	45.05	--	1	4505	卖盘
13:45:33	45.05	--	5	22525	卖盘
13:45:18	45.05	--	4	18020	买盘
13:45:15	45.05	--	16	72080	卖盘
13:45:12	45.05	-0.02	28	126139	卖盘
13:45:00	45.07	--	7	31549	买盘
13:44:57	45.07	-0.01	1	4507	中性盘
13:44:42	45.08	0.03	1	4508	买盘
13:44:33	45.05	--	5	22525	卖盘
13:44:30	45.05	--	6	27030	买盘
13:44:27	45.05	--	3	13515	买盘
13:44:21	45.05	-0.03	1	4505	卖盘
13:44:06	45.08	--	1	4508	买盘
13:43:57	45.08	0.03	10	45080	买盘
13:43:51	45.05	--	2	9010	买盘
13:43:45	45.05	--	5	22525	买盘
13:43:30	45.05	--	10	45050	买盘
13:43:21	45.05	--	6	27030	买盘
13:43:12	45.05	--	4	18020	买盘
13:43:03	45.05	--	5	22525	买盘
13:42:57	45.05	--	14	65773	卖盘
13:42:51	45.05	--	1	6307	买盘
13:42:45	45.05	--	3	13515	买盘
13:42:39	45.05	--	2	9010	买盘
13:42:33	45.05	--	15	67575	买盘
13:42:24	45.05	--	4	18020	买盘
13:42:15	45.05	--	15	67575	买盘
13:42:09	45.05	--	41	184705	买盘
13:42:03	45.05	--	1	4505	买盘
13:42:00	45.05	0.01	4	18020	买盘
13:41:51	45.04	-0.01	3	13512	卖盘
13:41:48	45.05	--	1	4505	买盘
13:41:18	45.05	0.05	2	9010	买盘
13:40:27	45.0	-0.08	1	4500	卖盘
13:40:21	45.08	0.03	10	45080	买盘
13:40:09	45.05	--	7	31534	卖盘
13:39:54	45.05	--	3	13515	卖盘
13:39:48	45.05	-0.03	3	13515	卖盘
13:39:39	45.08	--	26	117208	卖盘
13:39:30	45.08	-0.02	10	45080	卖盘
13:39:21	45.1	0.02	34	153340	买盘
13:39:18	45.08	--	2	9016	卖盘
13:39:15	45.08	-0.01	1	4508	卖盘
13:39:06	45.09	-0.01	2	9018	卖盘
13:38:57	45.1	-0.03	14	63140	卖盘
13:38:42	45.13	--	5	22565	买盘
13:38:33	45.13	--	7	31591	卖盘
13:38:12	45.13	--	5	22565	卖盘
13:38:09	45.13	--	2	9026	买盘
13:38:03	45.13	0.05	4	18052	买盘
13:37:15	45.08	-0.05	1	4508	卖盘
13:37:03	45.13	-0.02	2	9026	中性盘
13:36:24	45.15	0.07	10	45150	买盘
13:36:12	45.08	-0.01	3	13524	卖盘
13:36:06	45.09	0.01	1	4509	中性盘
13:35:45	45.08	--	7	31556	买盘
13:35:09	45.08	0.03	2	9016	买盘
13:35:06	45.05	-0.03	2	9010	卖盘
13:35:00	45.08	--	3	13524	买盘
13:34:54	45.08	--	1	4508	卖盘
13:34:39	45.08	-0.02	100	450800	卖盘
13:34:36	45.1	-0.01	26	117260	卖盘
13:34:27	45.11	--	2	9022	卖盘
13:34:18	45.11	--	2	9022	买盘
13:34:15	45.11	--	13	58643	买盘
13:34:12	45.11	--	6	27066	买盘
13:34:09	45.11	-0.04	10	45110	卖盘
13:34:00	45.15	--	6	27090	买盘
13:33:57	45.15	--	7	31605	卖盘
13:33:45	45.15	--	43	194145	买盘
13:33:42	45.15	--	3	13545	买盘
13:33:15	45.15	--	5	22575	买盘
13:33:03	45.15	--	2	9030	卖盘
13:32:57	45.15	-0.01	8	36120	卖盘
13:32:51	45.16	0.01	1	4516	买盘
13:32:36	45.15	--	1	4515	卖盘
13:32:30	45.15	--	1	4515	买盘
13:32:18	45.15	0.02	12	54180	买盘
13:32:15	45.13	--	5	22565	买盘
13:32:00	45.13	0.01	6	27078	买盘
13:31:57	45.12	0.03	10	45120	买盘
13:31:51	45.09	-0.01	39	175851	买盘
13:31:42	45.1	-0.02	11	49610	卖盘
13:31:39	45.12	--	7	31584	买盘
13:31:36	45.12	--	1	4512	卖盘
13:31:30	45.12	--	1	4512	卖盘
13:31:24	45.12	-0.01	20	90240	卖盘
13:31:06	45.13	--	10	45130	卖盘
13:31:00	45.13	--	7	31591	卖盘
13:30:54	45.13	--	30	135390	卖盘
13:30:48	45.13	-0.04	5	22565	卖盘
13:30:45	45.17	--	7	31619	买盘
13:30:30	45.17	--	25	112925	买盘
13:30:24	45.17	--	7	31619	卖盘
13:30:21	45.17	--	2	9034	卖盘
13:30:18	45.17	--	4	18068	卖盘
13:30:12	45.17	--	3	13551	卖盘
13:30:06	45.17	--	7	31619	买盘
13:30:00	45.17	--	3	13551	买盘
13:29:57	45.17	--	12	54204	买盘
13:29:54	45.17	--	1	4517	买盘
13:29:48	45.17	-0.03	19	85823	中性盘
13:29:45	45.2	0.03	174	786480	买盘
13:29:42	45.17	--	6	27102	买盘
13:29:33	45.17	--	32	144544	卖盘
13:29:30	45.17	0.01	6	27102	卖盘
13:29:24	45.16	0.04	15	67740	中性盘
13:29:12	45.12	--	26	117312	卖盘
13:29:06	45.12	-0.06	4	18048	卖盘
13:29:03	45.18	0.03	1	4518	买盘
13:28:54	45.15	-0.03	6	27090	卖盘
13:28:48	45.18	--	8	36144	买盘
13:28:45	45.18	-0.01	68	309618	卖盘
13:28:39	45.19	0.01	13	58747	买盘
13:28:33	45.18	-0.01	3	13554	卖盘
13:28:30	45.19	0.01	6	27114	买盘
13:28:27	45.18	--	1	4518	卖盘
13:28:24	45.18	--	1	4518	卖盘
13:28:21	45.18	--	5	22590	卖盘
13:28:09	45.18	0.03	25	115073	买盘
13:28:06	45.15	--	24	108360	买盘
13:27:54	45.15	0.05	64	288960	买盘
13:27:51	45.1	--	1	4510	卖盘
13:27:48	45.1	--	1	4510	卖盘
13:27:42	45.1	--	2	9020	买盘
13:27:33	45.1	--	1	4510	买盘
13:27:21	45.1	0.02	268	1208680	买盘
13:27:18	45.08	0.01	3	13524	买盘
13:27:03	45.07	0.01	2	9014	买盘
13:26:51	45.06	--	5	22530	买盘
13:26:42	45.06	--	1	4506	买盘
13:26:39	45.06	0.04	24	108144	买盘
13:26:24	45.02	--	4	18008	买盘
13:26:12	45.02	--	3	13506	买盘
13:26:03	45.02	--	4	18008	买盘
13:25:54	45.02	--	5	22510	买盘
13:25:48	45.02	0.02	1	4502	买盘
13:25:39	45.0	-0.02	2	9000	卖盘
13:25:33	45.02	-0.02	13	58526	卖盘
13:25:30	45.04	0.02	8	36032	买盘
13:25:18	45.02	--	1	4502	买盘
13:25:15	45.02	0.05	2	9004	买盘
13:25:12	44.97	-0.04	14	62958	卖盘
13:24:24	45.01	--	8	36008	卖盘
13:24:18	45.01	0.04	32	144032	买盘
13:24:12	44.97	--	1	4497	买盘
13:23:54	44.97	0.02	1	4497	买盘
13:23:51	44.95	-0.02	2	8990	卖盘
13:23:39	44.97	--	20	89940	买盘
13:23:33	44.97	--	11	49467	买盘
13:23:27	44.97	-0.02	4	17988	卖盘
13:23:21	44.99	0.04	3	13497	中性盘
13:22:36	44.95	--	2	8990	卖盘
13:22:33	44.95	--	1	4495	卖盘
13:22:18	44.95	--	15	67425	卖盘
13:22:06	44.95	-0.03	130	584350	卖盘
13:21:33	44.98	-0.03	2	8996	卖盘
13:20:57	45.01	0.03	1	4501	买盘
13:20:54	44.98	--	1	4498	卖盘
13:20:36	44.98	--	6	26987	卖盘
13:20:33	44.98	0.01	3	13493	买盘
13:20:24	44.97	-0.01	3	13491	卖盘
13:20:21	44.98	--	15	67470	卖盘
13:20:09	44.98	-0.03	3	13493	卖盘
13:19:18	45.01	--	3	13503	买盘
13:19:12	45.01	--	3	13503	买盘
13:19:06	45.01	-0.01	1	4501	卖盘
13:18:54	45.02	-0.01	17	76534	卖盘
13:18:48	45.03	0.01	1	4503	买盘
13:18:33	45.02	--	1	4502	卖盘
13:18:30	45.02	-0.01	18	81036	卖盘
13:18:24	45.03	-0.01	5	22515	卖盘
13:18:09	45.04	--	5	22520	卖盘
13:17:36	45.04	--	3	13512	卖盘
13:17:24	45.04	0.01	2	9008	买盘
13:17:15	45.03	0.01	10	45030	中性盘
13:17:12	45.02	-0.02	1	4502	卖盘
13:17:09	45.04	0.01	1	4504	买盘
13:17:06	45.03	-0.02	15	67545	中性盘
13:16:51	45.05	--	2	9010	买盘
13:16:45	45.05	0.03	10	45050	买盘
13:16:39	45.02	--	4	18008	卖盘
13:16:33	45.02	--	12	54024	卖盘
13:16:21	45.02	--	6	27012	卖盘
13:16:18	45.02	-0.03	1	4502	卖盘
13:16:03	45.05	--	3	13515	买盘
13:15:57	45.05	--	3	13515	卖盘
13:15:45	45.05	--	11	49555	买盘
13:15:30	45.05	--	4	18020	买盘
13:15:18	45.05	0.03	1	4505	买盘
13:15:15	45.02	-0.03	5	22510	卖盘
13:15:12	45.05	--	9	40545	买盘
13:15:09	45.05	--	10	45050	买盘
13:15:06	45.05	--	2	9010	买盘
13:15:00	45.05	0.01	17	76585	买盘
13:14:54	45.04	0.02	2	9008	买盘
13:14:48	45.02	0.07	125	562750	买盘
13:14:03	44.95	-0.05	60	269700	卖盘
13:13:57	45.0	0.05	148	666000	买盘
13:13:48	44.95	-0.04	27	121365	卖盘
13:13:45	44.99	0.02	2	8998	买盘
13:13:36	44.97	-0.02	5	22485	卖盘
13:13:21	44.99	--	8	35992	卖盘
13:12:51	44.99	--	2	8998	买盘
13:12:48	44.99	--	5	22495	买盘
13:12:21	44.99	--	10	44990	买盘
13:12:03	44.99	0.04	5	22495	买盘
13:11:36	44.95	0.05	43	196431	买盘
13:11:21	44.9	-0.05	1	4490	卖盘
13:11:06	44.95	--	3	13485	买盘
13:11:00	44.95	--	3	13485	买盘
13:10:54	44.95	--	3	13485	买盘
13:10:51	44.95	0.05	2	8990	买盘
13:10:27	44.9	--	39	175110	买盘
13:10:24	44.9	0.01	3	13470	买盘
13:10:12	44.89	0.05	8	35912	买盘
13:09:48	44.84	-0.03	5	22420	卖盘
13:09:39	44.87	0.03	1	4487	中性盘
13:08:54	44.84	-0.05	5	22420	中性盘
13:08:39	44.89	0.06	10	44890	买盘
13:08:36	44.83	-0.02	4	17932	买盘
13:08:30	44.85	-0.05	1	4485	卖盘
13:08:27	44.9	0.04	8	35920	买盘
13:08:21	44.86	-0.04	10	44860	卖盘
13:08:15	44.9	-0.05	5	22450	买盘
13:08:12	44.95	--	3	13485	买盘
13:08:09	44.95	0.05	7	32813	买盘
13:07:48	44.9	--	3	13470	买盘
13:07:45	44.9	--	13	58370	买盘
13:07:39	44.9	0.02	5	22450	买盘
13:07:18	44.88	-0.02	11	49368	卖盘
13:06:48	44.9	--	8	35920	买盘
13:06:45	44.9	--	1	4490	买盘
13:06:42	44.9	--	5	22450	买盘
13:06:30	44.9	0.02	2	8980	买盘
13:05:39	44.88	--	3	16605	买盘
13:05:30	44.88	--	0	1346	卖盘
13:05:24	44.88	-0.02	0	3141	卖盘
13:04:45	44.9	-0.01	12	53880	买盘
13:04:39	44.91	-0.04	3	13472	卖盘
13:04:03	44.95	0.04	8	35960	买盘
13:03:54	44.91	-0.04	3	13472	中性盘
13:02:57	44.95	--	6	26970	卖盘
13:02:51	44.95	--	5	22475	卖盘
13:02:48	44.95	-0.01	2	8990	卖盘
13:02:36	44.96	--	0	1348	卖盘
13:02:33	44.96	--	1	4496	卖盘
13:02:12	44.96	-0.03	3	13488	卖盘
13:02:03	44.99	-0.01	12	53988	卖盘
13:01:33	45.0	--	1	4500	买盘
13:01:00	45.0	--	1	6345	卖盘
13:00:30	45.0	--	18	83655	买盘
13:00:24	45.0	--	13	58500	买盘
13:00:12	45.0	0.01	2	9000	买盘
13:00:06	44.99	0.01	22	98978	买盘
13:00:03	44.98	--	118	530764	卖盘
13:00:00	44.98	--	0	0	卖盘
11:30:00	44.98	--	0	0	卖盘
11:29:57	44.98	0.03	5	25638	买盘
11:29:54	44.95	--	5	22475	卖盘
11:29:48	44.95	--	6	26970	卖盘
11:29:33	44.95	--	21	94395	买盘
11:29:30	44.95	-0.03	9	40455	卖盘
11:29:27	44.98	0.03	3	13493	买盘
11:29:18	44.95	--	12	53940	卖盘
11:29:12	44.95	-0.05	8	35960	卖盘
11:29:09	45.0	0.05	46	207000	买盘
11:28:39	44.95	-0.04	8	35960	中性盘
11:28:12	44.99	0.04	21	94479	买盘
11:27:54	44.95	--	1	4495	买盘
11:27:00	44.95	-0.05	31	139345	卖盘
11:26:39	45.0	0.01	6	27000	买盘
11:26:30	44.99	0.04	28	125972	买盘
11:26:21	44.95	-0.01	12	53940	中性盘
11:26:12	44.96	--	2	8992	买盘
11:26:06	44.96	--	1	4496	买盘
11:25:57	44.96	--	2	8992	买盘
11:25:48	44.96	0.01	13	58448	买盘
11:25:42	44.95	--	8	35960	卖盘
11:25:36	44.95	0.05	58	260710	买盘
11:25:30	44.9	--	1	4490	买盘
11:24:54	44.9	0.1	1	4490	中性盘
11:24:33	44.8	--	4	17920	买盘
11:24:21	44.8	--	10	44800	卖盘
11:24:09	44.8	-0.15	2	8960	卖盘
11:23:45	44.95	--	10	44950	买盘
11:23:42	44.95	--	4	17980	卖盘
11:23:33	44.95	0.06	10	44950	买盘
11:23:18	44.89	0.02	2	8978	买盘
11:23:12	44.87	0.02	6	26922	买盘
11:22:39	44.85	--	2	8970	卖盘
11:22:33	44.85	0.01	1	4485	买盘
11:22:21	44.84	0.01	14	62776	买盘
11:22:18	44.83	--	11	49313	卖盘
11:22:09	44.83	0.07	1	4483	中性盘
11:21:57	44.76	-0.06	6	26856	卖盘
11:21:39	44.82	0.07	1	4482	买盘
11:21:12	44.75	-0.07	50	223750	卖盘
11:21:00	44.82	--	1	4482	买盘
11:20:54	44.82	-0.01	6	26892	卖盘
11:20:48	44.83	--	10	44830	卖盘
11:20:39	44.83	-0.01	3	13449	卖盘
11:20:36	44.84	--	11	49324	买盘
11:20:30	44.84	--	1	4484	买盘
11:20:21	44.84	--	1	4484	买盘
11:20:18	44.84	--	30	134520	买盘
11:20:06	44.84	--	13	58292	买盘
11:19:57	44.84	--	1	4484	买盘
11:19:48	44.84	-0.01	17	76228	卖盘
11:19:36	44.85	0.01	1	4485	买盘
11:19:18	44.84	-0.01	3	13452	卖盘
11:19:12	44.85	--	7	31395	买盘
11:19:09	44.85	--	10	44850	买盘
11:19:03	44.85	0.01	4	17940	买盘
11:19:00	44.84	-0.01	12	53808	卖盘
11:18:57	44.85	0.01	2	8970	买盘
11:18:51	44.84	-0.01	10	44840	中性盘
11:18:39	44.85	0.02	7	31395	买盘
11:18:33	44.83	--	1	4483	卖盘
11:18:24	44.83	--	4	17932	卖盘
11:18:21	44.83	--	7	31381	买盘
11:17:48	44.83	-0.02	3	13449	卖盘
11:17:36	44.85	--	4	17940	买盘
11:17:21	44.85	--	1	4485	买盘
11:17:18	44.85	-0.01	1	4485	卖盘
11:17:15	44.86	0.01	6	26916	买盘
11:17:12	44.85	--	2	8970	卖盘
11:17:06	44.85	0.04	1	4485	中性盘
11:16:39	44.81	-0.01	38	170278	卖盘
11:16:36	44.82	--	11	49302	买盘
11:16:33	44.82	0.01	5	22410	买盘
11:16:06	44.81	0.01	6	26886	买盘
11:15:48	44.8	--	35	156800	卖盘
11:15:45	44.8	0.01	10	44800	买盘
11:15:42	44.79	0.03	13	58227	买盘
11:15:39	44.76	-0.02	18	80568	卖盘
11:15:36	44.78	-0.01	2	8956	中性盘
11:15:21	44.79	0.03	4	17916	买盘
11:15:15	44.76	--	1	4476	卖盘
11:15:03	44.76	--	21	93996	卖盘
11:14:54	44.76	--	46	205896	买盘
11:14:51	44.76	--	5	22380	买盘
11:14:42	44.76	--	14	62664	买盘
11:14:39	44.76	-0.03	1	4476	买盘
11:14:27	44.79	--	1	4479	卖盘
11:14:24	44.79	0.03	1	4479	中性盘
11:14:21	44.76	--	1	4476	买盘
11:14:18	44.76	-0.04	2	8952	卖盘
11:13:48	44.8	--	1	4480	买盘
11:13:39	44.8	--	5	22400	买盘
11:13:33	44.8	-0.02	5	22400	卖盘
11:13:15	44.82	-0.05	34	152388	卖盘
11:13:09	44.87	0.05	5	22435	买盘
11:13:03	44.82	--	8	35856	卖盘
11:12:51	44.82	--	9	40338	买盘
11:12:48	44.82	0.02	5	22410	买盘
11:12:39	44.8	--	10	44800	卖盘
11:12:30	44.8	0.06	34	152320	买盘
11:12:18	44.74	0.01	11	49214	买盘
11:12:15	44.73	0.02	2	8946	买盘
11:12:03	44.71	-0.01	7	31297	卖盘
11:12:00	44.72	--	2	8944	买盘
11:11:57	44.72	-0.01	3	13416	中性盘
11:11:54	44.73	--	2	8946	买盘
11:11:48	44.73	-0.01	1	4473	卖盘
11:11:45	44.74	0.01	5	22370	买盘
11:11:33	44.73	--	1	4473	卖盘
11:11:30	44.73	0.05	26	116297	买盘
11:11:24	44.68	--	2	8936	中性盘
11:11:21	44.68	--	10	44680	买盘
11:11:18	44.68	-0.05	27	120636	卖盘
11:11:06	44.73	0.01	13	58148	买盘
11:11:03	44.72	--	1	4472	买盘
11:11:00	44.72	-0.02	2	8944	中性盘
11:10:45	44.74	0.07	1	4474	买盘
11:10:42	44.67	0.01	6	26802	中性盘
11:10:27	44.66	--	11	49125	买盘
11:10:18	44.66	0.01	4	17864	买盘
11:10:15	44.65	0.01	2	8930	买盘
11:10:06	44.64	0.04	3	13392	买盘
11:10:00	44.6	--	37	165020	买盘
11:09:57	44.6	--	25	111500	买盘
11:09:51	44.6	--	6	26760	买盘
11:09:48	44.6	-0.04	16	71360	卖盘
11:09:42	44.64	--	13	58032	买盘
11:09:39	44.64	--	2	8928	买盘
11:09:36	44.64	--	21	93744	买盘
11:09:33	44.64	0.02	20	89280	买盘
11:09:30	44.62	-0.02	4	17848	中性盘
11:09:24	44.64	--	4	17856	买盘
11:09:21	44.64	--	181	807984	买盘
11:09:12	44.64	0.01	20	89280	买盘
11:09:09	44.63	-0.01	8	35704	卖盘
11:09:06	44.64	--	2	8928	买盘
11:09:00	44.64	--	7	31248	买盘
11:08:57	44.64	--	1	4464	买盘
11:08:54	44.64	-0.01	22	98208	卖盘
11:08:51	44.65	--	4	17860	买盘
11:08:48	44.65	--	6	26790	买盘
11:08:45	44.65	--	1	4465	买盘
11:08:42	44.65	0.01	1	4465	买盘
11:08:39	44.64	-0.01	11	49104	卖盘
11:08:36	44.65	-0.01	11	49115	卖盘
11:08:33	44.66	--	3	13397	买盘
11:08:30	44.66	--	5	22330	买盘
11:08:27	44.66	--	3	13397	买盘
11:08:21	44.66	--	1	4466	买盘
11:08:18	44.66	-0.04	1	4466	卖盘
11:08:15	44.7	0.04	1	4470	买盘
11:08:12	44.66	--	4	17864	卖盘
11:08:09	44.66	--	3	13397	卖盘
11:08:06	44.66	--	10	44660	中性盘
11:08:00	44.66	-0.04	4	17864	卖盘
11:07:54	44.7	--	2	8940	买盘
11:07:45	44.7	--	1	4470	买盘
11:07:42	44.7	-0.04	154	688380	卖盘
11:07:39	44.74	--	4	17896	卖盘
11:07:36	44.74	-0.01	1	4474	卖盘
11:07:24	44.75	--	2	8950	买盘
11:07:21	44.75	-0.02	22	98450	卖盘
11:07:15	44.77	0.02	1	4477	买盘
11:07:12	44.75	--	5	22375	卖盘
11:07:09	44.75	-0.03	5	22375	卖盘
11:06:57	44.78	-0.01	25	111950	卖盘
11:06:54	44.79	-0.01	1	4479	卖盘
11:06:51	44.8	0.01	1	4480	买盘
11:06:48	44.79	-0.01	2	8958	卖盘
11:06:45	44.8	--	10	44800	买盘
11:06:42	44.8	0.01	25	112000	买盘
11:06:39	44.79	-0.01	77	344883	卖盘
11:06:30	44.8	-0.01	9	40320	卖盘
11:06:27	44.81	--	2	8962	卖盘
11:06:24	44.81	--	3	13443	买盘
11:06:21	44.81	--	6	26886	买盘
11:06:15	44.81	-0.01	12	53772	卖盘
11:06:12	44.82	0.01	33	147906	买盘
11:06:00	44.81	-0.02	10	44810	卖盘
11:05:57	44.83	0.01	1	4483	卖盘
11:05:51	44.82	--	1	4482	卖盘
11:05:48	44.82	--	3	13446	卖盘
11:05:39	44.82	--	5	22410	买盘
11:05:33	44.82	--	2	8964	买盘
11:05:30	44.82	--	7	31374	卖盘
11:05:27	44.82	--	3	13446	卖盘
11:05:24	44.82	--	3	13446	买盘
11:05:18	44.82	--	12	53784	卖盘
11:05:15	44.82	-0.01	21	94122	卖盘
11:05:12	44.83	--	1	4483	买盘
11:05:09	44.83	-0.02	1	4483	中性盘
11:05:03	44.85	--	8	35880	买盘
11:04:57	44.85	0.03	2	8970	买盘
11:04:51	44.82	-0.01	3	13446	卖盘
11:04:42	44.83	-0.02	11	49313	卖盘
11:04:36	44.85	0.02	62	278070	买盘
11:04:30	44.83	--	5	22415	买盘
11:04:27	44.83	-0.03	6	26898	卖盘
11:04:21	44.86	0.01	2	8972	买盘
11:04:15	44.85	-0.01	28	125580	卖盘
11:04:09	44.86	--	5	22430	买盘
11:03:54	44.86	--	2	8972	买盘
11:03:51	44.86	--	1	4486	中性盘
11:03:39	44.86	-0.01	12	53832	卖盘
11:03:36	44.87	--	1	4487	买盘
11:03:24	44.87	--	6	26922	买盘
11:03:18	44.87	0.01	8	35896	买盘
11:03:09	44.86	--	1	4486	中性盘
11:02:57	44.86	0.01	5	22430	买盘
11:02:54	44.85	--	5	22425	卖盘
11:02:51	44.85	-0.01	7	31395	卖盘
11:02:42	44.86	--	21	94206	买盘
11:02:39	44.86	--	2	8972	买盘
11:02:30	44.86	--	8	35888	卖盘
11:02:24	44.86	-0.01	1	4486	卖盘
11:02:21	44.87	0.01	5	22435	买盘
11:02:15	44.86	--	8	35888	买盘
11:02:12	44.86	0.01	1	4486	买盘
11:02:03	44.85	-0.01	5	22425	卖盘
11:02:00	44.86	--	4	17944	卖盘
11:01:57	44.86	--	14	62804	卖盘
11:01:45	44.86	-0.01	26	116636	卖盘
11:01:30	44.87	--	3	13461	买盘
11:01:27	44.87	-0.01	37	166019	卖盘
11:01:15	44.88	0.01	8	35904	买盘
11:01:12	44.87	-0.01	6	26922	卖盘
11:01:09	44.88	--	1	4488	中性盘
11:01:06	44.88	--	5	22440	买盘
11:01:03	44.88	0.01	5	22440	中性盘
11:00:48	44.87	--	2	8974	卖盘
11:00:45	44.87	--	2	8974	卖盘
11:00:30	44.87	-0.01	11	49357	卖盘
11:00:24	44.88	--	3	13464	卖盘
11:00:21	44.88	--	17	76296	买盘
11:00:18	44.88	--	8	35904	卖盘
11:00:09	44.88	-0.01	10	44880	卖盘
11:00:06	44.89	--	5	22445	卖盘
11:00:03	44.89	-0.01	19	85291	卖盘
10:59:57	44.9	0.01	8	35920	买盘
10:59:51	44.89	--	6	26934	卖盘
10:59:30	44.89	-0.01	3	13467	卖盘
10:59:18	44.9	--	1	4490	中性盘
10:59:06	44.9	--	3	13470	卖盘
10:59:00	44.9	0.01	8	35920	买盘
10:58:54	44.89	-0.01	1	4489	卖盘
10:58:45	44.9	--	5	22450	买盘
10:58:42	44.9	--	5	22450	买盘
10:58:33	44.9	0.01	1	4490	中性盘
10:58:27	44.89	-0.01	9	40401	卖盘
10:58:18	44.9	0.01	2	8980	中性盘
10:58:03	44.89	-0.01	4	17956	卖盘
10:58:00	44.9	--	4	17960	卖盘
10:57:54	44.9	-0.01	1	4490	卖盘
10:57:45	44.91	--	1	4491	中性盘
10:57:42	44.91	--	2	8982	卖盘
10:57:33	44.91	0.01	8	35928	买盘
10:57:15	44.9	--	2	8980	卖盘
10:57:09	44.9	--	6	26940	中性盘
10:57:00	44.9	0.01	18	80820	买盘
10:56:57	44.89	-0.01	2	8978	卖盘
10:56:54	44.9	0.01	10	44900	买盘
10:56:48	44.89	--	11	49379	卖盘
10:56:39	44.89	--	5	22445	卖盘
10:56:33	44.89	-0.01	23	103247	卖盘
10:56:30	44.9	-0.01	3	13470	卖盘
10:56:24	44.91	0.02	1	4491	买盘
10:56:15	44.89	-0.02	46	206494	卖盘
10:56:12	44.91	--	2	8982	卖盘
10:56:09	44.91	--	7	31436	买盘
10:56:06	44.91	-0.01	8	35928	卖盘
10:56:03	44.92	0.01	1	4492	买盘
10:56:00	44.91	--	10	44910	卖盘
10:55:57	44.91	-0.01	4	17964	卖盘
10:55:54	44.92	--	1	4492	买盘
10:55:51	44.92	--	1	4492	买盘
10:55:48	44.92	--	2	8984	卖盘
10:55:42	44.92	--	30	134760	卖盘
10:55:27	44.92	-0.03	46	206632	卖盘
10:55:21	44.95	--	5	22475	卖盘
10:55:15	44.95	--	2	8990	卖盘
10:55:03	44.95	--	6	26970	买盘
10:55:00	44.95	-0.01	24	107880	卖盘
10:54:51	44.96	--	3	13488	卖盘
10:54:48	44.96	--	85	382160	卖盘
10:54:45	44.96	--	2	8992	卖盘
10:54:33	44.96	--	2	8992	卖盘
10:54:30	44.96	--	3	13488	买盘
10:54:27	44.96	--	1	4496	买盘
10:54:24	44.96	--	1	4496	卖盘
10:54:15	44.96	--	1	4496	买盘
10:54:12	44.96	--	2	8992	买盘
10:54:03	44.96	-0.01	2	8992	卖盘
10:53:57	44.97	--	3	13491	卖盘
10:53:51	44.97	-0.01	5	22485	卖盘
10:53:45	44.98	--	7	31485	买盘
10:53:39	44.98	0.01	2	8996	买盘
10:53:36	44.97	--	2	8994	卖盘
10:53:33	44.97	-0.01	20	89940	卖盘
10:53:27	44.98	0.01	1	4498	买盘
10:53:21	44.97	-0.01	6	26982	卖盘
10:53:00	44.98	-0.01	4	17992	卖盘
10:52:51	44.99	0.01	5	22495	中性盘
10:52:42	44.98	-0.02	10	44980	卖盘
10:52:39	45.0	0.01	8	36000	买盘
10:52:33	44.99	-0.01	17	78327	卖盘
10:52:27	45.0	--	1	4500	买盘
10:52:24	45.0	--	1	4500	买盘
10:52:15	45.0	-0.01	31	139500	卖盘
10:51:24	45.01	-0.04	2	9002	中性盘
10:50:57	45.05	0.05	2	9010	买盘
10:50:39	45.0	-0.04	14	63000	卖盘
10:50:36	45.04	--	1	4504	卖盘
10:50:21	45.04	--	10	45040	卖盘
10:50:15	45.04	0.04	2	9008	买盘
10:50:03	45.0	--	20	90000	卖盘
10:49:48	45.0	--	6	27000	买盘
10:49:42	45.0	--	28	126000	买盘
10:49:36	45.0	0.01	18	81000	买盘
10:49:33	44.99	--	10	44990	卖盘
10:49:30	44.99	--	2	8998	卖盘
10:49:21	44.99	-0.01	3	13497	卖盘
10:49:15	45.0	--	3	13500	买盘
10:49:06	45.0	--	2	9000	买盘
10:49:03	45.0	--	15	67500	卖盘
10:48:51	45.0	--	3	13500	买盘
10:48:39	45.0	0.01	1	4500	买盘
10:48:24	44.99	-0.01	3	13497	卖盘
10:48:12	45.0	0.01	1	4500	买盘
10:48:09	44.99	-0.01	1	4499	卖盘
10:48:06	45.0	--	5	22500	买盘
10:48:03	45.0	0.01	4	18000	买盘
10:47:54	44.99	--	23	103477	卖盘
10:47:48	44.99	-0.01	17	76483	卖盘
10:47:45	45.0	--	7	31500	买盘
10:47:36	45.0	0.01	10	45000	买盘
10:47:33	44.99	--	2	8998	卖盘
10:47:30	44.99	-0.01	10	44990	卖盘
10:47:27	45.0	--	10	45000	买盘
10:47:24	45.0	--	11	49500	卖盘
10:47:21	45.0	--	1	4500	中性盘
10:46:42	45.0	0.01	1	4500	买盘
10:46:39	44.99	--	4	17996	卖盘
10:46:21	44.99	-0.01	6	26994	卖盘
10:46:15	45.0	--	25	112500	卖盘
10:45:48	45.0	--	3	13500	卖盘
10:45:39	45.0	--	1	4500	卖盘
10:45:15	45.0	--	2	9000	卖盘
10:45:12	45.0	--	2	11655	买盘
10:45:06	45.0	--	2	10845	卖盘
10:44:57	45.0	--	7	34155	买盘
10:44:54	45.0	--	10	45000	买盘
10:44:51	45.0	--	3	13500	买盘
10:44:48	45.0	--	1	4500	买盘
10:44:42	45.0	--	3	13500	买盘
10:44:39	45.0	--	1	4500	买盘
10:44:36	45.0	-0.08	135	609345	卖盘
10:44:30	45.08	-0.04	3	13524	卖盘
10:44:24	45.12	0.03	20	90240	买盘
10:44:18	45.09	-0.03	5	22545	卖盘
10:44:12	45.12	--	24	110679	卖盘
10:44:09	45.12	--	2	9024	卖盘
10:44:06	45.12	--	12	56264	卖盘
10:43:54	45.12	-0.01	10	45120	卖盘
10:43:51	45.13	--	19	85747	买盘
10:43:48	45.13	-0.03	10	45130	卖盘
10:43:21	45.16	--	14	63223	卖盘
10:43:18	45.16	--	33	149028	卖盘
10:43:15	45.16	--	5	22580	卖盘
10:43:06	45.16	-0.01	54	243863	卖盘
10:43:03	45.17	--	1	4517	买盘
10:42:48	45.17	0.01	11	49687	买盘
10:42:45	45.16	-0.01	20	90320	卖盘
10:42:33	45.17	0.01	1	4517	买盘
10:42:30	45.16	0.03	2	9032	卖盘
10:42:27	45.13	-0.04	2	9026	卖盘
10:42:21	45.17	0.04	13	58721	买盘
10:42:18	45.13	-0.03	10	45130	卖盘
10:42:15	45.16	0.03	2	9032	买盘
10:42:12	45.13	-0.03	3	13539	卖盘
10:42:00	45.16	--	2	9032	买盘
10:41:54	45.16	0.04	2	9032	中性盘
10:41:39	45.12	--	3	13536	卖盘
10:41:36	45.12	-0.05	6	27072	卖盘
10:41:33	45.17	0.05	14	63238	买盘
10:41:21	45.12	0.02	6	27072	买盘
10:41:06	45.1	0.01	21	94710	买盘
10:41:00	45.09	--	7	31563	买盘
10:40:51	45.09	--	5	22545	买盘
10:40:48	45.09	0.01	1	4509	买盘
10:40:45	45.08	0.06	5	22540	买盘
10:40:42	45.02	-0.02	5	22510	卖盘
10:40:39	45.04	0.02	7	31528	买盘
10:40:36	45.02	--	10	45020	卖盘
10:40:33	45.02	0.01	8	36016	买盘
10:40:30	45.01	-0.01	44	198044	卖盘
10:40:24	45.02	-0.01	5	22510	中性盘
10:40:09	45.03	--	11	49533	买盘
10:39:57	45.03	--	11	49533	买盘
10:39:48	45.03	--	3	13509	买盘
10:39:42	45.03	0.02	2	9006	买盘
10:39:27	45.01	--	3	13503	卖盘
10:39:24	45.01	--	13	58513	卖盘
10:39:18	45.01	-0.01	10	45010	卖盘
10:39:09	45.02	--	3	13506	卖盘
10:39:06	45.02	-0.01	5	22510	卖盘
10:38:36	45.03	0.02	6	27018	买盘
10:38:06	45.01	--	24	108024	卖盘
10:37:57	45.01	--	5	22505	卖盘
10:37:48	45.01	-0.02	3	13503	卖盘
10:37:36	45.03	--	7	31521	买盘
10:37:27	45.03	0.01	25	112575	买盘
10:37:21	45.02	--	2	9004	卖盘
10:37:15	45.02	--	9	40518	卖盘
10:37:12	45.02	--	9	40518	卖盘
10:37:09	45.02	--	6	27012	卖盘
10:37:06	45.02	-0.01	1	4502	卖盘
10:36:57	45.03	0.01	2	9006	买盘
10:36:54	45.02	-0.01	10	45020	卖盘
10:36:51	45.03	--	2	9006	买盘
10:36:45	45.03	--	5	22515	买盘
10:36:39	45.03	--	3	13509	买盘
10:36:36	45.03	--	1	4503	买盘
10:36:24	45.03	--	1	4503	买盘
10:36:21	45.03	--	15	67545	买盘
10:36:15	45.03	-0.01	18	81054	卖盘
10:36:03	45.04	0.02	3	13512	中性盘
10:35:45	45.02	--	22	99044	卖盘
10:35:42	45.02	--	17	76534	卖盘
10:35:39	45.02	--	1	4502	卖盘
10:35:36	45.02	-0.01	3	13506	卖盘
10:35:33	45.03	--	14	63042	买盘
10:35:24	45.03	--	7	31521	买盘
10:35:21	45.03	--	4	18012	买盘
10:35:06	45.03	--	2	9006	买盘
10:35:03	45.03	--	4	18012	买盘
10:34:51	45.03	--	5	22515	买盘
10:34:39	45.03	--	1	4503	买盘
10:34:36	45.03	-0.03	10	45030	中性盘
10:34:03	45.06	--	10	45060	买盘
10:33:57	45.06	0.02	7	31542	买盘
10:33:54	45.04	-0.02	10	45040	卖盘
10:33:48	45.06	--	27	121662	买盘
10:33:42	45.06	-0.03	1	4506	卖盘
10:33:39	45.09	0.03	1	4509	买盘
10:33:30	45.06	-0.02	11	49566	卖盘
10:33:21	45.08	0.03	10	45080	买盘
10:33:18	45.05	--	1	4505	买盘
10:33:15	45.05	--	3	13515	卖盘
10:33:03	45.05	--	3	13515	买盘
10:32:48	45.05	0.03	10	45050	买盘
10:32:06	45.02	-0.03	3	13506	卖盘
10:32:00	45.05	--	20	90100	买盘
10:31:54	45.05	--	1	4505	买盘
10:31:45	45.05	0.04	8	36040	买盘
10:31:39	45.01	-0.04	6	27006	卖盘
10:31:36	45.05	0.01	1	4505	买盘
10:31:30	45.04	--	2	9008	中性盘
10:31:21	45.04	0.03	11	49544	买盘
10:31:18	45.01	-0.01	10	45010	卖盘
10:31:03	45.02	--	1	4502	买盘
10:30:54	45.02	--	1	4502	买盘
10:30:51	45.02	--	1	4502	买盘
10:30:48	45.02	--	8	36016	卖盘
10:30:42	45.02	--	10	45020	卖盘
10:30:39	45.02	--	2	9004	卖盘
10:30:36	45.02	0.01	1	4502	中性盘
10:30:06	45.01	--	4	18004	买盘
10:29:57	45.01	-0.04	6	27006	卖盘
10:29:42	45.05	0.04	9	40545	买盘
10:29:36	45.01	0.01	10	45010	中性盘
10:29:27	45.0	--	2	9000	卖盘
10:29:15	45.0	-0.06	50	225000	卖盘
10:29:06	45.06	0.01	1	4506	中性盘
10:28:57	45.05	--	12	54060	买盘
10:28:54	45.05	--	1	4505	卖盘
10:28:51	45.05	--	9	40545	买盘
10:28:42	45.05	0.04	2	9010	买盘
10:28:30	45.01	-0.03	2	9002	中性盘
10:28:18	45.04	0.03	1	4504	中性盘
10:28:03	45.01	0.01	2	9002	中性盘
10:27:57	45.0	--	8	38655	卖盘
10:27:54	45.0	--	6	27000	卖盘
10:27:33	45.0	--	5	22500	卖盘
10:27:24	45.0	--	4	18000	买盘
10:27:21	45.0	--	7	31500	买盘
10:27:12	45.0	--	3	13500	买盘
10:27:06	45.0	-0.07	256	1152000	卖盘
10:27:00	45.07	-0.01	38	171266	卖盘
10:26:57	45.08	--	6	27048	买盘
10:26:51	45.08	--	10	45080	买盘
10:26:48	45.08	--	1	4508	买盘
10:26:45	45.08	-0.04	106	477848	卖盘
10:26:33	45.12	-0.02	7	31584	中性盘
10:26:00	45.14	--	2	9028	卖盘
10:25:51	45.14	--	3	13542	买盘
10:25:42	45.14	--	2	9028	卖盘
10:25:27	45.14	--	1	4514	买盘
10:25:12	45.14	--	1	4514	买盘
10:25:06	45.14	0.02	1	4514	中性盘
10:24:51	45.12	-0.02	4	18048	卖盘
10:24:33	45.14	-0.03	6	27084	卖盘
10:24:09	45.17	--	2	9034	买盘
10:24:06	45.17	--	3	13551	买盘
10:23:57	45.17	-0.01	4	18068	中性盘
10:23:51	45.18	-0.01	11	49698	中性盘
10:23:36	45.19	0.05	10	45190	买盘
10:23:30	45.14	-0.05	95	428830	卖盘
10:23:12	45.19	0.05	4	18076	买盘
10:23:03	45.14	-0.01	5	22570	卖盘
10:23:00	45.15	0.01	1	4515	卖盘
10:22:54	45.14	0.02	1	4514	买盘
10:22:51	45.12	-0.02	10	45120	卖盘
10:22:45	45.14	-0.01	1	4514	卖盘
10:22:42	45.15	--	50	227872	买盘
10:22:39	45.15	--	5	22575	买盘
10:22:27	45.15	--	33	148995	卖盘
10:22:21	45.15	-0.04	38	171570	卖盘
10:22:18	45.19	0.04	5	22595	买盘
10:22:09	45.15	--	10	45150	卖盘
10:22:06	45.15	--	18	81270	买盘
10:22:00	45.15	--	14	63210	买盘
10:21:54	45.15	--	10	45150	买盘
10:21:42	45.15	0.02	20	90300	买盘
10:21:30	45.13	-0.01	10	45130	卖盘
10:21:27	45.14	--	25	112850	买盘
10:21:18	45.14	--	2	9028	买盘
10:21:12	45.14	--	1	4514	买盘
10:21:03	45.14	--	15	67710	买盘
10:20:54	45.14	-0.01	20	90280	卖盘
10:20:48	45.15	0.01	7	31605	买盘
10:20:45	45.14	--	8	36112	买盘
10:20:27	45.14	--	2	9028	卖盘
10:20:21	45.14	0.04	8	36112	买盘
10:20:06	45.1	-0.04	15	67650	卖盘
10:20:03	45.14	0.01	4	18056	买盘
10:19:39	45.13	--	21	94773	买盘
10:19:30	45.13	--	1	4513	买盘
10:19:24	45.13	0.03	8	36104	中性盘
10:19:12	45.1	-0.04	6	27060	中性盘
10:18:54	45.14	0.06	28	126392	买盘
10:18:42	45.08	--	3	13524	买盘
10:18:39	45.08	-0.06	74	333592	卖盘
10:18:36	45.14	0.03	16	72224	买盘
10:18:33	45.11	--	2	9022	卖盘
10:18:27	45.11	-0.03	15	67665	卖盘
10:18:24	45.14	0.03	3	13542	买盘
10:18:18	45.11	-0.03	1	4511	卖盘
10:18:09	45.14	--	3	13542	买盘
10:18:06	45.14	0.04	6	27084	买盘
10:18:00	45.1	--	6	27060	卖盘
10:17:48	45.1	0.02	3	13530	中性盘
10:17:36	45.08	-0.02	50	225400	卖盘
10:17:30	45.1	-0.01	24	108240	卖盘
10:17:21	45.11	--	3	13533	买盘
10:17:15	45.11	--	17	76687	买盘
10:17:06	45.11	0.01	5	22555	买盘
10:17:00	45.1	--	10	45100	卖盘
10:16:48	45.1	--	27	121770	卖盘
10:16:45	45.1	--	1	4510	卖盘
10:16:33	45.1	--	4	22459	买盘
10:16:30	45.1	--	1	4510	买盘
10:16:27	45.1	-0.01	3	13620	卖盘
10:16:12	45.11	-0.01	2	9022	卖盘
10:16:03	45.12	-0.02	6	27072	卖盘
10:16:00	45.14	--	10	45140	买盘
10:15:57	45.14	-0.01	62	279868	卖盘
10:15:54	45.15	--	5	22575	卖盘
10:15:39	45.15	--	1	4515	卖盘
10:15:18	45.15	-0.03	1	4515	中性盘
10:15:00	45.18	0.03	10	45180	买盘
10:14:51	45.15	0.01	1	4515	中性盘
10:14:36	45.14	-0.05	58	261812	卖盘
10:14:27	45.19	-0.01	20	90380	卖盘
10:14:18	45.2	--	1	4520	买盘
10:14:15	45.2	--	2	9040	买盘
10:14:12	45.2	--	2	9040	买盘
10:14:09	45.2	0.01	23	103960	买盘
10:14:00	45.19	-0.01	5	22595	卖盘
10:13:51	45.2	0.01	5	22600	买盘
10:13:45	45.19	--	19	85861	卖盘
10:13:42	45.19	-0.01	1	4519	卖盘
10:13:39	45.2	0.01	13	58760	买盘
10:13:27	45.19	-0.01	10	45190	卖盘
10:13:24	45.2	0.01	1	4520	买盘
10:13:18	45.19	0.01	24	108456	买盘
10:13:15	45.18	-0.01	5	22590	卖盘
10:13:12	45.19	--	11	49709	买盘
10:13:09	45.19	0.01	7	31633	买盘
10:13:03	45.18	--	1	4518	卖盘
10:13:00	45.18	-0.02	50	225900	卖盘
10:12:57	45.2	--	6	27120	买盘
10:12:54	45.2	--	16	72320	买盘
10:12:51	45.2	0.01	55	248600	买盘
10:12:48	45.19	--	2	9038	买盘
10:12:39	45.19	--	12	54228	买盘
10:12:36	45.19	0.01	3	13557	买盘
10:12:30	45.18	0.03	2	9036	买盘
10:12:27	45.15	--	10	45150	买盘
10:12:18	45.15	--	2	9030	买盘
10:12:15	45.15	--	2	9030	买盘
10:12:12	45.15	0.01	1	4515	买盘
10:12:00	45.14	-0.01	10	45140	中性盘
10:11:57	45.15	0.01	50	225750	买盘
10:11:51	45.14	--	20	90280	买盘
10:11:45	45.14	0.01	40	180560	买盘
10:11:42	45.13	-0.01	1	4513	中性盘
10:11:39	45.14	0.01	150	677100	买盘
10:11:30	45.13	0.03	1	4513	中性盘
10:11:15	45.1	-0.04	6	31479	卖盘
10:11:09	45.14	--	30	135420	买盘
10:11:06	45.14	0.01	87	392718	买盘
10:10:51	45.13	0.01	1	4513	买盘
10:10:45	45.12	0.02	1	4512	中性盘
10:10:21	45.1	--	3	13530	买盘
10:10:15	45.1	--	3	13530	买盘
10:10:09	45.1	0.02	3	13530	买盘
10:10:06	45.08	-0.01	19	85652	卖盘
10:10:03	45.09	-0.01	1	4509	卖盘
10:10:00	45.1	0.01	18	81180	买盘
10:09:48	45.09	0.01	35	157815	买盘
10:09:45	45.08	-0.01	2	9016	卖盘
10:09:42	45.09	--	5	22545	买盘
10:09:39	45.09	--	20	90180	卖盘
10:09:36	45.09	-0.01	4	18036	卖盘
10:09:33	45.1	0.01	20	90200	买盘
10:09:30	45.09	--	4	18036	卖盘
10:09:27	45.09	--	2	9018	卖盘
10:09:24	45.09	-0.01	1	4509	卖盘
10:09:21	45.1	--	4	18040	买盘
10:09:09	45.1	-0.05	103	464530	卖盘
10:09:00	45.15	--	5	22575	买盘
10:08:51	45.15	--	1	4515	买盘
10:08:42	45.15	0.06	10	45150	买盘
10:08:33	45.09	0.01	4	18036	买盘
10:08:30	45.08	-0.01	2	9016	中性盘
10:08:24	45.09	0.01	12	54108	买盘
10:08:18	45.08	0.01	1	4508	买盘
10:08:15	45.07	-0.01	3	13521	卖盘
10:08:12	45.08	--	4	18032	买盘
10:08:09	45.08	--	5	22540	卖盘
10:08:06	45.08	--	8	36064	卖盘
10:08:00	45.08	--	21	94668	卖盘
10:07:54	45.08	-0.01	10	45080	卖盘
10:07:48	45.09	-0.01	13	58617	卖盘
10:07:45	45.1	--	5	22550	买盘
10:07:42	45.1	0.02	3	13530	买盘
10:07:36	45.08	-0.02	7	31556	卖盘
10:07:30	45.1	0.02	3	13530	中性盘
10:07:24	45.08	-0.02	50	225400	卖盘
10:07:21	45.1	0.02	5	22550	买盘
10:07:18	45.08	0.01	2	9016	中性盘
10:07:12	45.07	-0.01	13	58591	卖盘
10:07:00	45.08	-0.07	20	90160	卖盘
10:06:48	45.15	-0.02	11	49665	卖盘
10:06:42	45.17	0.02	2	9034	中性盘
10:06:33	45.15	-0.06	39	176085	卖盘
10:06:27	45.21	-0.01	10	45210	卖盘
10:06:24	45.22	-0.03	1	4522	卖盘
10:06:21	45.25	--	2	9050	买盘
10:06:18	45.25	0.01	3	13575	买盘
10:06:15	45.24	-0.01	2	9048	卖盘
10:06:06	45.25	--	6	27150	卖盘
10:06:00	45.25	-0.01	16	72400	卖盘
10:05:57	45.26	-0.03	80	364388	卖盘
10:05:54	45.29	0.03	5	22645	买盘
10:05:48	45.26	-0.03	22	101789	卖盘
10:05:39	45.29	--	1	4529	卖盘
10:05:33	45.29	-0.01	7	31703	卖盘
10:05:24	45.3	0.01	10	45300	买盘
10:05:21	45.29	-0.01	1	4529	卖盘
10:05:18	45.3	--	4	18120	买盘
10:05:15	45.3	0.01	2	9060	买盘
10:05:12	45.29	-0.01	8	36232	卖盘
10:05:09	45.3	--	1	4530	买盘
10:05:06	45.3	--	3	13590	买盘
10:05:03	45.3	0.02	4	18120	中性盘
10:04:54	45.28	-0.04	26	117728	卖盘
10:04:51	45.32	--	5	22660	买盘
10:04:48	45.32	0.02	11	49852	买盘
10:04:45	45.3	0.02	2	9060	中性盘
10:04:36	45.28	--	6	27168	卖盘
10:04:24	45.28	--	40	181120	买盘
10:04:21	45.28	-0.01	5	22640	买盘
10:04:18	45.29	0.01	2	11367	卖盘
10:04:15	45.28	--	11	52026	买盘
10:04:09	45.28	--	27	124565	卖盘
10:04:03	45.28	--	3	13584	卖盘
10:04:00	45.28	0.02	1	4528	卖盘
10:03:54	45.26	--	1	6743	买盘
10:03:48	45.26	-0.02	1	4526	买盘
10:03:45	45.28	--	16	74757	卖盘
10:03:39	45.28	--	2	9056	卖盘
10:03:36	45.28	--	0	2218	买盘
10:03:33	45.28	--	7	31696	买盘
10:03:21	45.28	--	5	22640	买盘
10:03:15	45.28	--	23	104144	买盘
10:03:06	45.28	-0.04	28	129093	卖盘
10:03:00	45.32	--	30	135960	买盘
10:02:57	45.32	-0.03	126	571032	卖盘
10:02:51	45.35	--	1	4535	买盘
10:02:42	45.35	-0.02	36	163260	卖盘
10:02:39	45.37	0.02	5	22685	买盘
10:02:30	45.35	-0.02	22	99770	卖盘
10:02:27	45.37	0.02	1	4537	买盘
10:02:24	45.35	--	4	18140	卖盘
10:02:21	45.35	--	1	4535	卖盘
10:02:18	45.35	--	2	9070	卖盘
10:02:12	45.35	--	13	58955	卖盘
10:02:00	45.35	-0.04	34	154190	卖盘
10:01:57	45.39	0.04	10	45390	买盘
10:01:51	45.35	0.02	3	13605	中性盘
10:01:42	45.33	-0.02	10	45330	卖盘
10:01:39	45.35	--	2	9070	买盘
10:01:36	45.35	--	54	244890	买盘
10:01:33	45.35	0.01	22	99770	买盘
10:01:30	45.34	-0.01	1	4534	中性盘
10:01:24	45.35	--	32	145120	买盘
10:01:18	45.35	--	20	90700	买盘
10:01:15	45.35	--	5	22675	买盘
10:01:12	45.35	--	41	185935	买盘
10:01:09	45.35	-0.05	23	104305	卖盘
10:01:06	45.4	--	3	13620	买盘
10:01:03	45.4	--	1	4540	买盘
10:01:00	45.4	0.02	20	90800	买盘
10:00:57	45.38	-0.01	3	13614	卖盘
10:00:54	45.39	0.06	7	31773	买盘
10:00:51	45.33	--	5	22665	卖盘
10:00:45	45.33	--	6	27198	中性盘
10:00:33	45.33	0.01	22	99726	买盘
10:00:30	45.32	0.02	2	9064	买盘
10:00:15	45.3	--	15	67950	买盘
10:00:12	45.3	0.01	37	167610	买盘
10:00:09	45.29	--	33	149457	卖盘
10:00:03	45.29	-0.01	36	163044	卖盘
09:59:57	45.3	--	3	13590	买盘
09:59:54	45.3	--	44	199320	买盘
09:59:51	45.3	0.02	6	27180	买盘
09:59:42	45.28	--	9	40752	卖盘
09:59:30	45.28	0.01	11	52026	买盘
09:59:27	45.27	0.01	28	126756	买盘
09:59:21	45.26	--	15	67890	买盘
09:59:18	45.26	--	12	54312	卖盘
09:59:15	45.26	-0.01	6	27156	卖盘
09:59:12	45.27	--	1	4527	买盘
09:59:06	45.27	0.01	3	13581	中性盘
09:58:57	45.26	-0.02	4	18104	卖盘
09:58:51	45.28	-0.02	3	13584	中性盘
09:58:48	45.3	--	3	13590	买盘
09:58:45	45.3	--	30	135900	买盘
09:58:42	45.3	--	16	72480	买盘
09:58:33	45.3	-0.03	56	253679	卖盘
09:58:30	45.33	--	4	18132	卖盘
09:58:27	45.33	0.01	2	9066	买盘
09:58:12	45.32	-0.01	24	108768	卖盘
09:58:09	45.33	0.01	7	31731	买盘
09:58:06	45.32	-0.01	2	9064	卖盘
09:58:00	45.33	-0.06	3	13599	卖盘
09:57:57	45.39	--	63	285957	买盘
09:57:54	45.39	--	7	31773	买盘
09:57:48	45.39	0.04	4	18156	买盘
09:57:45	45.35	-0.04	2	9070	卖盘
09:57:42	45.39	--	23	104397	卖盘
09:57:39	45.39	-0.01	1	4539	卖盘
09:57:36	45.4	--	35	158900	买盘
09:57:33	45.4	0.01	56	254240	买盘
09:57:30	45.39	-0.01	2	9078	卖盘
09:57:27	45.4	--	10	45400	卖盘
09:57:24	45.4	--	14	63560	卖盘
09:57:21	45.4	-0.01	22	99880	卖盘
09:57:18	45.41	0.02	1	4541	买盘
09:57:09	45.39	-0.02	2	9078	中性盘
09:57:06	45.41	0.01	37	168017	买盘
09:57:03	45.4	--	8	36320	买盘
09:57:00	45.4	--	8	36320	买盘
09:56:57	45.4	--	31	140740	买盘
09:56:54	45.4	--	2	9080	买盘
09:56:48	45.4	-0.01	19	86260	卖盘
09:56:45	45.41	-0.01	14	63573	卖盘
09:56:42	45.42	0.02	14	63588	买盘
09:56:39	45.4	-0.02	1	4540	中性盘
09:56:30	45.42	0.02	43	195306	买盘
09:56:27	45.4	--	8	36320	买盘
09:56:24	45.4	--	5	22700	买盘
09:56:21	45.4	--	1	4540	买盘
09:56:18	45.4	-0.02	5	22700	卖盘
09:56:15	45.42	--	3	13626	买盘
09:56:12	45.42	-0.07	15	68130	卖盘
09:56:09	45.49	--	4	18196	买盘
09:56:06	45.49	--	14	63686	买盘
09:56:03	45.49	-0.01	20	90980	中性盘
09:55:57	45.5	--	2	9100	买盘
09:55:54	45.5	--	9	40950	买盘
09:55:51	45.5	-0.11	85	386750	卖盘
09:55:48	45.61	--	7	31927	卖盘
09:55:45	45.61	0.03	28	127708	买盘
09:55:42	45.58	-0.01	26	118508	卖盘
09:55:39	45.59	-0.01	24	109416	卖盘
09:55:36	45.6	--	17	77520	中性盘
09:55:33	45.6	0.1	18	82080	买盘
09:55:30	45.5	-0.08	71	323050	卖盘
09:55:27	45.58	--	5	22790	卖盘
09:55:24	45.58	0.01	18	82044	买盘
09:55:21	45.57	0.07	25	113925	买盘
09:55:18	45.5	0.1	114	518700	买盘
09:55:15	45.4	0.01	6	27240	卖盘
09:55:12	45.39	0.07	68	308652	买盘
09:55:09	45.32	--	13	58916	卖盘
09:55:06	45.32	0.02	23	104236	买盘
09:55:00	45.3	--	5	22650	卖盘
09:54:57	45.3	0.24	73	330690	买盘
09:54:54	45.06	-0.04	5	22530	卖盘
09:54:51	45.1	0.02	2	9020	中性盘
09:54:48	45.08	0.06	96	432768	中性盘
09:54:42	45.02	-0.08	50	225100	卖盘
09:54:39	45.1	0.05	58	261580	买盘
09:54:36	45.05	--	1	4505	卖盘
09:54:33	45.05	-0.01	1	4505	卖盘
09:54:30	45.06	--	2	9012	买盘
09:54:27	45.06	--	8	36048	买盘
09:54:24	45.06	-0.04	1	4506	卖盘
09:54:21	45.1	0.05	3	13530	买盘
09:54:15	45.05	-0.05	58	261289	卖盘
09:54:09	45.1	0.01	50	225500	买盘
09:54:03	45.09	0.04	5	22545	买盘
09:54:00	45.05	-0.04	25	112625	卖盘
09:53:54	45.09	0.01	20	90180	买盘
09:53:51	45.08	0.03	2	9016	买盘
09:53:39	45.05	--	14	63069	卖盘
09:53:36	45.05	--	18	81090	买盘
09:53:30	45.05	--	3	13515	买盘
09:53:21	45.05	0.01	10	45050	买盘
09:53:18	45.04	0.03	4	18016	买盘
09:53:15	45.01	-0.03	1	4501	卖盘
09:53:09	45.04	0.03	2	9008	买盘
09:53:03	45.01	--	14	63014	卖盘
09:53:00	45.01	--	6	27006	卖盘
09:52:48	45.01	--	5	22505	卖盘
09:52:42	45.01	--	8	36008	买盘
09:52:36	45.01	--	5	22505	买盘
09:52:21	45.01	--	1	4501	买盘
09:52:15	45.01	-0.04	9	40509	卖盘
09:52:09	45.05	0.04	5	22525	买盘
09:52:06	45.01	-0.03	5	22505	卖盘
09:51:54	45.04	0.05	1	4504	买盘
09:51:45	44.99	-0.01	13	58487	卖盘
09:51:42	45.0	-0.04	10	45000	卖盘
09:51:39	45.04	0.04	12	54048	买盘
09:51:36	45.0	-0.01	2	9000	卖盘
09:51:18	45.01	--	8	36008	买盘
09:51:12	45.01	--	5	22505	买盘
09:51:09	45.01	--	1	4501	中性盘
09:50:51	45.01	0.01	10	45010	买盘
09:50:48	45.0	--	12	54000	卖盘
09:50:45	45.0	--	2	9000	卖盘
09:50:39	45.0	--	20	90000	卖盘
09:50:33	45.0	0.01	6	27000	买盘
09:50:27	44.99	-0.02	2	8998	卖盘
09:50:15	45.01	0.02	24	108024	买盘
09:50:12	44.99	--	3	13497	卖盘
09:50:09	44.99	0.01	15	67485	买盘
09:50:06	44.98	0.02	10	44980	买盘
09:50:00	44.96	-0.02	25	112400	卖盘
09:49:54	44.98	0.02	5	22490	买盘
09:49:45	44.96	-0.02	13	58448	中性盘
09:49:33	44.98	0.03	11	49478	中性盘
09:49:15	44.95	-0.03	2	8990	卖盘
09:49:12	44.98	--	5	22490	卖盘
09:49:09	44.98	0.03	15	67470	买盘
09:49:06	44.95	-0.03	2	8990	卖盘
09:49:00	44.98	--	1	4498	中性盘
09:48:51	44.98	-0.01	4	17992	卖盘
09:48:48	44.99	--	2	8998	买盘
09:48:42	44.99	0.01	32	143968	买盘
09:48:36	44.98	--	1	4498	卖盘
09:48:33	44.98	-0.01	5	22490	卖盘
09:48:30	44.99	--	21	94479	买盘
09:48:24	44.99	--	12	53988	买盘
09:48:21	44.99	0.01	37	166463	买盘
09:48:18	44.98	-0.01	13	58473	卖盘
09:48:15	44.99	-0.05	233	1048267	卖盘
09:48:12	45.04	0.02	42	189168	买盘
09:48:06	45.02	0.02	1	4502	买盘
09:48:03	45.0	-0.02	1	4500	卖盘
09:48:00	45.02	-0.02	33	148566	卖盘
09:47:57	45.04	--	6	27024	买盘
09:47:51	45.04	--	3	13512	买盘
09:47:48	45.04	-0.04	8	36032	卖盘
09:47:45	45.08	0.04	2	9016	买盘
09:47:39	45.04	-0.04	8	36032	卖盘
09:47:36	45.08	0.04	1	4508	中性盘
09:47:33	45.04	-0.01	21	94584	卖盘
09:47:30	45.05	-0.04	1	4505	中性盘
09:47:24	45.09	--	3	13527	买盘
09:47:21	45.09	-0.01	1	4509	中性盘
09:47:15	45.1	--	1	4510	买盘
09:47:12	45.1	--	5	22550	买盘
09:47:06	45.1	0.01	5	22550	买盘
09:47:03	45.09	--	5	22545	卖盘
09:47:00	45.09	--	2	9018	中性盘
09:46:39	45.09	0.07	2	9018	买盘
09:46:33	45.02	-0.08	1	4502	卖盘
09:46:30	45.1	--	2	9020	买盘
09:46:21	45.1	--	1	4510	中性盘
09:46:06	45.1	-0.01	10	45100	中性盘
09:46:00	45.11	0.01	13	58643	买盘
09:45:54	45.1	-0.03	22	99220	买盘
09:45:51	45.13	--	2	9026	买盘
09:45:48	45.13	0.06	26	117338	买盘
09:45:45	45.07	-0.08	16	72112	卖盘
09:45:42	45.15	-0.01	6	27090	卖盘
09:45:39	45.16	--	1	4516	买盘
09:45:36	45.16	0.03	32	144512	买盘
09:45:33	45.13	-0.02	2	9026	中性盘
09:45:27	45.15	--	2	9030	买盘
09:45:24	45.15	--	37	167055	卖盘
09:45:21	45.15	-0.07	10	45150	卖盘
09:45:18	45.22	0.07	228	1031016	买盘
09:45:12	45.15	--	3	13545	卖盘
09:45:09	45.15	0.11	4	18060	卖盘
09:45:06	45.04	-0.11	11	49544	卖盘
09:45:03	45.15	--	13	58695	卖盘
09:45:00	45.15	0.03	7	31605	买盘
09:44:54	45.12	-0.05	9	40608	卖盘
09:44:51	45.17	0.05	9	40653	买盘
09:44:45	45.12	--	8	36096	卖盘
09:44:42	45.12	--	10	45120	买盘
09:44:39	45.12	--	3	13536	买盘
09:44:36	45.12	--	10	45120	买盘
09:44:33	45.12	--	8	36096	卖盘
09:44:30	45.12	0.01	27	121824	买盘
09:44:27	45.11	--	1	4511	卖盘
09:44:21	45.11	--	11	49621	买盘
09:44:18	45.11	0.01	2	9022	买盘
09:44:15	45.1	--	23	103730	卖盘
09:44:12	45.1	--	28	126280	买盘
09:44:09	45.1	--	13	58630	买盘
09:44:03	45.1	0.05	120	541200	买盘
09:43:54	45.05	0.04	8	36040	买盘
09:43:39	45.01	--	1	4501	卖盘
09:43:36	45.01	--	18	81018	卖盘
09:43:21	45.01	0.02	7	31507	买盘
09:43:18	44.99	-0.01	37	166463	卖盘
09:43:15	45.0	--	2	9000	卖盘
09:43:12	45.0	0.01	4	18000	买盘
09:43:09	44.99	--	2	8998	卖盘
09:43:06	44.99	--	10	44990	卖盘
09:43:03	44.99	--	3	13497	卖盘
09:43:00	44.99	--	1	4499	卖盘
09:42:57	44.99	0.07	7	31493	买盘
09:42:54	44.92	-0.06	30	134760	卖盘
09:42:45	44.98	--	2	8996	买盘
09:42:39	44.98	0.07	18	83257	买盘
09:42:36	44.91	--	6	26945	买盘
09:42:27	44.91	-0.09	6	26945	卖盘
09:42:24	45.0	0.01	105	472500	买盘
09:42:18	44.99	--	2	8998	卖盘
09:42:15	44.99	--	3	13497	卖盘
09:42:12	44.99	0.09	24	107976	买盘
09:42:09	44.9	-0.05	4	17960	买盘
09:42:06	44.95	0.06	12	53940	买盘
09:42:03	44.89	-0.01	2	8978	买盘
09:42:00	44.9	--	3	13470	卖盘
09:41:57	44.9	--	5	22450	买盘
09:41:51	44.9	0.05	4	17960	买盘
09:41:39	44.85	--	4	17940	卖盘
09:41:36	44.85	0.05	3	13455	买盘
09:41:30	44.8	--	1	4480	卖盘
09:41:24	44.8	--	5	22400	卖盘
09:41:21	44.8	0.08	140	627200	买盘
09:41:18	44.72	0.02	5	22360	中性盘
09:41:15	44.7	-0.03	11	49170	卖盘
09:41:12	44.73	-0.01	5	22365	中性盘
09:41:06	44.74	0.02	30	134220	买盘
09:41:03	44.72	-0.01	2	8944	卖盘
09:41:00	44.73	-0.01	2	8946	中性盘
09:40:48	44.74	-0.02	22	98428	买盘
09:40:42	44.76	0.02	65	290940	买盘
09:40:36	44.74	-0.01	12	55030	卖盘
09:40:33	44.75	0.01	8	35800	买盘
09:40:30	44.74	-0.01	3	13422	卖盘
09:40:24	44.75	0.01	6	26850	买盘
09:40:18	44.74	0.05	11	49214	买盘
09:40:06	44.69	--	1	4469	卖盘
09:40:03	44.69	--	2	8938	卖盘
09:39:57	44.69	--	2	8938	买盘
09:39:54	44.69	0.02	3	13407	买盘
09:39:45	44.67	--	14	62538	买盘
09:39:42	44.67	--	33	147411	买盘
09:39:39	44.67	--	12	53604	买盘
09:39:36	44.67	0.01	24	107208	买盘
09:39:33	44.66	--	20	89320	卖盘
09:39:30	44.66	--	19	84854	买盘
09:39:27	44.66	-0.01	8	35728	卖盘
09:39:24	44.67	0.02	10	44670	买盘
09:39:18	44.65	-0.01	5	22325	卖盘
09:39:12	44.66	0.01	1	4466	买盘
09:39:09	44.65	0.04	46	205390	买盘
09:39:06	44.61	-0.04	39	173979	卖盘
09:39:03	44.65	0.04	23	102695	买盘
09:39:00	44.61	--	3	13383	卖盘
09:38:57	44.61	--	1	4461	卖盘
09:38:54	44.61	--	10	44610	卖盘
09:38:51	44.61	0.01	8	35688	买盘
09:38:45	44.6	0.01	47	209620	买盘
09:38:42	44.59	0.04	2	8918	中性盘
09:38:39	44.55	--	18	80190	卖盘
09:38:36	44.55	--	8	35640	卖盘
09:38:30	44.55	--	2	8910	卖盘
09:38:27	44.55	0.01	20	89100	买盘
09:38:24	44.54	--	14	62356	卖盘
09:38:21	44.54	-0.01	5	22270	中性盘
09:38:15	44.55	-0.03	2	8910	卖盘
09:38:12	44.58	0.06	8	35664	买盘
09:38:09	44.52	--	17	75684	买盘
09:38:06	44.52	-0.01	35	155820	卖盘
09:38:03	44.53	--	4	17812	买盘
09:37:57	44.53	-0.05	24	106872	卖盘
09:37:54	44.58	--	116	518420	卖盘
09:37:51	44.58	0.05	12	53496	买盘
09:37:48	44.53	--	3	13359	卖盘
09:37:45	44.53	-0.05	15	66795	卖盘
09:37:36	44.58	0.04	15	66870	买盘
09:37:33	44.54	--	18	80172	卖盘
09:37:30	44.54	0.01	25	111350	买盘
09:37:27	44.53	-0.01	7	31171	买盘
09:37:24	44.54	0.01	89	396406	买盘
09:37:21	44.53	-0.05	4	17812	卖盘
09:37:18	44.58	0.05	10	44580	买盘
09:37:12	44.53	-0.05	13	57889	卖盘
09:37:09	44.58	--	7	31206	卖盘
09:37:06	44.58	0.05	8	35664	买盘
09:37:03	44.53	-0.08	34	151402	卖盘
09:37:00	44.61	--	2	8922	买盘
09:36:54	44.61	0.01	8	35688	买盘
09:36:51	44.6	-0.01	12	53520	中性盘
09:36:48	44.61	--	50	223050	买盘
09:36:45	44.61	--	35	156135	买盘
09:36:36	44.61	-0.06	64	285504	卖盘
09:36:33	44.67	--	11	49137	买盘
09:36:27	44.67	--	36	160812	买盘
09:36:24	44.67	0.06	49	218883	买盘
09:36:21	44.61	--	11	49071	卖盘
09:36:18	44.61	-0.01	1	4461	卖盘
09:36:15	44.62	0.01	7	31234	买盘
09:36:09	44.61	--	19	84759	买盘
09:36:03	44.61	-0.06	11	49071	卖盘
09:36:00	44.67	0.17	26	116142	买盘
09:35:57	44.5	-0.12	40	178000	卖盘
09:35:54	44.62	-0.05	1	4462	中性盘
09:35:51	44.67	--	18	80406	买盘
09:35:48	44.67	-0.02	10	44670	买盘
09:35:45	44.69	0.08	5	22345	买盘
09:35:42	44.61	-0.08	248	1106328	卖盘
09:35:39	44.69	0.01	6	26814	买盘
09:35:36	44.68	--	3	13404	买盘
09:35:33	44.68	--	2	8936	买盘
09:35:30	44.68	--	21	93828	买盘
09:35:27	44.68	--	25	111700	卖盘
09:35:24	44.68	-0.02	3	13404	卖盘
09:35:21	44.7	--	10	44700	买盘
09:35:18	44.7	--	1	4470	买盘
09:35:15	44.7	--	2	8940	买盘
09:35:12	44.7	-0.01	106	476949	卖盘
09:35:06	44.71	--	7	31297	卖盘
09:35:03	44.71	--	19	84949	卖盘
09:35:00	44.71	--	2	10283	卖盘
09:34:57	44.71	--	8	35768	卖盘
09:34:54	44.71	--	8	35768	卖盘
09:34:51	44.71	-0.02	24	107304	卖盘
09:34:48	44.73	0.02	17	76041	中性盘
09:34:45	44.71	--	22	98362	卖盘
09:34:42	44.71	--	7	31297	卖盘
09:34:33	44.71	-0.04	53	236963	卖盘
09:34:30	44.75	--	1	4475	买盘
09:34:27	44.75	--	5	22375	买盘
09:34:24	44.75	--	41	183475	买盘
09:34:21	44.75	--	6	26850	买盘
09:34:18	44.75	--	2	8950	买盘
09:34:15	44.75	-0.01	5	22375	卖盘
09:34:12	44.76	--	11	49236	买盘
09:34:09	44.76	--	20	89520	买盘
09:34:06	44.76	--	23	102948	买盘
09:34:03	44.76	--	35	156660	买盘
09:34:00	44.76	--	6	26856	买盘
09:33:57	44.76	--	58	259608	买盘
09:33:54	44.76	--	2	8952	买盘
09:33:51	44.76	--	5	22380	买盘
09:33:48	44.76	-0.06	25	111900	买盘
09:33:45	44.82	0.06	46	206172	买盘
09:33:42	44.76	-0.01	28	125328	卖盘
09:33:39	44.77	0.01	3	13431	卖盘
09:33:36	44.76	-0.01	81	362556	卖盘
09:33:33	44.77	0.01	2	8954	买盘
09:33:30	44.76	-0.04	1	4476	卖盘
09:33:27	44.8	0.05	10	44800	买盘
09:33:24	44.75	-0.05	20	89500	卖盘
09:33:18	44.8	0.03	1	4480	买盘
09:33:15	44.77	--	2	8954	中性盘
09:33:06	44.77	0.01	4	17908	中性盘
09:33:03	44.76	-0.04	25	111900	卖盘
09:33:00	44.8	0.04	1	4480	卖盘
09:32:57	44.76	-0.04	42	187992	卖盘
09:32:54	44.8	--	10	44800	买盘
09:32:51	44.8	0.05	1	4480	买盘
09:32:48	44.75	--	2	8950	卖盘
09:32:45	44.75	-0.01	25	111875	卖盘
09:32:42	44.76	--	32	143232	买盘
09:32:39	44.76	--	6	26856	买盘
09:32:36	44.76	0.01	3	13428	中性盘
09:32:33	44.75	-0.05	7	31325	卖盘
09:32:30	44.8	0.04	2	8960	买盘
09:32:27	44.76	--	21	93996	卖盘
09:32:24	44.76	-0.05	2	8952	卖盘
09:32:21	44.81	0.01	20	89620	买盘
09:32:18	44.8	-0.02	66	295680	卖盘
09:32:12	44.82	0.02	6	26892	买盘
09:32:09	44.8	-0.02	27	120959	卖盘
09:32:06	44.82	--	4	17928	买盘
09:32:03	44.82	--	22	98604	买盘
09:32:00	44.82	--	10	44820	买盘
09:31:57	44.82	--	3	13446	买盘
09:31:54	44.82	-0.06	22	98604	卖盘
09:31:51	44.88	--	5	22440	买盘
09:31:48	44.88	-0.02	29	130152	中性盘
09:31:45	44.9	--	15	67350	买盘
09:31:42	44.9	0.02	10	44900	买盘
09:31:39	44.88	--	17	76296	卖盘
09:31:36	44.88	-0.02	15	67320	卖盘
09:31:33	44.9	0.02	12	53880	买盘
09:31:27	44.88	-0.02	4	17952	卖盘
09:31:24	44.9	-0.01	1	4490	买盘
09:31:21	44.91	--	5	22455	卖盘
09:31:18	44.91	-0.02	3	13472	卖盘
09:31:15	44.93	0.02	5	22465	中性盘
09:31:06	44.91	-0.1	5	22455	卖盘
09:31:00	45.01	0.01	5	22505	买盘
09:30:57	45.0	-0.01	1	4500	中性盘
09:30:54	45.01	--	11	49511	买盘
09:30:48	45.01	0.01	3	13503	买盘
09:30:45	45.0	-0.01	9	40500	卖盘
09:30:39	45.01	-0.09	19	85519	卖盘
09:30:36	45.1	--	2	9020	买盘
09:30:33	45.1	--	1	4510	买盘
09:30:09	45.1	0.09	11	49610	买盘
09:30:06	45.01	--	31	139531	卖盘
09:30:03	45.01	0.01	293	1318793	买盘
09:30:00	45.0	--	0	0	卖盘
09:25:03	45.0	45	144	648000	买盘
