成交时间	成交价	价格变动	成交量(手)	成交额(元)	性质
15:00:03	29.08	-0.01	1529	4446332	中性盘
14:57:03	29.09	0.02	46	133814	买盘
14:57:00	29.07	--	169	491283	卖盘
14:56:57	29.07	--	76	220932	卖盘
14:56:54	29.07	-0.01	44	127908	卖盘
14:56:51	29.08	0.01	46	133768	买盘
14:56:48	29.07	-0.01	44	127908	卖盘
14:56:45	29.08	0.02	39	113412	买盘
14:56:42	29.06	-0.01	78	226668	卖盘
14:56:39	29.07	-0.01	56	165001	卖盘
14:56:36	29.08	0.01	83	241364	买盘
14:56:33	29.07	--	80	232560	卖盘
14:56:30	29.07	-0.01	61	178024	卖盘
14:56:27	29.08	--	32	93056	买盘
14:56:24	29.08	--	31	90148	买盘
14:56:21	29.08	0.02	21	61068	买盘
14:56:18	29.06	-0.01	43	124958	卖盘
14:56:15	29.07	0.01	37	107559	买盘
14:56:12	29.06	-0.01	31	90086	卖盘
14:56:09	29.07	--	8	23256	买盘
14:56:06	29.07	-0.01	47	137065	卖盘
14:56:03	29.08	--	214	624783	买盘
14:56:00	29.08	0.01	10	29080	买盘
14:55:57	29.07	--	32	93024	卖盘
14:55:54	29.07	--	37	107559	卖盘
14:55:51	29.07	-0.01	42	122094	卖盘
14:55:48	29.08	0.01	93	270444	买盘
14:55:45	29.07	--	41	119187	卖盘
14:55:42	29.07	-0.01	33	95931	卖盘
14:55:39	29.08	--	13	37804	买盘
14:55:36	29.08	--	63	183204	买盘
14:55:33	29.08	--	89	258811	卖盘
14:55:30	29.08	-0.01	17	49436	卖盘
14:55:27	29.09	0.01	24	69816	买盘
14:55:24	29.08	--	72	209376	卖盘
14:55:21	29.08	-0.01	42	122136	卖盘
14:55:18	29.09	0.01	49	142541	买盘
14:55:15	29.08	-0.01	21	61068	卖盘
14:55:12	29.09	0.01	18	52362	买盘
14:55:09	29.08	-0.01	32	93056	卖盘
14:55:06	29.09	--	1	2909	买盘
14:55:03	29.09	-0.01	52	151268	买盘
14:55:00	29.1	0.01	19	55290	买盘
14:54:57	29.09	--	174	506166	卖盘
14:54:54	29.09	--	46	133814	卖盘
14:54:51	29.09	--	46	133814	卖盘
14:54:48	29.09	--	13	37817	卖盘
14:54:45	29.09	--	14	40726	卖盘
14:54:42	29.09	-0.01	39	113451	卖盘
14:54:39	29.1	--	20	58200	买盘
14:54:36	29.1	--	6	17460	买盘
14:54:33	29.1	--	20	58200	买盘
14:54:30	29.1	--	6	17460	买盘
14:54:27	29.1	--	96	281571	卖盘
14:54:24	29.1	--	45	130950	卖盘
14:54:21	29.1	--	14	40740	卖盘
14:54:18	29.1	--	120	349200	卖盘
14:54:15	29.1	--	34	98940	卖盘
14:54:12	29.1	--	70	203700	卖盘
14:54:09	29.1	--	120	349200	卖盘
14:54:06	29.1	--	35	101850	卖盘
14:54:03	29.1	--	8	23280	卖盘
14:53:57	29.1	-0.01	65	189150	卖盘
14:53:54	29.11	-0.01	41	119351	卖盘
14:53:51	29.12	0.01	12	34944	买盘
14:53:48	29.11	-0.01	7	20377	卖盘
14:53:45	29.12	--	54	157248	买盘
14:53:42	29.12	--	60	174720	买盘
14:53:39	29.12	--	10	29120	买盘
14:53:36	29.12	--	16	46592	卖盘
14:53:33	29.12	--	34	99008	买盘
14:53:30	29.12	--	22	64064	卖盘
14:53:27	29.12	--	19	55328	卖盘
14:53:24	29.12	--	84	246064	卖盘
14:53:21	29.12	--	24	69888	卖盘
14:53:18	29.12	--	8	23296	卖盘
14:53:15	29.12	--	40	116480	卖盘
14:53:12	29.12	--	10	29120	卖盘
14:53:09	29.12	-0.01	16	46592	卖盘
14:53:06	29.13	0.01	33	96129	中性盘
14:53:03	29.12	--	20	58240	卖盘
14:53:00	29.12	-0.01	43	125216	卖盘
14:52:57	29.13	--	91	266539	买盘
14:52:54	29.13	0.01	10	29130	买盘
14:52:51	29.12	-0.01	15	43680	卖盘
14:52:48	29.13	--	14	40782	买盘
14:52:45	29.13	-0.02	8	24760	卖盘
14:52:42	29.15	0.02	232	676280	买盘
14:52:39	29.13	--	159	463167	卖盘
14:52:36	29.13	--	8	23304	卖盘
14:52:33	29.13	--	29	84477	卖盘
14:52:30	29.13	--	17	49521	卖盘
14:52:27	29.13	-0.01	41	119433	卖盘
14:52:24	29.14	0.01	36	104904	买盘
14:52:21	29.13	--	11	32043	卖盘
14:52:18	29.13	--	28	81564	卖盘
14:52:15	29.13	-0.01	43	125259	卖盘
14:52:12	29.14	--	9	26226	卖盘
14:52:09	29.14	--	35	101990	买盘
14:52:06	29.14	--	17	49538	中性盘
14:52:03	29.14	--	54	157356	卖盘
14:52:00	29.14	--	31	90334	卖盘
14:51:57	29.14	--	37	107818	卖盘
14:51:54	29.14	--	26	75764	卖盘
14:51:51	29.14	--	2	5828	卖盘
14:51:48	29.14	-0.01	42	122388	卖盘
14:51:45	29.15	0.01	57	166155	买盘
14:51:42	29.14	--	21	61194	买盘
14:51:39	29.14	0.01	4	11656	卖盘
14:51:36	29.13	--	5	14565	卖盘
14:51:33	29.13	-0.01	40	117976	卖盘
14:51:30	29.14	0.01	28	81592	买盘
14:51:27	29.13	--	226	658338	卖盘
14:51:24	29.13	--	38	110694	卖盘
14:51:21	29.13	--	24	69912	卖盘
14:51:18	29.13	--	54	157302	卖盘
14:51:15	29.13	--	7	20391	卖盘
14:51:12	29.13	-0.01	1	2913	卖盘
14:51:09	29.14	--	12	34968	卖盘
14:51:06	29.14	--	38	110732	买盘
14:51:03	29.14	--	11	32054	卖盘
14:51:00	29.14	--	41	119474	卖盘
14:50:57	29.14	--	19	55366	卖盘
14:50:54	29.14	--	85	247690	卖盘
14:50:51	29.14	--	7	20398	卖盘
14:50:48	29.14	--	24	69936	卖盘
14:50:45	29.14	--	39	113646	卖盘
14:50:42	29.14	--	237	690618	买盘
14:50:39	29.14	--	8	23312	买盘
14:50:36	29.14	--	19	55366	买盘
14:50:33	29.14	-0.01	14	40796	卖盘
14:50:30	29.15	0.01	8	23320	买盘
14:50:27	29.14	--	22	64108	卖盘
14:50:24	29.14	--	17	49538	卖盘
14:50:18	29.14	--	8	23312	卖盘
14:50:15	29.14	--	60	174840	买盘
14:50:12	29.14	0.01	5	14570	买盘
14:50:09	29.13	--	6	17478	卖盘
14:50:06	29.13	--	3	8739	卖盘
14:50:03	29.13	-0.02	25	72825	卖盘
14:50:00	29.15	0.02	4	11660	买盘
14:49:57	29.13	--	1	2913	卖盘
14:49:54	29.13	-0.02	10	29130	卖盘
14:49:51	29.15	0.03	3	8745	买盘
14:49:48	29.12	0.01	30	87360	卖盘
14:49:45	29.11	-0.01	45	130995	卖盘
14:49:42	29.12	--	10	29120	卖盘
14:49:39	29.12	-0.03	13	37856	卖盘
14:49:36	29.15	0.03	151	440165	买盘
14:49:33	29.12	0.02	7	20384	买盘
14:49:30	29.1	-0.01	7	20370	卖盘
14:49:27	29.11	--	8	23288	买盘
14:49:24	29.11	-0.01	37	107707	中性盘
14:49:21	29.12	--	74	215488	买盘
14:49:18	29.12	0.01	58	168896	买盘
14:49:15	29.11	--	4	11644	卖盘
14:49:12	29.11	--	89	259079	卖盘
14:49:09	29.11	--	13	38104	卖盘
14:49:06	29.11	0.01	290	844626	买盘
14:49:03	29.1	--	19	55290	买盘
14:49:00	29.1	--	12	34920	买盘
14:48:57	29.1	--	26	78133	卖盘
14:48:54	29.1	--	5	14550	卖盘
14:48:51	29.1	--	74	215776	买盘
14:48:48	29.1	0.01	6	17460	买盘
14:48:45	29.09	--	13	37817	卖盘
14:48:42	29.09	--	40	116360	卖盘
14:48:39	29.09	--	19	55271	中性盘
14:48:36	29.09	0.01	37	107633	买盘
14:48:33	29.08	-0.01	1	2908	卖盘
14:48:30	29.09	0.01	39	113451	买盘
14:48:27	29.08	--	4	11632	卖盘
14:48:24	29.08	0.01	4	11632	中性盘
14:48:21	29.07	-0.03	42	122094	卖盘
14:48:18	29.1	0.03	247	718770	买盘
14:48:15	29.07	--	62	180234	卖盘
14:48:12	29.07	-0.01	9	26163	卖盘
14:48:09	29.08	--	55	159940	买盘
14:48:06	29.08	--	56	162848	买盘
14:48:03	29.08	--	25	72700	买盘
14:48:00	29.08	--	32	93056	买盘
14:47:57	29.08	--	50	145894	卖盘
14:47:54	29.08	--	12	34896	卖盘
14:47:51	29.08	-0.01	34	98872	卖盘
14:47:48	29.09	--	11	34413	买盘
14:47:45	29.09	0.01	78	226902	买盘
14:47:42	29.08	-0.01	45	131354	卖盘
14:47:39	29.09	--	48	139632	买盘
14:47:36	29.09	0.01	37	107633	买盘
14:47:33	29.08	-0.01	17	49436	卖盘
14:47:30	29.09	--	10	29090	买盘
14:47:27	29.09	--	23	66907	买盘
14:47:24	29.09	0.01	68	197812	买盘
14:47:21	29.08	-0.01	48	139584	卖盘
14:47:18	29.09	-0.01	34	98906	卖盘
14:47:15	29.1	0.02	18	52380	买盘
14:47:12	29.08	-0.01	156	453648	卖盘
14:47:09	29.09	--	7	20363	卖盘
14:47:06	29.09	--	30	87270	买盘
14:47:03	29.09	0.01	10	29090	买盘
14:47:00	29.08	-0.01	19	55252	卖盘
14:46:57	29.09	0.01	16	46544	买盘
14:46:54	29.08	-0.01	1	2908	卖盘
14:46:51	29.09	--	33	95997	买盘
14:46:48	29.09	--	8	23272	买盘
14:46:45	29.09	--	9	26181	卖盘
14:46:42	29.09	--	46	133814	卖盘
14:46:39	29.09	-0.01	14	40726	卖盘
14:46:36	29.1	0.01	17	49470	买盘
14:46:33	29.09	-0.01	10	29090	卖盘
14:46:30	29.1	--	15	43650	买盘
14:46:27	29.1	--	18	52380	买盘
14:46:24	29.1	0.01	16	46560	买盘
14:46:21	29.09	-0.01	8	23272	卖盘
14:46:18	29.1	--	27	78570	卖盘
14:46:15	29.1	--	88	256080	卖盘
14:46:12	29.1	--	49	142590	卖盘
14:46:09	29.1	--	46	133860	卖盘
14:46:06	29.1	--	12	34920	卖盘
14:46:03	29.1	--	22	64020	卖盘
14:46:00	29.1	-0.01	11	32010	卖盘
14:45:51	29.11	--	24	69864	卖盘
14:45:48	29.11	--	51	148461	卖盘
14:45:45	29.11	--	26	75686	卖盘
14:45:42	29.11	--	17	49487	卖盘
14:45:39	29.11	--	24	69864	卖盘
14:45:36	29.11	--	10	29110	卖盘
14:45:33	29.11	--	60	174660	卖盘
14:45:30	29.11	--	19	55309	卖盘
14:45:27	29.11	-0.01	2	5822	卖盘
14:45:24	29.12	--	5	14560	买盘
14:45:18	29.12	--	43	125216	卖盘
14:45:15	29.12	--	28	81536	买盘
14:45:12	29.12	--	20	58240	买盘
14:45:09	29.12	--	33	96096	卖盘
14:45:06	29.12	--	109	317408	卖盘
14:45:03	29.12	--	18	52416	卖盘
14:45:00	29.12	--	15	43680	卖盘
14:44:57	29.12	-0.01	15	43680	卖盘
14:44:54	29.13	--	12	34956	买盘
14:44:51	29.13	--	12	36412	卖盘
14:44:48	29.13	-0.01	6	17478	卖盘
14:44:45	29.14	0.01	27	78678	买盘
14:44:42	29.13	-0.01	13	37869	卖盘
14:44:33	29.14	--	15	43710	买盘
14:44:30	29.14	-0.02	362	1054868	卖盘
14:44:27	29.16	--	123	358668	买盘
14:44:24	29.16	0.01	24	69984	买盘
14:44:21	29.15	--	32	93280	卖盘
14:44:18	29.15	-0.01	33	96195	卖盘
14:44:15	29.16	--	3	8748	买盘
14:44:12	29.16	0.01	3	8748	买盘
14:44:09	29.15	-0.01	36	104940	卖盘
14:44:06	29.16	--	8	23328	卖盘
14:44:00	29.16	-0.01	30	87480	卖盘
14:43:57	29.17	-0.01	6	17502	卖盘
14:43:51	29.18	0.01	24	70032	买盘
14:43:48	29.17	--	3	8751	卖盘
14:43:45	29.17	-0.01	30	87510	卖盘
14:43:42	29.18	--	1	2918	卖盘
14:43:39	29.18	--	20	58360	买盘
14:43:36	29.18	-0.01	11	32098	卖盘
14:43:33	29.19	0.01	72	210168	买盘
14:43:30	29.18	0.01	6	17508	买盘
14:43:27	29.17	-0.01	20	59798	卖盘
14:43:24	29.18	--	38	112343	买盘
14:43:21	29.18	--	7	20426	买盘
14:43:18	29.18	--	23	67114	卖盘
14:43:15	29.18	--	5	14590	卖盘
14:43:09	29.18	-0.01	7	20426	卖盘
14:43:06	29.19	0.01	17	49623	中性盘
14:43:03	29.18	--	10	29180	卖盘
14:43:00	29.18	-0.01	13	37934	卖盘
14:42:57	29.19	0.01	3	8757	买盘
14:42:54	29.18	--	4	11672	卖盘
14:42:51	29.18	--	7	20426	卖盘
14:42:48	29.18	-0.02	5	14590	中性盘
14:42:39	29.2	0.02	47	137240	买盘
14:42:30	29.18	-0.02	20	58360	卖盘
14:42:27	29.2	0.01	94	274480	买盘
14:42:24	29.19	0.01	15	43785	卖盘
14:42:21	29.18	--	32	93376	卖盘
14:42:18	29.18	-0.01	11	32098	卖盘
14:42:12	29.19	0.01	30	87570	买盘
14:42:09	29.18	0.01	12	36475	买盘
14:42:06	29.17	-0.01	5	14585	卖盘
14:42:03	29.18	0.01	7	20426	买盘
14:42:00	29.17	0.01	15	43755	卖盘
14:41:57	29.16	-0.01	98	285768	卖盘
14:41:54	29.17	--	6	17502	卖盘
14:41:51	29.17	0.01	11	32087	卖盘
14:41:48	29.16	--	42	122472	卖盘
14:41:45	29.16	--	63	183708	卖盘
14:41:42	29.16	-0.01	18	52488	卖盘
14:41:39	29.17	0.01	18	52506	买盘
14:41:36	29.16	-0.01	6	17496	卖盘
14:41:33	29.17	0.01	12	35004	买盘
14:41:30	29.16	-0.01	25	72900	卖盘
14:41:27	29.17	0.01	1	2917	买盘
14:41:24	29.16	--	12	34992	卖盘
14:41:21	29.16	--	6	17496	卖盘
14:41:15	29.16	--	20	58320	卖盘
14:41:12	29.16	0.01	5	14580	买盘
14:41:09	29.15	-0.01	6	17490	卖盘
14:41:06	29.16	0.01	18	52488	买盘
14:41:03	29.15	--	5	14575	卖盘
14:41:00	29.15	-0.01	5	14575	卖盘
14:40:57	29.16	--	2	5832	卖盘
14:40:54	29.16	0.01	1	2916	中性盘
14:40:48	29.15	-0.02	17	49555	卖盘
14:40:42	29.17	--	17	49589	买盘
14:40:39	29.17	0.02	19	55423	买盘
14:40:36	29.15	-0.02	30	87450	中性盘
14:40:33	29.17	0.01	50	147308	买盘
14:40:27	29.16	--	1	2916	卖盘
14:40:24	29.16	--	32	94770	买盘
14:40:21	29.16	0.01	23	68526	买盘
14:40:18	29.15	--	15	43725	卖盘
14:40:15	29.15	--	33	96195	卖盘
14:40:12	29.15	-0.02	16	46640	卖盘
14:40:09	29.17	0.01	65	189605	买盘
14:40:06	29.16	--	14	40824	买盘
14:40:00	29.16	-0.01	63	183708	卖盘
14:39:57	29.17	0.01	15	43755	买盘
14:39:54	29.16	-0.01	46	134136	卖盘
14:39:51	29.17	--	3	8751	买盘
14:39:48	29.17	--	1	2917	买盘
14:39:45	29.17	--	20	58340	卖盘
14:39:42	29.17	--	1	2917	卖盘
14:39:36	29.17	--	19	55423	卖盘
14:39:33	29.17	-0.01	69	201273	卖盘
14:39:30	29.18	0.02	14	40852	买盘
14:39:27	29.16	-0.03	31	90396	卖盘
14:39:24	29.19	0.02	4	11676	买盘
14:39:21	29.17	--	10	29170	卖盘
14:39:18	29.17	-0.01	11	32087	卖盘
14:39:15	29.18	-0.01	9	26262	卖盘
14:39:12	29.19	--	14	40866	卖盘
14:39:09	29.19	--	3	8757	买盘
14:39:06	29.19	0.01	16	46704	卖盘
14:39:03	29.18	-0.01	55	160490	卖盘
14:39:00	29.19	-0.01	11	32109	卖盘
14:38:57	29.2	0.01	7	20440	买盘
14:38:54	29.19	-0.01	7	20433	卖盘
14:38:51	29.2	--	36	105120	买盘
14:38:45	29.2	--	25	73000	卖盘
14:38:42	29.2	--	12	35040	卖盘
14:38:39	29.2	--	100	292000	卖盘
14:38:36	29.2	--	19	55480	卖盘
14:38:33	29.2	--	9	26280	卖盘
14:38:30	29.2	-0.01	23	67160	卖盘
14:38:27	29.21	--	3	8763	买盘
14:38:21	29.21	--	6	17526	买盘
14:38:15	29.21	-0.01	43	125603	卖盘
14:38:09	29.22	--	9	26298	买盘
14:38:06	29.22	--	5	14610	买盘
14:38:03	29.22	--	30	87660	卖盘
14:38:00	29.22	--	21	61362	卖盘
14:37:57	29.22	--	1	2922	卖盘
14:37:51	29.22	-0.02	10	29220	卖盘
14:37:39	29.24	--	36	107895	卖盘
14:37:36	29.24	--	3	8772	卖盘
14:37:33	29.24	-0.02	6	17544	卖盘
14:37:24	29.26	0.02	15	43890	买盘
14:37:18	29.24	-0.02	180	526320	卖盘
14:37:15	29.26	--	15	43890	卖盘
14:37:12	29.26	--	4	11704	卖盘
14:37:09	29.26	--	64	187264	卖盘
14:37:06	29.26	--	12	35112	卖盘
14:37:03	29.26	--	22	64372	卖盘
14:37:00	29.26	0.01	45	131670	中性盘
14:36:57	29.25	--	16	46800	卖盘
14:36:54	29.25	--	41	119925	卖盘
14:36:51	29.25	--	2	5850	卖盘
14:36:48	29.25	-0.01	8	23400	卖盘
14:36:45	29.26	--	10	29260	买盘
14:36:42	29.26	-0.02	5	14630	买盘
14:36:39	29.28	0.03	2	5856	买盘
14:36:36	29.25	-0.03	233	681525	卖盘
14:36:33	29.28	--	5	14640	买盘
14:36:30	29.28	--	18	52704	买盘
14:36:27	29.28	--	59	172752	买盘
14:36:24	29.28	--	135	395280	卖盘
14:36:21	29.28	--	119	348432	卖盘
14:36:18	29.28	--	21	61780	买盘
14:36:15	29.28	0.01	6	17568	买盘
14:36:12	29.27	-0.01	10	29270	卖盘
14:36:09	29.28	--	10	29280	买盘
14:36:06	29.28	--	25	73200	卖盘
14:36:03	29.28	-0.01	23	67344	中性盘
14:36:00	29.29	0.01	21	61509	买盘
14:35:57	29.28	--	14	40992	买盘
14:35:54	29.28	0.02	15	43920	买盘
14:35:51	29.26	-0.02	8	23408	卖盘
14:35:48	29.28	--	20	58560	买盘
14:35:39	29.28	--	12	35136	买盘
14:35:36	29.28	0.02	40	117120	中性盘
14:35:33	29.26	--	10	29260	卖盘
14:35:30	29.26	-0.02	23	67298	卖盘
14:35:27	29.28	--	2	5856	卖盘
14:35:24	29.28	0.03	170	497760	买盘
14:35:21	29.25	-0.01	51	149175	卖盘
14:35:18	29.26	--	13	38038	买盘
14:35:15	29.26	--	13	38038	买盘
14:35:12	29.26	--	23	67298	买盘
14:35:09	29.26	0.01	18	52668	买盘
14:35:06	29.25	-0.01	41	119925	卖盘
14:35:03	29.26	0.01	2	5852	买盘
14:35:00	29.25	-0.01	8	23400	卖盘
14:34:57	29.26	0.01	10	29260	买盘
14:34:54	29.25	--	69	201825	买盘
14:34:51	29.25	--	7	20475	买盘
14:34:48	29.25	--	50	146250	买盘
14:34:45	29.25	--	10	29250	买盘
14:34:42	29.25	0.01	11	32175	买盘
14:34:39	29.24	-0.01	6	17544	卖盘
14:34:33	29.25	0.01	9	26325	买盘
14:34:30	29.24	--	11	32164	买盘
14:34:27	29.24	0.01	11	32164	买盘
14:34:24	29.23	0.01	7	20461	卖盘
14:34:21	29.22	--	9	26298	卖盘
14:34:15	29.22	--	93	271746	买盘
14:34:12	29.22	0.01	31	90582	买盘
14:34:09	29.21	--	17	49657	卖盘
14:34:06	29.21	-0.01	18	52578	卖盘
14:34:03	29.22	0.01	6	17532	买盘
14:33:57	29.21	0.01	8	23368	买盘
14:33:54	29.2	--	12	35040	卖盘
14:33:51	29.2	--	6	17520	卖盘
14:33:48	29.2	--	19	55480	卖盘
14:33:45	29.2	--	8	23360	卖盘
14:33:42	29.2	--	11	32120	卖盘
14:33:39	29.2	--	49	143080	买盘
14:33:36	29.2	--	144	420480	买盘
14:33:33	29.2	0.01	80	233600	买盘
14:33:30	29.19	-0.01	41	119679	卖盘
14:33:27	29.2	--	17	49640	买盘
14:33:24	29.2	0.01	35	102200	买盘
14:33:21	29.19	-0.01	11	32109	卖盘
14:33:18	29.2	0.01	3	8760	买盘
14:33:15	29.19	--	12	35028	买盘
14:33:12	29.19	--	152	443688	买盘
14:33:09	29.19	--	21	61299	买盘
14:33:06	29.19	--	16	46704	买盘
14:33:03	29.19	--	8	23352	买盘
14:33:00	29.19	--	17	49623	买盘
14:32:57	29.19	--	12	35028	买盘
14:32:54	29.19	0.01	3	8757	买盘
14:32:48	29.18	--	31	90458	买盘
14:32:45	29.18	0.01	9	26262	买盘
14:32:42	29.17	0.01	7	20419	买盘
14:32:39	29.16	-0.01	5	14580	卖盘
14:32:36	29.17	0.01	44	129806	买盘
14:32:30	29.16	0.01	4	11664	买盘
14:32:27	29.15	--	155	453282	买盘
14:32:24	29.15	--	21	61215	买盘
14:32:18	29.15	0.01	60	174900	买盘
14:32:15	29.14	0.01	5	14570	买盘
14:32:09	29.13	--	3	8739	卖盘
14:32:03	29.13	--	8	24760	买盘
14:32:00	29.13	--	39	113607	买盘
14:31:57	29.13	--	11	32043	买盘
14:31:54	29.13	--	66	192258	买盘
14:31:51	29.13	--	7	20391	买盘
14:31:48	29.13	--	58	168954	买盘
14:31:42	29.13	--	4	11652	买盘
14:31:39	29.13	--	1	2913	买盘
14:31:36	29.13	--	27	78651	买盘
14:31:33	29.13	--	5	14565	买盘
14:31:30	29.13	--	12	34956	买盘
14:31:27	29.13	0.01	9	26217	买盘
14:31:24	29.12	--	4	11648	卖盘
14:31:21	29.12	-0.01	1	2912	卖盘
14:31:18	29.13	0.01	16	46608	买盘
14:31:15	29.12	--	21	61152	卖盘
14:31:12	29.12	--	6	17472	卖盘
14:31:09	29.12	0.01	13	37856	买盘
14:31:06	29.11	-0.01	20	58220	卖盘
14:31:03	29.12	0.01	28	81536	买盘
14:31:00	29.11	-0.01	18	52398	卖盘
14:30:57	29.12	--	15	43680	买盘
14:30:54	29.12	0.01	20	58240	买盘
14:30:48	29.11	--	2	5822	卖盘
14:30:39	29.11	--	5	14555	买盘
14:30:36	29.11	0.01	9	26199	买盘
14:30:33	29.1	--	2	5820	卖盘
14:30:27	29.1	-0.01	44	128040	卖盘
14:30:24	29.11	--	4	11644	买盘
14:30:21	29.11	0.01	7	20377	买盘
14:30:18	29.1	-0.01	15	43650	卖盘
14:30:15	29.11	-0.01	1	2911	买盘
14:30:12	29.12	--	40	116480	买盘
14:30:09	29.12	0.01	55	160160	买盘
14:30:06	29.11	--	14	40754	买盘
14:30:00	29.11	--	19	55309	买盘
14:29:57	29.11	-0.01	34	99556	卖盘
14:29:54	29.12	0.01	7	20384	买盘
14:29:51	29.11	-0.01	39	113529	卖盘
14:29:48	29.12	--	13	37856	买盘
14:29:45	29.12	--	1	2912	买盘
14:29:42	29.12	0.01	4	11648	买盘
14:29:39	29.11	--	22	64042	卖盘
14:29:36	29.11	-0.01	11	32021	卖盘
14:29:33	29.12	--	8	23296	买盘
14:29:27	29.12	--	2	5824	买盘
14:29:21	29.12	--	2	5824	买盘
14:29:18	29.12	--	22	64064	买盘
14:29:15	29.12	--	8	23296	买盘
14:29:12	29.12	0.01	13	37856	买盘
14:29:09	29.11	--	8	23288	卖盘
14:29:06	29.11	--	3	8733	卖盘
14:29:03	29.11	--	2	5822	卖盘
14:29:00	29.11	--	4	11644	卖盘
14:28:57	29.11	--	15	43665	卖盘
14:28:54	29.11	0.01	20	60548	买盘
14:28:51	29.1	-0.01	2	5820	卖盘
14:28:48	29.11	0.01	3	8733	买盘
14:28:45	29.1	--	22	64020	卖盘
14:28:42	29.1	--	15	43650	卖盘
14:28:39	29.1	--	36	104760	卖盘
14:28:36	29.1	-0.01	19	55290	卖盘
14:28:33	29.11	--	21	61131	买盘
14:28:30	29.11	--	106	308566	买盘
14:28:27	29.11	0.01	58	168838	买盘
14:28:24	29.1	-0.01	5	14550	卖盘
14:28:21	29.11	0.01	11	32021	买盘
14:28:15	29.1	--	12	34920	卖盘
14:28:12	29.1	--	4	11640	卖盘
14:28:09	29.1	--	5	14550	卖盘
14:28:06	29.1	--	5	14550	卖盘
14:28:03	29.1	--	3	8730	卖盘
14:28:00	29.1	--	9	26190	卖盘
14:27:57	29.1	--	7	20370	卖盘
14:27:54	29.1	--	5	14550	卖盘
14:27:51	29.1	-0.01	22	64020	卖盘
14:27:42	29.11	0.01	6	17466	买盘
14:27:39	29.1	--	7	20370	卖盘
14:27:36	29.1	--	3	8730	卖盘
14:27:33	29.1	--	1	2910	卖盘
14:27:27	29.1	0.01	18	52380	中性盘
14:27:18	29.09	-0.01	27	78543	卖盘
14:27:15	29.1	--	2	5820	买盘
14:27:12	29.1	--	10	29100	买盘
14:27:09	29.1	--	12	34920	买盘
14:27:06	29.1	--	29	84390	买盘
14:27:00	29.1	0.01	1	2910	买盘
14:26:57	29.09	-0.01	1	2909	卖盘
14:26:54	29.1	--	11	32010	买盘
14:26:51	29.1	--	87	253170	买盘
14:26:45	29.1	0.01	17	49470	买盘
14:26:42	29.09	-0.01	17	49453	卖盘
14:26:36	29.1	0.01	33	96030	买盘
14:26:33	29.09	-0.01	40	116360	卖盘
14:26:30	29.1	--	1	2910	买盘
14:26:27	29.1	--	10	29100	买盘
14:26:24	29.1	--	6	17460	买盘
14:26:21	29.1	0.01	2	5820	买盘
14:26:18	29.09	-0.01	30	87270	卖盘
14:26:15	29.1	--	3	8730	卖盘
14:26:12	29.1	--	19	55290	买盘
14:26:09	29.1	0.01	29	84390	买盘
14:26:06	29.09	-0.01	5	14545	卖盘
14:26:03	29.1	--	27	78570	买盘
14:25:57	29.1	--	30	87300	买盘
14:25:54	29.1	--	3	8730	买盘
14:25:51	29.1	0.01	31	90210	买盘
14:25:48	29.09	-0.02	5	14545	卖盘
14:25:42	29.11	0.01	28	81508	买盘
14:25:39	29.1	-0.01	2	5820	卖盘
14:25:36	29.11	0.01	120	349320	买盘
14:25:33	29.1	-0.01	6	17460	卖盘
14:25:30	29.11	0.01	6	17466	买盘
14:25:24	29.1	-0.01	20	58200	卖盘
14:25:18	29.11	--	12	34932	买盘
14:25:15	29.11	--	10	29110	买盘
14:25:12	29.11	0.02	41	119351	买盘
14:25:09	29.09	-0.01	30	87270	卖盘
14:25:06	29.1	-0.01	4	11640	卖盘
14:25:03	29.11	--	22	64042	买盘
14:25:00	29.11	0.01	10	29110	买盘
14:24:54	29.1	--	7	20370	买盘
14:24:48	29.1	--	3	8730	买盘
14:24:45	29.1	0.01	7	20370	买盘
14:24:42	29.09	-0.02	2	5818	卖盘
14:24:39	29.11	0.01	197	573467	买盘
14:24:36	29.1	--	4	11640	卖盘
14:24:30	29.1	-0.01	56	162960	卖盘
14:24:27	29.11	--	4	11644	买盘
14:24:24	29.11	0.01	39	113529	买盘
14:24:18	29.1	0.01	2	5820	中性盘
14:24:15	29.09	-0.01	20	58180	卖盘
14:24:09	29.1	--	21	61110	卖盘
14:24:06	29.1	--	38	110580	买盘
14:24:03	29.1	--	2	5820	买盘
14:24:00	29.1	--	9	26190	买盘
14:23:57	29.1	--	10	29100	买盘
14:23:54	29.1	--	1	2910	买盘
14:23:51	29.1	0.01	15	43650	买盘
14:23:48	29.09	--	23	68361	卖盘
14:23:39	29.09	--	6	17454	卖盘
14:23:36	29.09	--	2	5818	卖盘
14:23:33	29.09	--	2	5818	卖盘
14:23:30	29.09	--	2	5818	卖盘
14:23:24	29.09	--	18	52362	买盘
14:23:21	29.09	--	5	14545	卖盘
14:23:15	29.09	--	7	20363	买盘
14:23:12	29.09	--	32	93088	买盘
14:23:06	29.09	--	2	5818	买盘
14:23:03	29.09	--	21	61089	买盘
14:22:57	29.09	--	113	328717	卖盘
14:22:54	29.09	-0.01	7	20363	卖盘
14:22:51	29.1	--	33	96030	买盘
14:22:48	29.1	--	2	5820	买盘
14:22:45	29.1	--	1	2910	买盘
14:22:42	29.1	--	10	29100	买盘
14:22:39	29.1	--	17	49470	中性盘
14:22:30	29.1	0.01	5	14550	中性盘
14:22:27	29.09	-0.01	17	49453	卖盘
14:22:24	29.1	--	1	2910	卖盘
14:22:21	29.1	--	13	37830	卖盘
14:22:18	29.1	--	40	116400	买盘
14:22:15	29.1	0.01	16	46560	买盘
14:22:12	29.09	-0.01	22	63998	卖盘
14:22:09	29.1	--	4	11640	买盘
14:22:06	29.1	--	51	148410	买盘
14:22:03	29.1	--	2	5820	买盘
14:22:00	29.1	--	28	81480	买盘
14:21:57	29.1	0.02	6	17460	买盘
14:21:54	29.08	-0.02	20	58160	卖盘
14:21:51	29.1	0.01	18	52380	买盘
14:21:48	29.09	--	51	148359	买盘
14:21:45	29.09	0.01	7	20363	中性盘
14:21:36	29.08	-0.02	24	69792	卖盘
14:21:33	29.1	0.02	1	2910	买盘
14:21:24	29.08	--	37	107596	卖盘
14:21:21	29.08	--	12	34896	卖盘
14:21:18	29.08	--	14	40712	卖盘
14:21:15	29.08	-0.02	9	26172	卖盘
14:21:12	29.1	0.02	11	32010	买盘
14:21:09	29.08	--	1	2908	卖盘
14:21:03	29.08	--	40	116320	卖盘
14:21:00	29.08	--	4	11632	卖盘
14:20:57	29.08	--	2	5816	卖盘
14:20:42	29.08	-0.02	108	314064	卖盘
14:20:39	29.1	-0.01	19	55290	卖盘
14:20:36	29.11	--	4	11644	卖盘
14:20:33	29.11	--	1	2911	卖盘
14:20:30	29.11	--	18	52398	买盘
14:20:27	29.11	--	3	8733	卖盘
14:20:24	29.11	--	19	55309	买盘
14:20:21	29.11	-0.01	7	20377	买盘
14:20:09	29.12	0.01	44	128128	买盘
14:20:06	29.11	--	6	17466	卖盘
14:20:00	29.11	--	1	2911	卖盘
14:19:57	29.11	--	1	2911	卖盘
14:19:54	29.11	-0.01	6	17466	卖盘
14:19:51	29.12	0.01	19	55328	买盘
14:19:42	29.11	--	8	23288	卖盘
14:19:39	29.11	--	2	5822	卖盘
14:19:33	29.11	-0.01	3	8733	卖盘
14:19:30	29.12	0.02	6	17472	买盘
14:19:27	29.1	-0.01	9	26190	卖盘
14:19:24	29.11	--	3	8733	卖盘
14:19:21	29.11	--	1	2911	中性盘
14:19:18	29.11	--	3	8733	卖盘
14:19:15	29.11	0.02	15	43665	买盘
14:19:09	29.09	--	18	52362	卖盘
14:19:06	29.09	-0.01	54	157086	卖盘
14:19:03	29.1	0.01	38	110580	买盘
14:19:00	29.09	-0.01	1	2909	卖盘
14:18:54	29.1	0.01	5	14550	买盘
14:18:51	29.09	0.01	8	23272	中性盘
14:18:45	29.08	-0.01	1	2908	卖盘
14:18:42	29.09	--	3	11141	买盘
14:18:36	29.09	0.01	6	17454	买盘
14:18:33	29.08	0.02	5	14540	中性盘
14:18:30	29.06	-0.01	14	40684	卖盘
14:18:24	29.07	--	5	14535	卖盘
14:18:21	29.07	0.01	43	125001	中性盘
14:18:12	29.06	--	30	88633	买盘
14:18:06	29.06	0.01	5	14530	买盘
14:18:03	29.05	-0.01	5	14525	卖盘
14:18:00	29.06	--	3	8718	买盘
14:17:54	29.06	0.02	34	98804	中性盘
14:17:51	29.04	-0.02	128	371712	卖盘
14:17:48	29.06	-0.01	6	17436	卖盘
14:17:45	29.07	--	44	127908	买盘
14:17:42	29.07	0.01	14	40698	买盘
14:17:39	29.06	--	33	95898	卖盘
14:17:36	29.06	--	6	17436	卖盘
14:17:33	29.06	-0.01	2	5812	卖盘
14:17:27	29.07	0.01	10	29070	买盘
14:17:24	29.06	--	11	31966	买盘
14:17:21	29.06	0.02	22	63932	买盘
14:17:18	29.04	--	3	8712	卖盘
14:17:12	29.04	-0.02	15	43560	卖盘
14:17:09	29.06	0.01	7	20342	买盘
14:17:06	29.05	0.01	107	310835	买盘
14:17:03	29.04	0.01	13	37752	中性盘
14:17:00	29.03	--	23	66769	卖盘
14:16:57	29.03	-0.01	29	85638	卖盘
14:16:54	29.04	--	6	17424	买盘
14:16:51	29.04	--	14	40656	买盘
14:16:48	29.04	--	57	165528	卖盘
14:16:45	29.04	-0.01	4	11616	卖盘
14:16:42	29.05	--	1	2905	买盘
14:16:39	29.05	--	10	29050	卖盘
14:16:36	29.05	--	6	17430	中性盘
14:16:33	29.05	-0.01	17	49385	卖盘
14:16:30	29.06	--	23	66838	买盘
14:16:24	29.06	0.01	6	17436	买盘
14:16:21	29.05	-0.02	57	165585	卖盘
14:16:18	29.07	--	17	49419	买盘
14:16:15	29.07	--	1	2907	买盘
14:16:09	29.07	--	15	43605	卖盘
14:16:06	29.07	-0.01	43	125001	卖盘
14:16:03	29.08	--	7	20356	买盘
14:16:00	29.08	0.01	1	2908	买盘
14:15:57	29.07	--	1	2907	卖盘
14:15:54	29.07	-0.03	1	2907	卖盘
14:15:51	29.1	0.02	9	26190	买盘
14:15:48	29.08	-0.01	15	43620	卖盘
14:15:45	29.09	-0.01	21	61089	卖盘
14:15:42	29.1	--	4	11640	卖盘
14:15:39	29.1	-0.01	12	34920	卖盘
14:15:36	29.11	0.01	15	43665	买盘
14:15:33	29.1	--	32	93120	卖盘
14:15:30	29.1	--	95	276450	卖盘
14:15:24	29.1	-0.01	11	32010	卖盘
14:15:21	29.11	--	30	87330	买盘
14:15:18	29.11	0.01	5	14555	买盘
14:15:15	29.1	-0.01	1	2910	卖盘
14:15:09	29.11	0.01	1	2911	买盘
14:15:06	29.1	-0.02	40	116400	卖盘
14:14:54	29.12	--	15	43680	买盘
14:14:48	29.12	--	26	75712	卖盘
14:14:45	29.12	--	4	11648	卖盘
14:14:42	29.12	--	12	34944	卖盘
14:14:39	29.12	--	3	8736	卖盘
14:14:36	29.12	--	2	5824	卖盘
14:14:33	29.12	--	5	14560	卖盘
14:14:27	29.12	--	1	2912	卖盘
14:14:24	29.12	-0.01	19	55328	卖盘
14:14:21	29.13	--	8	23304	卖盘
14:14:18	29.13	0.01	12	34956	买盘
14:14:12	29.12	--	5	14560	卖盘
14:14:03	29.12	-0.01	3	8736	卖盘
14:13:57	29.13	--	14	40782	卖盘
14:13:54	29.13	--	7	20391	卖盘
14:13:51	29.13	--	20	58260	卖盘
14:13:48	29.13	-0.01	2	5826	卖盘
14:13:45	29.14	0.01	13	37882	买盘
14:13:39	29.13	--	2	5826	卖盘
14:13:36	29.13	--	13	37869	卖盘
14:13:33	29.13	0.01	23	66999	买盘
14:13:30	29.12	-0.01	10	29120	卖盘
14:13:27	29.13	--	6	17478	卖盘
14:13:21	29.13	-0.01	36	104868	卖盘
14:13:15	29.14	--	9	26226	买盘
14:13:12	29.14	0.01	1	2914	买盘
14:13:09	29.13	-0.02	8	23304	卖盘
14:13:00	29.15	0.02	37	107855	买盘
14:12:54	29.13	-0.01	4	11652	卖盘
14:12:51	29.14	--	24	69936	卖盘
14:12:48	29.14	0.01	5	14570	买盘
14:12:45	29.13	-0.01	11	32043	卖盘
14:12:42	29.14	-0.01	1	2914	买盘
14:12:39	29.15	0.01	29	84535	买盘
14:12:36	29.14	--	14	40796	卖盘
14:12:33	29.14	--	4	11656	买盘
14:12:27	29.14	--	13	37882	卖盘
14:12:21	29.14	--	56	163184	卖盘
14:12:18	29.14	--	16	46624	卖盘
14:12:15	29.14	-0.01	20	58280	卖盘
14:12:09	29.15	0.01	9	26235	买盘
14:12:06	29.14	--	6	17484	卖盘
14:12:03	29.14	--	14	40796	卖盘
14:12:00	29.14	--	14	40796	卖盘
14:11:54	29.14	--	10	29140	卖盘
14:11:51	29.14	-0.01	1	2914	卖盘
14:11:48	29.15	-0.01	13	37895	卖盘
14:11:45	29.16	0.01	36	104976	买盘
14:11:42	29.15	--	10	29150	买盘
14:11:33	29.15	0.01	10	29150	卖盘
14:11:30	29.14	-0.01	25	72850	卖盘
14:11:27	29.15	--	1	2915	中性盘
14:11:21	29.15	0.01	1	2915	买盘
14:11:18	29.14	-0.01	30	87420	卖盘
14:11:12	29.15	--	1	2915	卖盘
14:11:09	29.15	--	16	46640	买盘
14:11:06	29.15	--	13	37895	卖盘
14:11:03	29.15	--	64	186560	买盘
14:11:00	29.15	--	6	17490	买盘
14:10:54	29.15	--	2	5830	买盘
14:10:51	29.15	0.01	22	64130	买盘
14:10:45	29.14	--	2	5828	卖盘
14:10:42	29.14	-0.01	2	5828	卖盘
14:10:39	29.15	--	3	8745	买盘
14:10:36	29.15	--	1	2915	买盘
14:10:33	29.15	0.01	10	29150	买盘
14:10:30	29.14	-0.01	52	151528	卖盘
14:10:27	29.15	-0.01	4	11660	卖盘
14:10:24	29.16	0.01	8	23328	买盘
14:10:15	29.15	--	1	2915	卖盘
14:10:12	29.15	0.01	125	364375	买盘
14:10:09	29.14	-0.01	17	49538	卖盘
14:10:06	29.15	0.01	22	64130	买盘
14:10:03	29.14	--	13	37882	卖盘
14:10:00	29.14	-0.01	1	2914	卖盘
14:09:57	29.15	0.01	3	8745	买盘
14:09:54	29.14	-0.01	7	20398	卖盘
14:09:51	29.15	0.01	13	37895	买盘
14:09:48	29.14	--	30	87420	卖盘
14:09:39	29.14	--	14	40796	卖盘
14:09:36	29.14	--	3	8742	卖盘
14:09:33	29.14	--	4	11656	卖盘
14:09:30	29.14	--	8	23312	卖盘
14:09:27	29.14	--	22	64108	卖盘
14:09:24	29.14	--	84	244776	买盘
14:09:12	29.14	--	11	32054	中性盘
14:09:06	29.14	--	6	17484	卖盘
14:09:03	29.14	--	16	46624	卖盘
14:09:00	29.14	--	8	23312	卖盘
14:08:57	29.14	-0.01	14	40796	卖盘
14:08:54	29.15	--	2	5830	买盘
14:08:51	29.15	--	1	2915	买盘
14:08:48	29.15	--	4	11660	买盘
14:08:45	29.15	--	15	43725	买盘
14:08:39	29.15	0.01	12	34980	买盘
14:08:36	29.14	0.01	77	224378	卖盘
14:08:30	29.13	--	25	72825	卖盘
14:08:24	29.13	-0.01	224	652512	卖盘
14:08:21	29.14	--	3	8742	卖盘
14:08:18	29.14	0.01	12	34968	买盘
14:08:15	29.13	--	2	5826	卖盘
14:08:12	29.13	-0.01	12	34956	卖盘
14:08:06	29.14	0.02	29	84506	买盘
14:08:03	29.12	0.01	46	133952	买盘
14:08:00	29.11	-0.01	1	2911	卖盘
14:07:57	29.12	-0.01	3	8736	中性盘
14:07:54	29.13	--	6	17478	买盘
14:07:42	29.13	-0.01	4	11652	卖盘
14:07:39	29.14	0.03	7	20398	买盘
14:07:36	29.11	--	7	20377	卖盘
14:07:27	29.11	-0.03	23	66953	卖盘
14:07:24	29.14	0.01	18	52452	买盘
14:07:21	29.13	--	3	8739	买盘
14:07:15	29.13	-0.01	6	17478	卖盘
14:07:09	29.14	--	4	11656	卖盘
14:07:06	29.14	--	15	43710	卖盘
14:07:03	29.14	-0.01	16	46624	卖盘
14:07:00	29.15	--	1	2915	买盘
14:06:54	29.15	--	15	43725	买盘
14:06:51	29.15	-0.01	17	49555	卖盘
14:06:48	29.16	0.01	10	29160	买盘
14:06:42	29.15	--	4	11660	卖盘
14:06:39	29.15	-0.01	10	29150	卖盘
14:06:36	29.16	--	7	20412	买盘
14:06:33	29.16	--	1	2916	卖盘
14:06:30	29.16	--	48	139968	卖盘
14:06:24	29.16	-0.01	7	20412	卖盘
14:06:18	29.17	-0.01	13	37921	卖盘
14:06:09	29.18	-0.01	21	61278	卖盘
14:06:06	29.19	--	3	8757	买盘
14:06:03	29.19	--	6	17514	买盘
14:06:00	29.19	0.01	1	2919	买盘
14:05:57	29.18	-0.01	3	8754	卖盘
14:05:51	29.19	--	1	2919	买盘
14:05:48	29.19	-0.01	54	157626	卖盘
14:05:45	29.2	--	69	201480	卖盘
14:05:36	29.2	--	56	163520	卖盘
14:05:33	29.2	-0.02	4	11680	卖盘
14:05:27	29.22	0.01	30	87660	买盘
14:05:24	29.21	-0.01	5	14605	卖盘
14:05:21	29.22	0.01	10	29220	买盘
14:05:15	29.21	0.01	6	17526	卖盘
14:05:12	29.2	-0.02	21	61320	卖盘
14:05:09	29.22	0.02	33	96426	买盘
14:05:06	29.2	-0.01	28	81760	卖盘
14:05:03	29.21	0.01	29	84709	买盘
14:05:00	29.2	--	3	8760	卖盘
14:04:57	29.2	-0.01	1	2920	卖盘
14:04:54	29.21	0.01	8	23368	买盘
14:04:51	29.2	-0.01	10	29200	卖盘
14:04:48	29.21	0.01	2	5842	买盘
14:04:45	29.2	--	8	23360	卖盘
14:04:42	29.2	-0.01	24	70080	卖盘
14:04:39	29.21	0.01	7	20447	买盘
14:04:36	29.2	--	11	32120	卖盘
14:04:33	29.2	-0.01	10	29200	卖盘
14:04:30	29.21	--	1	2921	买盘
14:04:27	29.21	--	7	20447	买盘
14:04:24	29.21	--	10	29210	买盘
14:04:15	29.21	0.01	14	40894	买盘
14:04:12	29.2	--	7	20440	卖盘
14:04:09	29.2	--	26	75920	卖盘
14:04:03	29.2	--	48	140160	买盘
14:04:00	29.2	--	11	32120	买盘
14:03:57	29.2	0.01	11	32120	买盘
14:03:51	29.19	-0.01	2	5838	卖盘
14:03:48	29.2	0.01	5	14600	买盘
14:03:45	29.19	-0.01	1	2919	卖盘
14:03:42	29.2	0.02	8	23360	买盘
14:03:39	29.18	--	63	183834	卖盘
14:03:36	29.18	--	6	17508	卖盘
14:03:33	29.18	--	5	14590	卖盘
14:03:21	29.18	--	97	283046	卖盘
14:03:18	29.18	--	14	40852	中性盘
14:03:15	29.18	--	7	20426	买盘
14:03:12	29.18	--	1	2918	买盘
14:03:09	29.18	0.02	30	87540	买盘
14:03:03	29.16	--	1	2916	卖盘
14:02:57	29.16	-0.02	12	34992	卖盘
14:02:51	29.18	0.03	23	67114	买盘
14:02:48	29.15	--	9	26235	买盘
14:02:45	29.15	--	25	72875	买盘
14:02:42	29.15	--	4	11660	买盘
14:02:39	29.15	--	2	5830	买盘
14:02:36	29.15	0.01	1	2915	买盘
14:02:30	29.14	--	12	34968	买盘
14:02:27	29.14	--	9	26226	卖盘
14:02:24	29.14	--	27	78678	买盘
14:02:18	29.14	--	7	20398	中性盘
14:02:15	29.14	0.02	1	2914	买盘
14:02:12	29.12	-0.01	4	11648	卖盘
14:02:09	29.13	0.01	3	8739	中性盘
14:02:06	29.12	-0.01	7	20384	卖盘
14:02:03	29.13	0.02	1	2913	买盘
14:01:57	29.11	-0.01	37	107707	卖盘
14:01:54	29.12	--	13	37856	买盘
14:01:51	29.12	--	1	2912	买盘
14:01:45	29.12	--	20	58240	买盘
14:01:42	29.12	--	4	11648	买盘
14:01:36	29.12	0.02	1	2912	买盘
14:01:33	29.1	--	20	59655	买盘
14:01:30	29.1	--	6	17460	买盘
14:01:27	29.1	--	48	139680	买盘
14:01:24	29.1	--	11	32010	买盘
14:01:21	29.1	--	222	646020	买盘
14:01:15	29.1	0.01	17	49470	买盘
14:01:12	29.09	--	52	151268	买盘
14:01:09	29.09	0.02	10	29090	买盘
14:01:06	29.07	-0.01	78	226746	卖盘
14:01:03	29.08	--	2	5816	买盘
14:01:00	29.08	0.01	7	20356	买盘
14:00:54	29.07	0.01	15	43605	买盘
14:00:48	29.06	--	85	247010	卖盘
14:00:42	29.06	--	20	58120	买盘
14:00:39	29.06	--	138	401028	买盘
14:00:36	29.06	0.01	12	34872	买盘
14:00:30	29.05	--	34	98770	卖盘
14:00:27	29.05	--	7	20335	卖盘
14:00:24	29.05	--	52	152512	买盘
14:00:21	29.05	0.01	36	104580	买盘
14:00:18	29.04	-0.01	59	171336	卖盘
14:00:15	29.05	--	54	156870	买盘
14:00:12	29.05	0.01	22	63910	买盘
14:00:09	29.04	-0.01	141	409464	卖盘
14:00:06	29.05	0.01	11	31955	买盘
14:00:03	29.04	-0.01	93	270072	卖盘
14:00:00	29.05	0.01	1	2905	买盘
13:59:57	29.04	--	31	90024	买盘
13:59:54	29.04	0.01	5	14520	买盘
13:59:51	29.03	--	14	40642	卖盘
13:59:48	29.03	-0.02	6	17418	卖盘
13:59:45	29.05	0.02	12	34860	买盘
13:59:42	29.03	--	5	14515	卖盘
13:59:39	29.03	--	13	37739	买盘
13:59:36	29.03	-0.01	21	60963	买盘
13:59:33	29.04	0.01	45	130680	买盘
13:59:30	29.03	--	49	142247	中性盘
13:59:27	29.03	-0.02	136	394808	卖盘
13:59:24	29.05	0.02	25	72625	买盘
13:59:21	29.03	--	5	14515	卖盘
13:59:18	29.03	-0.02	54	156762	卖盘
13:59:15	29.05	0.02	18	52290	买盘
13:59:12	29.03	--	24	69672	买盘
13:59:09	29.03	--	7	20321	买盘
13:59:06	29.03	-0.02	51	148053	卖盘
13:59:03	29.05	--	1	2905	买盘
13:59:00	29.05	--	7	20335	买盘
13:58:57	29.05	--	2	5810	买盘
13:58:54	29.05	--	59	171395	买盘
13:58:51	29.05	--	19	55195	买盘
13:58:48	29.05	-0.01	104	302120	卖盘
13:58:45	29.06	--	58	168548	买盘
13:58:42	29.06	--	19	55214	买盘
13:58:39	29.06	--	16	46496	买盘
13:58:36	29.06	--	5	14530	买盘
13:58:33	29.06	-0.02	21	61026	卖盘
13:58:27	29.08	--	11	31987	买盘
13:58:24	29.08	--	18	52344	买盘
13:58:21	29.08	0.01	3	8724	买盘
13:58:18	29.07	-0.01	38	110466	卖盘
13:58:15	29.08	--	21	61068	卖盘
13:58:12	29.08	-0.01	1	2908	卖盘
13:58:09	29.09	--	16	46544	买盘
13:58:06	29.09	0.01	16	46544	买盘
13:58:03	29.08	-0.01	7	20356	卖盘
13:57:57	29.09	--	5	14545	买盘
13:57:48	29.09	-0.01	10	29090	卖盘
13:57:45	29.1	--	3	8730	买盘
13:57:42	29.1	--	7	20370	买盘
13:57:39	29.1	--	1	2910	买盘
13:57:36	29.1	--	6	17460	买盘
13:57:33	29.1	--	38	110580	买盘
13:57:30	29.1	--	13	37830	买盘
13:57:27	29.1	--	38	112035	卖盘
13:57:24	29.1	-0.01	20	58200	卖盘
13:57:21	29.11	0.01	13	37843	买盘
13:57:18	29.1	--	3	10185	买盘
13:57:15	29.1	-0.01	8	24735	卖盘
13:57:12	29.11	0.01	12	34932	买盘
13:57:09	29.1	--	22	64020	卖盘
13:57:06	29.1	--	5	14550	卖盘
13:57:03	29.1	--	61	177510	卖盘
13:57:00	29.1	--	11	32010	卖盘
13:56:57	29.1	--	27	78570	卖盘
13:56:48	29.1	-0.01	2	5820	卖盘
13:56:45	29.11	--	2	5822	买盘
13:56:42	29.11	--	2	5822	买盘
13:56:39	29.11	--	27	78597	卖盘
13:56:36	29.11	--	14	40754	卖盘
13:56:33	29.11	-0.01	28	81508	卖盘
13:56:30	29.12	--	12	34944	买盘
13:56:27	29.12	0.01	33	96096	买盘
13:56:24	29.11	-0.01	41	119351	卖盘
13:56:21	29.12	--	14	40768	买盘
13:56:15	29.12	--	18	52416	卖盘
13:56:12	29.12	--	7	20384	卖盘
13:56:09	29.12	-0.01	12	34944	卖盘
13:56:06	29.13	0.01	11	32043	买盘
13:56:03	29.12	--	5	14560	卖盘
13:56:00	29.12	-0.02	13	37856	卖盘
13:55:51	29.14	--	5	14570	买盘
13:55:48	29.14	--	14	40796	买盘
13:55:45	29.14	--	67	195238	买盘
13:55:42	29.14	--	35	101990	卖盘
13:55:39	29.14	-0.01	30	87420	卖盘
13:55:36	29.15	--	9	26235	买盘
13:55:33	29.15	--	2	5830	买盘
13:55:30	29.15	--	2	5830	买盘
13:55:24	29.15	-0.01	6	17490	卖盘
13:55:21	29.16	0.01	45	131220	买盘
13:55:18	29.15	-0.01	32	93280	卖盘
13:55:15	29.16	0.01	25	72900	买盘
13:55:09	29.15	--	7	20405	卖盘
13:55:06	29.15	--	23	67045	卖盘
13:55:03	29.15	--	2	5830	卖盘
13:55:00	29.15	-0.01	41	119515	卖盘
13:54:57	29.16	0.01	63	183708	买盘
13:54:54	29.15	--	30	87450	卖盘
13:54:51	29.15	-0.01	64	186560	卖盘
13:54:48	29.16	0.01	29	84564	买盘
13:54:45	29.15	-0.01	6	17490	卖盘
13:54:42	29.16	--	36	104976	买盘
13:54:33	29.16	--	22	64152	买盘
13:54:30	29.16	--	42	123930	卖盘
13:54:27	29.16	-0.01	1	2916	卖盘
13:54:24	29.17	0.01	10	29170	买盘
13:54:21	29.16	--	21	61236	卖盘
13:54:18	29.16	--	15	43740	卖盘
13:54:15	29.16	-0.02	4	11664	卖盘
13:54:09	29.18	0.02	10	29180	买盘
13:54:06	29.16	--	17	49572	卖盘
13:54:03	29.16	-0.02	20	58320	卖盘
13:54:00	29.18	0.01	10	29180	买盘
13:53:57	29.17	--	1	2917	卖盘
13:53:54	29.17	-0.01	1	2917	卖盘
13:53:51	29.18	-0.01	35	102130	卖盘
13:53:48	29.19	0.01	9	26271	买盘
13:53:42	29.18	-0.01	17	49606	卖盘
13:53:39	29.19	--	23	67137	买盘
13:53:33	29.19	--	17	49623	卖盘
13:53:30	29.19	-0.01	13	37947	卖盘
13:53:18	29.2	--	21	61320	卖盘
13:53:15	29.2	--	31	90520	卖盘
13:53:12	29.2	--	24	70080	卖盘
13:53:09	29.2	--	5	14600	卖盘
13:53:06	29.2	--	23	67160	卖盘
13:53:03	29.2	--	50	146000	卖盘
13:53:00	29.2	--	20	58400	卖盘
13:52:57	29.2	-0.01	38	110960	卖盘
13:52:54	29.21	--	3	8763	买盘
13:52:51	29.21	--	5	14605	买盘
13:52:48	29.21	--	1	2921	买盘
13:52:45	29.21	--	34	99314	卖盘
13:52:42	29.21	--	3	8763	卖盘
13:52:39	29.21	--	9	26289	卖盘
13:52:36	29.21	--	73	213233	卖盘
13:52:33	29.21	--	58	169418	卖盘
13:52:30	29.21	--	3	8763	卖盘
13:52:27	29.21	--	103	300863	卖盘
13:52:24	29.21	--	50	146050	卖盘
13:52:18	29.21	-0.01	3	8763	卖盘
13:52:15	29.22	0.01	25	73050	买盘
13:52:12	29.21	-0.01	35	102235	卖盘
13:52:09	29.22	--	15	43830	买盘
13:52:03	29.22	0.01	9	26298	买盘
13:52:00	29.21	-0.01	11	32131	卖盘
13:51:54	29.22	--	70	204540	卖盘
13:51:51	29.22	--	20	58440	卖盘
13:51:48	29.22	-0.01	7	20454	卖盘
13:51:45	29.23	0.01	6	17538	买盘
13:51:39	29.22	--	3	8766	卖盘
13:51:36	29.22	--	8	23376	卖盘
13:51:33	29.22	-0.01	21	61362	卖盘
13:51:21	29.23	--	1	2923	买盘
13:51:18	29.23	--	5	16076	卖盘
13:51:15	29.23	-0.01	14	40922	卖盘
13:51:12	29.24	0.01	2	5848	买盘
13:51:06	29.23	--	4	13153	买盘
13:51:00	29.23	--	1	4384	卖盘
13:50:57	29.23	-0.01	10	29230	卖盘
13:50:51	29.24	--	5	14620	卖盘
13:50:48	29.24	0.01	1	2924	中性盘
13:50:42	29.23	--	35	102305	卖盘
13:50:39	29.23	--	7	20461	卖盘
13:50:36	29.23	--	98	287915	卖盘
13:50:33	29.23	--	6	17538	卖盘
13:50:30	29.23	--	4	11692	卖盘
13:50:27	29.23	-0.01	3	8769	卖盘
13:50:24	29.24	0.01	20	58480	中性盘
13:50:21	29.23	-0.01	9	26307	卖盘
13:50:18	29.24	--	20	58480	卖盘
13:50:15	29.24	-0.01	27	78948	卖盘
13:50:09	29.25	--	4	11700	买盘
13:50:06	29.25	0.01	11	32175	买盘
13:49:57	29.24	-0.01	32	93568	卖盘
13:49:54	29.25	--	5	14625	卖盘
13:49:48	29.25	--	4	11700	卖盘
13:49:45	29.25	--	2	5850	卖盘
13:49:42	29.25	--	8	23400	卖盘
13:49:39	29.25	--	15	43875	卖盘
13:49:36	29.25	-0.01	15	43875	卖盘
13:49:33	29.26	--	21	61446	买盘
13:49:30	29.26	0.01	50	146300	买盘
13:49:27	29.25	-0.01	1	2925	卖盘
13:49:24	29.26	0.01	13	38038	买盘
13:49:21	29.25	-0.01	2	5850	卖盘
13:49:18	29.26	0.01	5	14630	买盘
13:49:15	29.25	-0.01	10	29250	卖盘
13:49:12	29.26	--	38	111188	买盘
13:49:09	29.26	-0.01	3	8778	买盘
13:49:06	29.27	0.02	100	292700	买盘
13:49:03	29.25	-0.01	1	2925	卖盘
13:49:00	29.26	--	16	46816	买盘
13:48:57	29.26	--	27	79002	卖盘
13:48:54	29.26	--	5	14630	卖盘
13:48:51	29.26	--	26	76076	卖盘
13:48:48	29.26	--	14	40964	卖盘
13:48:45	29.26	-0.01	1	2926	卖盘
13:48:42	29.27	--	2	5854	买盘
13:48:39	29.27	--	2	5854	买盘
13:48:36	29.27	--	2	5854	买盘
13:48:33	29.27	--	1	2927	买盘
13:48:30	29.27	-0.01	6	17562	卖盘
13:48:27	29.28	--	16	46848	买盘
13:48:24	29.28	--	20	58560	买盘
13:48:21	29.28	--	10	29280	买盘
13:48:18	29.28	--	8	23424	卖盘
13:48:15	29.28	--	1	2928	中性盘
13:48:09	29.28	0.01	10	29280	中性盘
13:48:03	29.27	-0.01	27	79029	卖盘
13:48:00	29.28	-0.01	4	11712	买盘
13:47:54	29.29	0.01	10	29290	买盘
13:47:48	29.28	--	8	23424	卖盘
13:47:45	29.28	-0.01	30	87840	卖盘
13:47:42	29.29	--	12	35148	买盘
13:47:36	29.29	--	19	55651	买盘
13:47:33	29.29	--	3	8787	买盘
13:47:30	29.29	0.01	1	2929	买盘
13:47:27	29.28	--	7	20496	卖盘
13:47:24	29.28	-0.01	3	8784	卖盘
13:47:18	29.29	--	1	2929	买盘
13:47:12	29.29	--	5	14645	买盘
13:47:09	29.29	0.01	14	41006	买盘
13:47:06	29.28	-0.01	66	193248	卖盘
13:47:00	29.29	--	8	23432	卖盘
13:46:54	29.29	0.01	10	29290	买盘
13:46:51	29.28	--	19	55632	卖盘
13:46:45	29.28	-0.01	21	61488	卖盘
13:46:42	29.29	--	3	8787	买盘
13:46:36	29.29	0.01	3	8787	买盘
13:46:33	29.28	--	7	20496	卖盘
13:46:27	29.28	-0.01	6	17568	卖盘
13:46:24	29.29	0.01	2	5858	买盘
13:46:18	29.28	--	31	90768	卖盘
13:46:15	29.28	--	2	5856	卖盘
13:46:12	29.28	-0.01	85	248880	卖盘
13:46:09	29.29	--	70	205030	买盘
13:46:03	29.29	0.01	1	2929	买盘
13:45:57	29.28	--	21	61488	卖盘
13:45:54	29.28	--	2	5856	卖盘
13:45:51	29.28	-0.01	13	38064	卖盘
13:45:48	29.29	0.01	8	23432	买盘
13:45:45	29.28	--	31	90768	买盘
13:45:39	29.28	--	7	20496	买盘
13:45:36	29.28	--	5	14640	买盘
13:45:30	29.28	--	7	20496	卖盘
13:45:27	29.28	-0.01	4	11712	卖盘
13:45:24	29.29	0.01	15	43935	买盘
13:45:21	29.28	--	21	61488	卖盘
13:45:18	29.28	--	25	73200	卖盘
13:45:15	29.28	--	29	84912	卖盘
13:45:12	29.28	--	4	11712	卖盘
13:45:09	29.28	--	13	38064	卖盘
13:45:06	29.28	--	1	2928	卖盘
13:45:03	29.28	--	3	8784	卖盘
13:45:00	29.28	--	3	8784	卖盘
13:44:57	29.28	--	5	14640	卖盘
13:44:54	29.28	--	4	11712	买盘
13:44:51	29.28	--	4	11712	买盘
13:44:48	29.28	--	3	8784	买盘
13:44:42	29.28	--	50	146400	买盘
13:44:36	29.28	--	106	310368	买盘
13:44:33	29.28	0.02	19	55632	买盘
13:44:27	29.26	--	20	58520	卖盘
13:44:24	29.26	-0.01	95	277970	卖盘
13:44:21	29.27	0.01	4	11708	买盘
13:44:18	29.26	-0.01	20	58520	卖盘
13:44:12	29.27	0.01	46	134642	买盘
13:44:09	29.26	--	13	38038	卖盘
13:44:06	29.26	--	9	26334	卖盘
13:44:03	29.26	--	3	8778	卖盘
13:44:00	29.26	--	1	2926	卖盘
13:43:57	29.26	-0.01	17	49742	卖盘
13:43:54	29.27	0.01	13	38051	买盘
13:43:51	29.26	-0.01	1	2926	卖盘
13:43:48	29.27	--	11	32197	买盘
13:43:45	29.27	--	19	55613	买盘
13:43:42	29.27	0.01	60	175620	买盘
13:43:39	29.26	--	7	20482	卖盘
13:43:36	29.26	-0.01	2	5852	卖盘
13:43:33	29.27	--	2	5854	买盘
13:43:30	29.27	--	13	38051	买盘
13:43:24	29.27	--	4	11708	买盘
13:43:18	29.27	0.01	1	2927	买盘
13:43:15	29.26	--	3	8778	卖盘
13:43:12	29.26	0.01	11	32186	中性盘
13:43:06	29.25	-0.02	12	35100	卖盘
13:43:03	29.27	--	2	5854	买盘
13:42:54	29.27	--	5	14635	买盘
13:42:51	29.27	--	22	64394	卖盘
13:42:48	29.27	--	55	160985	卖盘
13:42:42	29.27	--	33	96591	卖盘
13:42:36	29.27	-0.01	3	8781	卖盘
13:42:33	29.28	--	1	2928	买盘
13:42:30	29.28	0.01	6	17568	买盘
13:42:27	29.27	--	9	26343	卖盘
13:42:24	29.27	--	6	17562	卖盘
13:42:21	29.27	--	70	204890	卖盘
13:42:15	29.27	-0.01	17	49759	卖盘
13:42:12	29.28	--	8	23424	买盘
13:42:09	29.28	--	63	184464	买盘
13:42:06	29.28	0.01	8	23424	买盘
13:42:03	29.27	--	12	35124	卖盘
13:42:00	29.27	-0.01	14	40978	卖盘
13:41:57	29.28	--	4	11712	买盘
13:41:54	29.28	0.01	1	2928	买盘
13:41:48	29.27	--	2	5854	卖盘
13:41:45	29.27	-0.01	3	8781	卖盘
13:41:42	29.28	0.01	23	67344	买盘
13:41:39	29.27	--	8	23416	卖盘
13:41:36	29.27	--	3	8781	卖盘
13:41:33	29.27	--	17	49759	卖盘
13:41:24	29.27	--	10	29270	卖盘
13:41:21	29.27	0.01	62	181474	买盘
13:41:12	29.26	-0.01	1	2926	中性盘
13:41:03	29.27	0.01	58	169766	买盘
13:41:00	29.26	--	1	2926	卖盘
13:40:57	29.26	--	10	29260	卖盘
13:40:54	29.26	--	7	20482	卖盘
13:40:48	29.26	--	5	14630	卖盘
13:40:45	29.26	-0.01	3	8778	卖盘
13:40:42	29.27	--	3	8781	买盘
13:40:33	29.27	--	22	64394	卖盘
13:40:30	29.27	--	1	2927	卖盘
13:40:27	29.27	--	1	2927	卖盘
13:40:21	29.27	--	11	32197	中性盘
13:40:18	29.27	--	21	61467	卖盘
13:40:12	29.27	-0.01	2	5854	卖盘
13:40:09	29.28	--	2	5856	买盘
13:40:03	29.28	0.01	11	32208	买盘
13:39:57	29.27	-0.01	7	20489	卖盘
13:39:54	29.28	--	47	137616	卖盘
13:39:51	29.28	-0.01	35	102480	卖盘
13:39:48	29.29	0.01	11	32219	买盘
13:39:42	29.28	--	2	5856	卖盘
13:39:36	29.28	-0.01	75	219600	卖盘
13:39:33	29.29	--	3	8787	卖盘
13:39:30	29.29	-0.01	4	11716	中性盘
13:39:27	29.3	0.01	11	32230	买盘
13:39:24	29.29	--	104	304616	买盘
13:39:18	29.29	--	8	23432	买盘
13:39:15	29.29	-0.01	5	14645	卖盘
13:39:12	29.3	--	14	41020	买盘
13:39:09	29.3	0.01	228	668040	买盘
13:39:06	29.29	--	4	11716	卖盘
13:39:03	29.29	--	5	14645	卖盘
13:39:00	29.29	--	5	14645	卖盘
13:38:57	29.29	--	46	134734	卖盘
13:38:54	29.29	--	5	14645	卖盘
13:38:51	29.29	--	3	8787	卖盘
13:38:42	29.29	--	11	32219	卖盘
13:38:39	29.29	-0.01	7	20503	买盘
13:38:36	29.3	--	1	2930	买盘
13:38:33	29.3	0.01	20	58600	买盘
13:38:27	29.29	--	17	49793	买盘
13:38:24	29.29	-0.01	2	5858	卖盘
13:38:21	29.3	--	5	14650	买盘
13:38:18	29.3	0.01	1	2930	买盘
13:38:15	29.29	--	7	20503	卖盘
13:38:12	29.29	-0.01	44	128876	卖盘
13:38:09	29.3	0.01	2	5860	买盘
13:38:06	29.29	--	6	17574	卖盘
13:38:03	29.29	--	2	5858	卖盘
13:38:00	29.29	--	17	49793	卖盘
13:37:57	29.29	-0.01	10	29290	卖盘
13:37:54	29.3	--	3	8790	买盘
13:37:48	29.3	0.01	36	105480	买盘
13:37:45	29.29	--	3	8787	卖盘
13:37:42	29.29	-0.01	1	2929	卖盘
13:37:36	29.3	--	1	2930	买盘
13:37:33	29.3	--	28	82040	买盘
13:37:27	29.3	--	25	73250	买盘
13:37:21	29.3	--	38	111340	买盘
13:37:18	29.3	--	17	49810	卖盘
13:37:15	29.3	--	11	32230	卖盘
13:37:09	29.3	--	8	23440	卖盘
13:37:06	29.3	0.01	23	67390	买盘
13:37:03	29.29	--	28	82012	卖盘
13:37:00	29.29	-0.02	1	2929	卖盘
13:36:57	29.31	0.01	30	87930	买盘
13:36:54	29.3	--	30	87900	买盘
13:36:51	29.3	--	11	32230	买盘
13:36:48	29.3	--	12	35160	买盘
13:36:45	29.3	--	16	46880	卖盘
13:36:42	29.3	-0.01	9	26370	卖盘
13:36:36	29.31	0.01	27	79137	买盘
13:36:33	29.3	--	14	41020	卖盘
13:36:30	29.3	--	48	140640	卖盘
13:36:27	29.3	--	5	14650	卖盘
13:36:24	29.3	--	5	14650	卖盘
13:36:21	29.3	-0.01	15	43950	卖盘
13:36:18	29.31	0.01	16	46896	买盘
13:36:15	29.3	--	1	2930	卖盘
13:36:09	29.3	--	8	23440	卖盘
13:36:06	29.3	-0.01	29	84970	卖盘
13:36:00	29.31	--	10	29310	卖盘
13:35:57	29.31	-0.01	2	5862	卖盘
13:35:54	29.32	0.01	2	5864	买盘
13:35:48	29.31	--	7	20517	买盘
13:35:45	29.31	0.01	5	14655	买盘
13:35:42	29.3	--	19	55670	卖盘
13:35:39	29.3	--	20	58600	卖盘
13:35:36	29.3	-0.01	27	79110	卖盘
13:35:33	29.31	--	15	43965	买盘
13:35:30	29.31	--	1	2931	买盘
13:35:27	29.31	0.01	10	29310	买盘
13:35:24	29.3	-0.01	17	49810	卖盘
13:35:15	29.31	--	6	17586	卖盘
13:35:12	29.31	0.01	5	14655	买盘
13:35:09	29.3	--	8	23440	卖盘
13:35:06	29.3	-0.01	30	87900	卖盘
13:35:00	29.31	--	23	67413	买盘
13:34:57	29.31	0.01	17	49827	买盘
13:34:54	29.3	--	2	5860	卖盘
13:34:51	29.3	--	3	8790	卖盘
13:34:48	29.3	-0.01	9	26370	卖盘
13:34:45	29.31	--	17	49827	买盘
13:34:42	29.31	0.01	16	46896	买盘
13:34:39	29.3	-0.01	12	35160	卖盘
13:34:36	29.31	0.01	3	8793	买盘
13:34:33	29.3	-0.01	5	14650	卖盘
13:34:30	29.31	0.01	25	73275	买盘
13:34:27	29.3	--	20	58600	卖盘
13:34:24	29.3	-0.01	17	49810	卖盘
13:34:21	29.31	--	3	8793	买盘
13:34:18	29.31	0.01	4	11724	买盘
13:34:15	29.3	--	3	8790	卖盘
13:34:09	29.3	--	22	64460	卖盘
13:34:06	29.3	--	40	117200	买盘
13:34:00	29.3	--	20	58600	买盘
13:33:57	29.3	0.01	1	2930	买盘
13:33:54	29.29	-0.01	20	58580	卖盘
13:33:51	29.3	--	20	58600	买盘
13:33:48	29.3	--	12	35160	买盘
13:33:45	29.3	--	2	5860	买盘
13:33:42	29.3	--	1	2930	买盘
13:33:39	29.3	0.01	4	11720	买盘
13:33:33	29.29	--	2	5858	卖盘
13:33:30	29.29	--	20	58580	卖盘
13:33:27	29.29	--	11	32219	卖盘
13:33:21	29.29	--	20	58580	卖盘
13:33:18	29.29	0.02	33	98121	买盘
13:33:15	29.27	-0.02	20	58540	卖盘
13:33:12	29.29	0.01	2	5858	买盘
13:33:06	29.28	0.01	28	81984	买盘
13:33:00	29.27	--	4	11708	卖盘
13:32:57	29.27	-0.02	3	8781	卖盘
13:32:51	29.29	0.01	11	32219	买盘
13:32:48	29.28	--	5	14640	中性盘
13:32:39	29.28	--	53	155184	买盘
13:32:36	29.28	--	4	11712	买盘
13:32:30	29.28	--	2	5856	卖盘
13:32:27	29.28	--	4	11712	卖盘
13:32:18	29.28	-0.02	14	40992	卖盘
13:32:00	29.3	--	1	2930	买盘
13:31:57	29.3	--	9	26370	卖盘
13:31:54	29.3	-0.01	2	5860	卖盘
13:31:51	29.31	--	50	146550	买盘
13:31:48	29.31	--	12	35172	买盘
13:31:39	29.31	-0.01	5	14655	卖盘
13:31:27	29.32	--	6	17592	买盘
13:31:18	29.32	0.01	3	8796	买盘
13:31:15	29.31	-0.02	121	354651	卖盘
13:31:12	29.33	--	27	79191	买盘
13:31:09	29.33	--	1	2933	卖盘
13:31:06	29.33	--	15	43995	卖盘
13:31:03	29.33	--	7	20531	卖盘
13:31:00	29.33	-0.01	69	202377	卖盘
13:30:54	29.34	0.01	3	8802	买盘
13:30:51	29.33	--	30	87990	卖盘
13:30:48	29.33	-0.01	30	87990	卖盘
13:30:45	29.34	--	10	29340	买盘
13:30:42	29.34	--	2	5868	买盘
13:30:39	29.34	-0.01	6	17604	买盘
13:30:36	29.35	-0.01	18	52830	中性盘
13:30:30	29.36	0.01	10	29360	买盘
13:30:27	29.35	--	30	88050	卖盘
13:30:24	29.35	-0.01	35	102725	卖盘
13:30:21	29.36	--	3	8808	买盘
13:30:18	29.36	--	22	64592	买盘
13:30:06	29.36	-0.04	129	378744	卖盘
13:30:03	29.4	--	24	70560	买盘
13:30:00	29.4	0.01	10	29400	买盘
13:29:57	29.39	--	14	41146	卖盘
13:29:54	29.39	--	1	2939	卖盘
13:29:51	29.39	0.04	139	408521	买盘
13:29:48	29.35	--	2	5870	卖盘
13:29:45	29.35	0.01	5	14675	中性盘
13:29:42	29.34	-0.01	224	657216	卖盘
13:29:39	29.35	0.01	61	179035	买盘
13:29:33	29.34	--	2	5868	卖盘
13:29:30	29.34	--	1	2934	卖盘
13:29:24	29.34	--	82	242055	买盘
13:29:21	29.34	--	20	58680	买盘
13:29:18	29.34	0.01	9	26406	买盘
13:29:15	29.33	--	9	26397	卖盘
13:29:12	29.33	--	6	17598	卖盘
13:29:09	29.33	0.01	32	93856	买盘
13:29:00	29.32	--	8	23456	买盘
13:28:57	29.32	-0.01	26	76232	卖盘
13:28:54	29.33	--	15	43995	买盘
13:28:51	29.33	0.01	15	43995	买盘
13:28:45	29.32	--	4	11728	买盘
13:28:42	29.32	--	16	46912	买盘
13:28:39	29.32	0.02	5	14660	买盘
13:28:36	29.3	-0.02	13	38090	卖盘
13:28:33	29.32	0.02	25	73300	买盘
13:28:30	29.3	--	6	17580	卖盘
13:28:24	29.3	--	11	32230	卖盘
13:28:21	29.3	--	1	2930	卖盘
13:28:18	29.3	0.05	127	372110	买盘
13:28:15	29.25	-0.01	20	58500	卖盘
13:28:12	29.26	--	9	26334	买盘
13:28:09	29.26	-0.01	34	99484	卖盘
13:28:03	29.27	--	28	81956	买盘
13:28:00	29.27	0.01	9	26343	买盘
13:27:57	29.26	--	44	128744	卖盘
13:27:54	29.26	--	6	17556	卖盘
13:27:51	29.26	--	14	40964	卖盘
13:27:48	29.26	--	3	8778	买盘
13:27:45	29.26	0.01	16	46816	买盘
13:27:42	29.25	--	3	8775	卖盘
13:27:39	29.25	-0.01	5	14625	卖盘
13:27:33	29.26	--	2	5852	买盘
13:27:30	29.26	0.01	1	2926	买盘
13:27:21	29.25	0.02	19	55575	买盘
13:27:18	29.23	-0.02	37	108151	中性盘
13:27:15	29.25	0.01	25	73125	买盘
13:27:12	29.24	0.01	25	73100	买盘
13:27:09	29.23	-0.01	8	23384	卖盘
13:27:06	29.24	--	12	35088	买盘
13:27:03	29.24	--	1	2924	买盘
13:26:57	29.24	--	34	99416	卖盘
13:26:54	29.24	--	4	11696	卖盘
13:26:48	29.24	-0.01	13	38012	卖盘
13:26:45	29.25	0.02	5	14625	买盘
13:26:42	29.23	-0.03	10	29230	卖盘
13:26:39	29.26	0.04	22	64372	买盘
13:26:36	29.22	-0.01	14	40908	卖盘
13:26:33	29.23	-0.01	2	5846	卖盘
13:26:30	29.24	0.01	10	29240	买盘
13:26:27	29.23	-0.01	12	35076	买盘
13:26:24	29.24	-0.02	2	5848	中性盘
13:26:21	29.26	0.03	74	216524	买盘
13:26:18	29.23	-0.01	22	64306	卖盘
13:26:15	29.24	0.01	13	38012	买盘
13:26:12	29.23	--	2	5846	卖盘
13:26:09	29.23	--	2	5846	卖盘
13:26:06	29.23	-0.02	13	37999	卖盘
13:26:03	29.25	0.02	39	114075	买盘
13:26:00	29.23	-0.02	36	105228	卖盘
13:25:57	29.25	-0.01	21	61425	卖盘
13:25:54	29.26	0.01	5	14630	买盘
13:25:51	29.25	-0.01	41	119925	卖盘
13:25:48	29.26	--	7	20482	卖盘
13:25:45	29.26	-0.01	5	14630	卖盘
13:25:36	29.27	--	1	2927	买盘
13:25:33	29.27	--	27	79029	买盘
13:25:30	29.27	--	2	5854	卖盘
13:25:27	29.27	--	19	55613	卖盘
13:25:24	29.27	-0.01	11	32197	卖盘
13:25:18	29.28	--	5	14640	买盘
13:25:12	29.28	--	18	52704	卖盘
13:25:06	29.28	-0.06	2	5856	卖盘
13:24:57	29.34	0.06	74	217116	买盘
13:24:54	29.28	-0.02	1	2928	卖盘
13:24:48	29.3	-0.02	33	96690	卖盘
13:24:45	29.32	-0.02	146	428072	卖盘
13:24:42	29.34	--	124	363816	卖盘
13:24:39	29.34	0.02	42	123228	买盘
13:24:36	29.32	--	25	73300	卖盘
13:24:33	29.32	--	27	79164	卖盘
13:24:30	29.32	--	16	46912	卖盘
13:24:27	29.32	--	59	172988	卖盘
13:24:24	29.32	-0.02	25	73300	卖盘
13:24:21	29.34	0.02	3	8802	买盘
13:24:18	29.32	--	40	117280	卖盘
13:24:15	29.32	-0.02	21	61572	卖盘
13:24:12	29.34	-0.01	10	29340	买盘
13:24:09	29.35	--	7	20545	买盘
13:24:03	29.35	0.01	11	32285	买盘
13:24:00	29.34	-0.01	8	23472	卖盘
13:23:57	29.35	0.02	6	17610	买盘
13:23:54	29.33	-0.01	30	87990	卖盘
13:23:48	29.34	0.01	8	23472	买盘
13:23:45	29.33	-0.01	17	49861	卖盘
13:23:42	29.34	--	35	102690	买盘
13:23:39	29.34	0.01	1	2934	买盘
13:23:36	29.33	-0.01	10	29330	卖盘
13:23:30	29.34	--	31	90954	买盘
13:23:27	29.34	--	22	64548	买盘
13:23:24	29.34	0.01	10	29340	买盘
13:23:21	29.33	0.01	57	167181	买盘
13:23:15	29.32	--	7	20524	卖盘
13:23:12	29.32	--	2	5864	卖盘
13:23:09	29.32	0.04	225	659700	买盘
13:23:03	29.28	--	50	146400	卖盘
13:23:00	29.28	-0.01	29	84912	卖盘
13:22:57	29.29	--	89	260681	卖盘
13:22:54	29.29	0.01	6	17574	买盘
13:22:51	29.28	-0.01	20	58560	卖盘
13:22:45	29.29	0.01	7	20503	买盘
13:22:42	29.28	0.01	13	38064	买盘
13:22:39	29.27	--	131	383437	卖盘
13:22:36	29.27	-0.01	26	76102	卖盘
13:22:33	29.28	--	16	46848	买盘
13:22:30	29.28	0.01	31	90768	买盘
13:22:27	29.27	-0.01	45	131715	卖盘
13:22:24	29.28	--	20	58560	买盘
13:22:21	29.28	--	22	64416	买盘
13:22:18	29.28	0.01	26	76128	买盘
13:22:15	29.27	--	8	23416	卖盘
13:22:12	29.27	--	44	128788	卖盘
13:22:09	29.27	--	8	23416	卖盘
13:22:03	29.27	--	16	46832	卖盘
13:22:00	29.27	--	32	93664	卖盘
13:21:57	29.27	-0.01	1	2927	卖盘
13:21:54	29.28	0.01	22	64416	买盘
13:21:51	29.27	-0.01	15	43905	卖盘
13:21:42	29.28	--	2	5856	卖盘
13:21:39	29.28	--	3	8784	卖盘
13:21:36	29.28	-0.01	6	17568	卖盘
13:21:33	29.29	--	9	26361	买盘
13:21:30	29.29	--	22	64438	中性盘
13:21:27	29.29	-0.01	27	79083	卖盘
13:21:24	29.3	--	53	155290	卖盘
13:21:21	29.3	--	21	61530	买盘
13:21:18	29.3	--	28	82040	买盘
13:21:15	29.3	-0.03	60	175800	卖盘
13:21:09	29.33	--	4	11732	买盘
13:21:06	29.33	--	2	5866	卖盘
13:21:03	29.33	-0.01	8	23464	卖盘
13:20:57	29.34	--	8	23472	买盘
13:20:54	29.34	--	7	20538	卖盘
13:20:48	29.34	--	16	46944	卖盘
13:20:45	29.34	-0.01	20	58680	卖盘
13:20:39	29.35	-0.02	46	135010	卖盘
13:20:36	29.37	--	2	5874	买盘
13:20:30	29.37	-0.01	20	58740	卖盘
13:20:27	29.38	--	20	58760	卖盘
13:20:24	29.38	--	2	5876	卖盘
13:20:18	29.38	-0.02	4	11752	卖盘
13:20:12	29.4	-0.01	39	114660	卖盘
13:20:09	29.41	-0.01	8	23528	买盘
13:20:06	29.42	0.02	22	64724	买盘
13:20:03	29.4	--	16	47040	卖盘
13:20:00	29.4	-0.03	54	158760	卖盘
13:19:57	29.43	--	38	111834	买盘
13:19:54	29.43	-0.01	12	35316	买盘
13:19:51	29.44	0.01	61	179584	买盘
13:19:48	29.43	--	28	82404	卖盘
13:19:45	29.43	--	36	105948	卖盘
13:19:42	29.43	-0.01	38	111834	卖盘
13:19:39	29.44	0.01	6	17664	买盘
13:19:36	29.43	-0.01	102	300186	卖盘
13:19:33	29.44	--	43	126592	卖盘
13:19:30	29.44	--	19	55936	卖盘
13:19:27	29.44	-0.01	71	209024	卖盘
13:19:24	29.45	--	14	41230	买盘
13:19:21	29.45	--	40	117800	买盘
13:19:18	29.45	--	56	164920	买盘
13:19:15	29.45	--	62	182590	买盘
13:19:12	29.45	0.01	18	53010	买盘
13:19:09	29.44	--	7	20608	卖盘
13:19:06	29.44	--	12	35328	卖盘
13:19:03	29.44	--	46	135424	卖盘
13:19:00	29.44	--	192	565248	买盘
13:18:57	29.44	0.02	9	26496	买盘
13:18:54	29.42	--	4	11768	卖盘
13:18:51	29.42	-0.01	9	26478	卖盘
13:18:48	29.43	--	12	35316	买盘
13:18:45	29.43	0.01	45	132435	买盘
13:18:42	29.42	--	5	14710	买盘
13:18:39	29.42	0.02	6	17652	买盘
13:18:36	29.4	-0.01	13	38220	卖盘
13:18:33	29.41	-0.02	5	14705	中性盘
13:18:30	29.43	0.03	58	170694	买盘
13:18:27	29.4	-0.02	7	20580	卖盘
13:18:24	29.42	0.02	80	235360	买盘
13:18:21	29.4	--	55	161700	买盘
13:18:18	29.4	--	36	105840	买盘
13:18:15	29.4	0.01	81	238140	买盘
13:18:12	29.39	-0.01	1	2939	卖盘
13:18:09	29.4	0.02	5	14700	买盘
13:18:06	29.38	--	1	2938	卖盘
13:18:03	29.38	-0.02	76	223288	卖盘
13:18:00	29.4	0.01	20	58800	买盘
13:17:57	29.39	0.01	50	146950	买盘
13:17:54	29.38	0.02	25	73450	买盘
13:17:48	29.36	--	14	41104	卖盘
13:17:45	29.36	--	40	117440	卖盘
13:17:42	29.36	--	41	120376	买盘
13:17:39	29.36	--	23	67528	买盘
13:17:36	29.36	--	45	132120	买盘
13:17:33	29.36	0.01	66	193776	买盘
13:17:30	29.35	--	24	70440	卖盘
13:17:27	29.35	-0.01	20	58700	卖盘
13:17:24	29.36	--	8	23488	买盘
13:17:21	29.36	0.01	12	35232	买盘
13:17:18	29.35	--	1	2935	卖盘
13:17:15	29.35	--	71	208385	买盘
13:17:12	29.35	0.01	1	2935	买盘
13:17:09	29.34	-0.01	8	23472	卖盘
13:17:06	29.35	0.01	4	11740	买盘
13:17:03	29.34	--	2	5868	买盘
13:17:00	29.34	0.01	13	38142	买盘
13:16:57	29.33	--	1	2933	卖盘
13:16:54	29.33	-0.02	31	90923	中性盘
13:16:51	29.35	0.04	106	311110	买盘
13:16:45	29.31	--	40	117240	卖盘
13:16:42	29.31	--	1	2931	卖盘
13:16:39	29.31	--	1	2931	买盘
13:16:36	29.31	0.01	16	46896	买盘
13:16:30	29.3	--	6	17580	卖盘
13:16:27	29.3	0.01	180	527400	买盘
13:16:24	29.29	-0.01	2	5858	卖盘
13:16:18	29.3	0.01	1	2930	买盘
13:16:09	29.29	0.01	1	2929	买盘
13:16:06	29.28	-0.01	13	38064	卖盘
13:16:03	29.29	-0.01	31	90799	卖盘
13:16:00	29.3	0.02	20	58600	买盘
13:15:54	29.28	-0.01	52	152256	卖盘
13:15:51	29.29	0.01	108	316332	买盘
13:15:48	29.28	--	3	8784	卖盘
13:15:45	29.28	--	3	8784	买盘
13:15:42	29.28	0.01	40	117120	买盘
13:15:36	29.27	--	10	29270	卖盘
13:15:33	29.27	--	3	8781	卖盘
13:15:30	29.27	-0.01	1	2927	卖盘
13:15:27	29.28	--	3	8784	买盘
13:15:24	29.28	0.01	87	254736	买盘
13:15:18	29.27	--	5	14635	买盘
13:15:15	29.27	--	1	2927	中性盘
13:15:09	29.27	-0.01	5	14635	中性盘
13:15:06	29.28	0.01	41	120048	买盘
13:15:03	29.27	-0.01	11	32197	卖盘
13:15:00	29.28	0.01	3	8784	买盘
13:14:57	29.27	-0.01	1	2927	卖盘
13:14:54	29.28	--	1	2928	买盘
13:14:51	29.28	--	8	23424	买盘
13:14:48	29.28	--	33	96624	买盘
13:14:45	29.28	0.02	10	29280	买盘
13:14:42	29.26	--	2	5852	卖盘
13:14:36	29.26	-0.02	2	5852	卖盘
13:14:33	29.28	0.02	19	55632	买盘
13:14:30	29.26	0.01	10	29260	买盘
13:14:27	29.25	-0.01	9	26325	卖盘
13:14:24	29.26	--	11	32186	买盘
13:14:21	29.26	--	5	14630	买盘
13:14:15	29.26	--	2	5852	买盘
13:14:12	29.26	0.01	20	58520	买盘
13:14:09	29.25	-0.01	1	2925	卖盘
13:14:06	29.26	--	13	38038	买盘
13:14:03	29.26	0.01	8	23408	买盘
13:14:00	29.25	-0.01	7	20475	卖盘
13:13:54	29.26	0.01	34	99484	买盘
13:13:51	29.25	--	4	11700	卖盘
13:13:48	29.25	--	59	172575	买盘
13:13:45	29.25	--	7	20475	买盘
13:13:42	29.25	--	9	26325	买盘
13:13:39	29.25	--	9	26325	买盘
13:13:36	29.25	--	5	14625	买盘
13:13:30	29.25	0.01	9	26325	卖盘
13:13:27	29.24	-0.01	9	26316	卖盘
13:13:24	29.25	0.01	3	8775	中性盘
13:13:21	29.24	--	86	251464	卖盘
13:13:18	29.24	-0.01	36	105264	卖盘
13:13:15	29.25	0.01	194	567450	买盘
13:13:12	29.24	--	2	5848	卖盘
13:13:09	29.24	--	22	64328	卖盘
13:13:06	29.24	--	30	87720	卖盘
13:13:03	29.24	--	22	64328	卖盘
13:13:00	29.24	0.01	30	89825	买盘
13:12:57	29.23	--	12	35076	买盘
13:12:54	29.23	--	2	5846	买盘
13:12:51	29.23	-0.01	7	20461	卖盘
13:12:48	29.24	0.01	9	26316	买盘
13:12:45	29.23	--	90	263070	卖盘
13:12:42	29.23	--	6	17538	卖盘
13:12:39	29.23	--	3	8769	卖盘
13:12:33	29.23	-0.01	6	17538	卖盘
13:12:30	29.24	--	13	38012	买盘
13:12:27	29.24	--	2	5848	买盘
13:12:24	29.24	--	23	67252	买盘
13:12:18	29.24	0.01	15	43860	买盘
13:12:15	29.23	-0.01	11	32153	卖盘
13:12:12	29.24	--	10	29240	买盘
13:12:09	29.24	--	12	35088	买盘
13:12:03	29.24	--	29	85614	卖盘
13:12:00	29.24	0.01	14	43041	买盘
13:11:57	29.23	--	19	57816	卖盘
13:11:54	29.23	-0.01	4	11692	卖盘
13:11:48	29.24	0.01	14	40936	买盘
13:11:45	29.23	-0.01	17	49691	卖盘
13:11:42	29.24	0.01	22	64328	买盘
13:11:39	29.23	-0.01	1	2923	卖盘
13:11:36	29.24	--	5	14620	买盘
13:11:33	29.24	0.01	39	114036	买盘
13:11:30	29.23	-0.01	49	143227	卖盘
13:11:27	29.24	--	39	114036	买盘
13:11:24	29.24	0.01	11	32164	买盘
13:11:21	29.23	--	2	5846	卖盘
13:11:15	29.23	--	12	35076	卖盘
13:11:12	29.23	--	13	37999	卖盘
13:11:09	29.23	--	16	47411	买盘
13:11:06	29.23	--	7	20461	买盘
13:11:03	29.23	--	9	26307	买盘
13:11:00	29.23	--	50	146150	买盘
13:10:54	29.23	--	8	23384	买盘
13:10:48	29.23	0.01	26	75998	买盘
13:10:45	29.22	-0.01	10	29220	卖盘
13:10:42	29.23	--	205	599215	买盘
13:10:39	29.23	--	38	111074	买盘
13:10:33	29.23	0.01	11	32153	买盘
13:10:30	29.22	-0.01	16	46752	卖盘
13:10:27	29.23	--	2	5846	买盘
13:10:24	29.23	0.01	4	11692	买盘
13:10:21	29.22	--	19	55518	卖盘
13:10:18	29.22	-0.01	5	14610	卖盘
13:10:15	29.23	--	6	17538	买盘
13:10:12	29.23	0.01	2	5846	买盘
13:10:09	29.22	-0.01	12	35064	卖盘
13:10:06	29.23	-0.01	8	25663	卖盘
13:10:03	29.24	0.01	9	26959	买盘
13:10:00	29.23	--	2	5846	买盘
13:09:57	29.23	-0.01	48	142583	卖盘
13:09:51	29.24	--	4	11696	买盘
13:09:48	29.24	0.01	47	137428	买盘
13:09:45	29.23	--	12	35076	卖盘
13:09:42	29.23	--	18	52614	卖盘
13:09:39	29.23	-0.01	12	35076	卖盘
13:09:36	29.24	0.01	16	46784	买盘
13:09:33	29.23	--	38	113704	卖盘
13:09:30	29.23	--	4	11692	卖盘
13:09:24	29.23	0.01	41	120778	买盘
13:09:21	29.22	-0.01	1	2922	卖盘
13:09:15	29.23	0.01	13	37999	买盘
13:09:12	29.22	-0.01	11	32142	卖盘
13:09:06	29.23	0.01	5	14615	买盘
13:09:03	29.22	-0.01	28	81816	卖盘
13:08:57	29.23	0.01	1	2923	买盘
13:08:54	29.22	-0.01	8	23376	卖盘
13:08:51	29.23	--	20	58460	买盘
13:08:48	29.23	0.01	17	49691	买盘
13:08:45	29.22	--	1	2922	卖盘
13:08:42	29.22	--	50	146100	卖盘
13:08:39	29.22	-0.01	15	43830	卖盘
13:08:36	29.23	--	2	5846	买盘
13:08:33	29.23	--	2	5846	买盘
13:08:30	29.23	--	5	14615	买盘
13:08:24	29.23	--	9	26307	买盘
13:08:15	29.23	0.01	27	78921	买盘
13:08:12	29.22	--	9	26298	卖盘
13:08:09	29.22	-0.01	12	35064	卖盘
13:08:06	29.23	0.01	9	26307	买盘
13:08:03	29.22	-0.01	110	321420	卖盘
13:08:00	29.23	--	2	5846	买盘
13:07:57	29.23	0.01	17	49691	买盘
13:07:54	29.22	-0.01	11	32142	卖盘
13:07:51	29.23	0.01	1	2923	买盘
13:07:48	29.22	-0.01	7	20454	卖盘
13:07:45	29.23	0.01	4	11692	买盘
13:07:39	29.22	-0.01	12	35064	卖盘
13:07:36	29.23	0.01	8	23384	买盘
13:07:33	29.22	-0.01	4	11688	卖盘
13:07:30	29.23	0.01	6	17538	买盘
13:07:27	29.22	--	33	96426	卖盘
13:07:24	29.22	--	48	140256	卖盘
13:07:21	29.22	--	45	131490	卖盘
13:07:18	29.22	--	112	327264	卖盘
13:07:15	29.22	--	11	32142	卖盘
13:07:12	29.22	--	31	90582	卖盘
13:07:09	29.22	--	9	26298	卖盘
13:07:06	29.22	-0.01	13	37986	卖盘
13:07:03	29.23	--	2	5846	买盘
13:07:00	29.23	0.01	98	286454	买盘
13:06:57	29.22	-0.01	5	14610	卖盘
13:06:54	29.23	--	2	5846	买盘
13:06:51	29.23	--	50	146150	买盘
13:06:48	29.23	--	21	61383	买盘
13:06:42	29.23	--	55	160765	买盘
13:06:39	29.23	--	81	237289	卖盘
13:06:36	29.23	-0.01	1	2923	卖盘
13:06:33	29.24	0.01	8	23392	买盘
13:06:30	29.23	--	4	11692	卖盘
13:06:27	29.23	-0.01	35	102305	卖盘
13:06:24	29.24	0.01	7	20468	买盘
13:06:21	29.23	-0.01	4	11692	卖盘
13:06:18	29.24	--	2	5848	买盘
13:06:15	29.24	--	6	17544	买盘
13:06:12	29.24	--	8	23392	买盘
13:06:09	29.24	--	3	8772	买盘
13:06:06	29.24	--	35	102340	买盘
13:06:00	29.24	--	7	20468	买盘
13:05:57	29.24	0.01	2	5848	买盘
13:05:51	29.23	-0.01	18	55010	卖盘
13:05:48	29.24	0.01	14	40936	买盘
13:05:45	29.23	-0.01	13	37999	卖盘
13:05:39	29.24	--	9	26316	买盘
13:05:36	29.24	-0.01	2	5848	买盘
13:05:33	29.25	0.02	13	38025	买盘
13:05:30	29.23	--	2	5846	卖盘
13:05:27	29.23	-0.02	35	102305	卖盘
13:05:21	29.25	--	10	29250	买盘
13:05:18	29.25	0.01	5	14625	买盘
13:05:15	29.24	-0.01	15	43860	卖盘
13:05:12	29.25	0.01	4	11700	买盘
13:05:09	29.24	-0.01	5	14620	卖盘
13:05:06	29.25	0.01	11	32175	买盘
13:04:57	29.24	0.01	1	2924	中性盘
13:04:51	29.23	-0.02	15	43845	卖盘
13:04:48	29.25	0.01	31	90675	买盘
13:04:42	29.24	--	1	2924	买盘
13:04:36	29.24	--	36	105264	买盘
13:04:33	29.24	--	1	2924	买盘
13:04:30	29.24	--	8	23392	买盘
13:04:27	29.24	--	9	26316	买盘
13:04:24	29.24	--	2	5848	买盘
13:04:21	29.24	--	37	108188	买盘
13:04:18	29.24	0.01	29	84796	中性盘
13:04:12	29.23	-0.02	10	29230	卖盘
13:04:09	29.25	--	2	5850	买盘
13:04:06	29.25	0.02	70	204750	买盘
13:04:03	29.23	-0.02	20	58460	卖盘
13:04:00	29.25	0.02	10	29250	买盘
13:03:54	29.23	--	2	5846	卖盘
13:03:51	29.23	0.01	18	52614	卖盘
13:03:45	29.22	--	1	3097	卖盘
13:03:39	29.22	-0.01	1	2922	卖盘
13:03:36	29.23	0.01	5	14615	买盘
13:03:33	29.22	0.01	101	295122	买盘
13:03:30	29.21	-0.01	20	58420	卖盘
13:03:27	29.22	--	3	8766	买盘
13:03:24	29.22	-0.01	2	5844	中性盘
13:03:21	29.23	0.01	8	23384	买盘
13:03:18	29.22	--	12	35064	卖盘
13:03:15	29.22	-0.01	12	35064	卖盘
13:03:12	29.23	0.01	54	157842	买盘
13:03:09	29.22	--	57	166554	买盘
13:03:06	29.22	-0.01	12	35064	卖盘
13:03:00	29.23	--	47	140128	买盘
13:02:57	29.23	0.01	9	26307	买盘
13:02:54	29.22	--	13	37986	卖盘
13:02:51	29.22	--	20	58440	卖盘
13:02:48	29.22	--	10	29220	卖盘
13:02:45	29.22	--	5	14610	卖盘
13:02:42	29.22	--	27	78894	卖盘
13:02:39	29.22	--	16	46927	买盘
13:02:36	29.22	0.01	3	8766	买盘
13:02:33	29.21	-0.01	20	58420	卖盘
13:02:27	29.22	--	18	52596	买盘
13:02:24	29.22	0.01	10	29220	买盘
13:02:21	29.21	-0.01	9	26289	中性盘
13:02:18	29.22	0.01	35	102270	买盘
13:02:15	29.21	-0.01	21	61341	卖盘
13:02:12	29.22	--	10	29220	买盘
13:02:09	29.22	--	29	84738	买盘
13:02:06	29.22	--	14	40908	买盘
13:02:03	29.22	0.01	20	58440	买盘
13:02:00	29.21	-0.01	6	17526	卖盘
13:01:57	29.22	--	20	58440	买盘
13:01:54	29.22	--	33	96426	买盘
13:01:51	29.22	0.01	11	32142	买盘
13:01:48	29.21	-0.01	65	189865	卖盘
13:01:45	29.22	0.01	8	23376	买盘
13:01:42	29.21	--	5	14605	卖盘
13:01:39	29.21	-0.01	276	806196	卖盘
13:01:36	29.22	0.02	5	14610	买盘
13:01:33	29.2	-0.01	60	175200	卖盘
13:01:27	29.21	-0.01	1	2921	卖盘
13:01:24	29.22	0.01	4	11688	买盘
13:01:21	29.21	0.01	2	5842	买盘
13:01:18	29.2	-0.01	1	4380	卖盘
13:01:15	29.21	--	1	2921	买盘
13:01:12	29.21	0.01	5	14605	买盘
13:01:06	29.2	--	7	20440	买盘
13:01:03	29.2	--	9	26280	买盘
13:01:00	29.2	--	182	531440	买盘
13:00:57	29.2	--	41	119720	买盘
13:00:54	29.2	0.01	3	8760	买盘
13:00:51	29.19	-0.01	4	11676	卖盘
13:00:48	29.2	--	4	11680	买盘
13:00:45	29.2	--	12	35040	买盘
13:00:42	29.2	--	3	8760	买盘
13:00:33	29.2	0.01	3	8760	买盘
13:00:30	29.19	--	2	5838	买盘
13:00:27	29.19	--	3	8757	买盘
13:00:21	29.19	0.03	6	17514	买盘
13:00:18	29.16	-0.03	8	23328	卖盘
13:00:12	29.19	--	24	71515	买盘
13:00:09	29.19	0.03	43	125517	买盘
13:00:06	29.16	0.02	317	924372	买盘
13:00:03	29.14	--	0	0	卖盘
11:30:03	29.14	-0.01	5	14570	卖盘
11:30:00	29.15	0.01	6	17490	买盘
11:29:57	29.14	-0.01	13	37882	卖盘
11:29:54	29.15	--	20	58300	买盘
11:29:51	29.15	0.01	40	116600	买盘
11:29:48	29.14	--	2	5828	买盘
11:29:45	29.14	-0.01	21	61194	卖盘
11:29:42	29.15	0.01	24	69960	买盘
11:29:39	29.14	-0.01	8	23312	卖盘
11:29:36	29.15	0.01	8	23320	买盘
11:29:33	29.14	-0.01	2	5828	卖盘
11:29:30	29.15	--	1	2915	买盘
11:29:21	29.15	0.01	16	46640	买盘
11:29:18	29.14	--	6	17484	买盘
11:29:15	29.14	--	14	40796	卖盘
11:29:12	29.14	--	9	26226	买盘
11:29:06	29.14	--	33	96162	卖盘
11:29:03	29.14	-0.01	2	5828	卖盘
11:29:00	29.15	0.01	2	5830	买盘
11:28:57	29.14	--	3	8742	卖盘
11:28:51	29.14	--	9	26226	卖盘
11:28:48	29.14	--	2	5828	买盘
11:28:45	29.14	--	5	14570	买盘
11:28:42	29.14	--	16	46624	买盘
11:28:39	29.14	0.01	29	84506	买盘
11:28:36	29.13	-0.01	4	11652	卖盘
11:28:33	29.14	--	11	32054	买盘
11:28:24	29.14	--	1	2914	买盘
11:28:21	29.14	--	5	14570	买盘
11:28:18	29.14	--	9	26226	买盘
11:28:15	29.14	--	21	61194	买盘
11:28:12	29.14	0.01	7	20398	买盘
11:28:09	29.13	--	8	23304	卖盘
11:28:03	29.13	--	1	2913	卖盘
11:28:00	29.13	0.01	1	2913	卖盘
11:27:57	29.12	--	1	2912	卖盘
11:27:54	29.12	-0.01	15	43680	卖盘
11:27:45	29.13	0.01	2	5826	买盘
11:27:39	29.12	--	1	2912	卖盘
11:27:36	29.12	--	2	5824	卖盘
11:27:33	29.12	--	10	29120	卖盘
11:27:27	29.12	--	7	20384	买盘
11:27:24	29.12	0.01	1	2912	买盘
11:27:18	29.11	-0.02	1	2911	卖盘
11:27:15	29.13	0.01	25	72825	买盘
11:27:09	29.12	--	12	34944	买盘
11:27:06	29.12	--	50	145600	卖盘
11:27:03	29.12	--	13	37856	卖盘
11:27:00	29.12	-0.01	60	174720	卖盘
11:26:57	29.13	0.01	27	78651	买盘
11:26:51	29.12	-0.01	18	52416	卖盘
11:26:48	29.13	-0.01	1	2913	买盘
11:26:45	29.14	0.02	20	58280	买盘
11:26:42	29.12	-0.01	67	195104	卖盘
11:26:36	29.13	--	4	11652	买盘
11:26:33	29.13	0.01	7	20391	买盘
11:26:30	29.12	-0.01	3	8736	卖盘
11:26:27	29.13	0.01	1	2913	买盘
11:26:24	29.12	-0.01	1	2912	卖盘
11:26:18	29.13	--	1	2913	买盘
11:26:12	29.13	--	39	113607	买盘
11:26:09	29.13	--	4	11652	买盘
11:26:06	29.13	0.01	3	8739	买盘
11:26:00	29.12	--	2	5824	卖盘
11:25:57	29.12	--	37	107744	卖盘
11:25:54	29.12	0.01	7	20384	买盘
11:25:45	29.11	-0.02	3	8733	中性盘
11:25:36	29.13	0.01	4	11652	买盘
11:25:33	29.12	0.01	32	93184	买盘
11:25:30	29.11	--	5	14555	卖盘
11:25:27	29.11	--	6	17466	卖盘
11:25:18	29.11	0.01	2	5822	中性盘
11:25:09	29.1	--	30	87300	卖盘
11:25:06	29.1	-0.01	24	69840	卖盘
11:25:00	29.11	-0.01	10	29110	中性盘
11:24:48	29.12	0.02	10	29120	买盘
11:24:45	29.1	-0.01	13	37830	卖盘
11:24:42	29.11	-0.01	5	14555	中性盘
11:24:33	29.12	0.01	21	61152	买盘
11:24:27	29.11	--	11	32021	卖盘
11:24:24	29.11	--	10	29110	卖盘
11:24:21	29.11	0.01	35	101885	买盘
11:24:18	29.1	--	11	32010	卖盘
11:24:15	29.1	-0.01	25	72750	卖盘
11:24:12	29.11	0.01	1	2911	买盘
11:24:09	29.1	--	2	7275	卖盘
11:24:06	29.1	-0.01	34	98940	卖盘
11:24:03	29.11	--	13	37843	买盘
11:24:00	29.11	--	30	87330	买盘
11:23:51	29.11	-0.01	5	14555	中性盘
11:23:48	29.12	--	4	11648	买盘
11:23:45	29.12	--	12	34944	买盘
11:23:42	29.12	--	1	2912	买盘
11:23:39	29.12	-0.01	3	8736	中性盘
11:23:36	29.13	0.01	5	14565	买盘
11:23:33	29.12	-0.01	19	55328	卖盘
11:23:30	29.13	--	12	34956	买盘
11:23:27	29.13	0.01	20	58260	买盘
11:23:24	29.12	-0.01	17	49504	卖盘
11:23:21	29.13	--	25	72825	买盘
11:23:18	29.13	--	2	5826	买盘
11:23:15	29.13	0.01	14	40782	买盘
11:23:12	29.12	--	8	23296	卖盘
11:23:09	29.12	-0.01	4	11648	卖盘
11:23:06	29.13	--	12	34956	买盘
11:23:00	29.13	--	10	29130	买盘
11:22:57	29.13	0.01	2	5826	买盘
11:22:54	29.12	--	10	29120	卖盘
11:22:51	29.12	--	27	78624	卖盘
11:22:48	29.12	--	10	29120	卖盘
11:22:45	29.12	--	5	14560	卖盘
11:22:42	29.12	--	6	17472	卖盘
11:22:39	29.12	0.01	12	34944	买盘
11:22:36	29.11	-0.01	41	119351	卖盘
11:22:33	29.12	--	11	32032	买盘
11:22:30	29.12	--	15	43680	买盘
11:22:27	29.12	--	15	43680	买盘
11:22:21	29.12	0.01	25	72800	买盘
11:22:18	29.11	-0.01	43	125173	卖盘
11:22:15	29.12	0.01	17	49504	买盘
11:22:09	29.11	-0.01	5	14555	卖盘
11:22:03	29.12	0.02	3	8736	买盘
11:21:57	29.1	--	10	29100	卖盘
11:21:54	29.1	-0.02	26	75660	卖盘
11:21:51	29.12	0.02	13	37856	买盘
11:21:48	29.1	-0.02	23	66930	卖盘
11:21:45	29.12	0.02	6	17472	买盘
11:21:39	29.1	--	6	17460	卖盘
11:21:36	29.1	--	3	8730	中性盘
11:21:30	29.1	--	19	55290	买盘
11:21:27	29.1	--	41	119310	买盘
11:21:21	29.1	0.01	1	2910	买盘
11:21:12	29.09	--	5	14545	卖盘
11:21:09	29.09	0.03	12	34908	买盘
11:21:06	29.06	-0.02	3	8718	卖盘
11:21:03	29.08	0.02	6	17448	买盘
11:21:00	29.06	--	3	8718	卖盘
11:20:57	29.06	--	9	26154	买盘
11:20:54	29.06	--	17	49402	买盘
11:20:51	29.06	0.01	13	37778	买盘
11:20:48	29.05	-0.01	49	142345	卖盘
11:20:45	29.06	0.01	18	52308	买盘
11:20:39	29.05	-0.01	25	72625	卖盘
11:20:36	29.06	--	1	2906	买盘
11:20:30	29.06	0.01	3	8718	买盘
11:20:27	29.05	--	2	5810	卖盘
11:20:24	29.05	0.01	4	11620	买盘
11:20:21	29.04	-0.01	1	2904	卖盘
11:20:18	29.05	--	12	34860	买盘
11:20:15	29.05	0.01	1	2905	买盘
11:20:09	29.04	--	3	8712	卖盘
11:20:06	29.04	--	1	4123	买盘
11:20:03	29.04	0.01	53	153912	买盘
11:20:00	29.03	-0.01	10	29030	卖盘
11:19:57	29.04	--	2	5808	买盘
11:19:54	29.04	--	15	43560	买盘
11:19:51	29.04	--	8	23232	买盘
11:19:48	29.04	--	92	267168	买盘
11:19:45	29.04	--	4	11616	买盘
11:19:42	29.04	-0.02	58	170116	卖盘
11:19:36	29.06	0.01	120	348720	买盘
11:19:24	29.05	--	12	34860	买盘
11:19:21	29.05	0.01	15	43575	买盘
11:19:18	29.04	--	0	1219	买盘
11:19:15	29.04	--	4	11616	买盘
11:19:12	29.04	-0.01	4	13300	卖盘
11:19:09	29.05	--	4	11620	卖盘
11:19:03	29.05	0.01	11	31955	卖盘
11:19:00	29.04	-0.01	31	91243	中性盘
11:18:57	29.05	0.01	2	5810	买盘
11:18:54	29.04	-0.01	42	121968	卖盘
11:18:51	29.05	0.01	1	2905	买盘
11:18:42	29.04	0.01	8	23232	中性盘
11:18:33	29.03	-0.02	18	52254	卖盘
11:18:27	29.05	0.01	18	52290	买盘
11:18:21	29.04	-0.01	1	2904	买盘
11:18:18	29.05	--	1	2905	买盘
11:18:09	29.05	--	16	46480	买盘
11:18:03	29.05	0.01	1	2905	买盘
11:18:00	29.04	-0.01	2	5808	卖盘
11:17:57	29.05	--	5	14525	买盘
11:17:54	29.05	--	5	14525	卖盘
11:17:51	29.05	--	11	31955	卖盘
11:17:48	29.05	--	5	14525	卖盘
11:17:45	29.05	--	15	43575	卖盘
11:17:39	29.05	-0.01	1	2905	卖盘
11:17:36	29.06	0.01	7	20342	买盘
11:17:21	29.05	--	12	34860	买盘
11:17:18	29.05	-0.01	40	116200	卖盘
11:17:15	29.06	0.01	3	8718	中性盘
11:17:09	29.05	-0.01	2	5810	卖盘
11:17:06	29.06	--	6	17436	卖盘
11:17:00	29.06	--	5	14530	卖盘
11:16:57	29.06	--	9	26154	买盘
11:16:48	29.06	-0.01	12	34872	卖盘
11:16:45	29.07	--	2	5814	买盘
11:16:39	29.07	--	5	14535	买盘
11:16:36	29.07	--	13	37791	买盘
11:16:33	29.07	-0.01	1	2907	卖盘
11:16:15	29.08	-0.01	15	43620	卖盘
11:16:06	29.09	--	2	5818	买盘
11:16:00	29.09	-0.01	7	22050	卖盘
11:15:57	29.1	--	10	29100	卖盘
11:15:54	29.1	--	37	107670	卖盘
11:15:51	29.1	--	3	8730	卖盘
11:15:48	29.1	--	2	5820	卖盘
11:15:45	29.1	0.01	15	43650	中性盘
11:15:30	29.09	-0.02	15	43635	卖盘
11:15:27	29.11	0.01	2	5822	中性盘
11:15:24	29.1	-0.01	39	113490	卖盘
11:15:21	29.11	0.01	1	2911	买盘
11:15:18	29.1	--	19	55290	卖盘
11:15:15	29.1	--	1	2910	卖盘
11:15:12	29.1	--	11	32010	卖盘
11:15:09	29.1	--	1	2910	卖盘
11:15:06	29.1	--	73	212430	卖盘
11:15:03	29.1	--	1	2910	卖盘
11:15:00	29.1	--	30	87300	卖盘
11:14:57	29.1	--	10	29100	卖盘
11:14:54	29.1	--	1	2910	卖盘
11:14:51	29.1	-0.01	2	5820	卖盘
11:14:48	29.11	--	6	17466	买盘
11:14:42	29.11	--	7	20377	买盘
11:14:39	29.11	--	3	8733	买盘
11:14:36	29.11	-0.01	3	8733	卖盘
11:14:33	29.12	0.01	10	29120	买盘
11:14:30	29.11	-0.01	15	43665	卖盘
11:14:27	29.12	0.01	4	11648	买盘
11:14:24	29.11	--	20	58220	卖盘
11:14:21	29.11	--	18	52398	卖盘
11:14:18	29.11	--	5	14555	卖盘
11:14:06	29.11	0.01	15	43665	买盘
11:14:03	29.1	--	3	8730	卖盘
11:14:00	29.1	-0.01	4	11640	卖盘
11:13:51	29.11	--	10	29110	买盘
11:13:48	29.11	--	8	23288	买盘
11:13:42	29.11	--	7	20377	买盘
11:13:39	29.11	--	5	14555	买盘
11:13:30	29.11	--	1	2911	买盘
11:13:27	29.11	--	3	8733	买盘
11:13:24	29.11	--	16	46576	卖盘
11:13:21	29.11	-0.01	18	52398	卖盘
11:13:18	29.12	-0.01	8	23296	买盘
11:13:15	29.13	0.01	10	29130	买盘
11:13:09	29.12	--	1	2912	卖盘
11:13:03	29.12	--	4	11648	买盘
11:13:00	29.12	-0.01	5	14560	卖盘
11:12:57	29.13	0.01	2	5826	买盘
11:12:54	29.12	--	8	23296	中性盘
11:12:45	29.12	--	5	14560	买盘
11:12:42	29.12	0.01	5	14560	买盘
11:12:39	29.11	--	10	29110	卖盘
11:12:36	29.11	-0.01	15	43665	卖盘
11:12:33	29.12	0.01	3	8736	中性盘
11:12:30	29.11	-0.02	25	72775	卖盘
11:12:27	29.13	0.02	96	279648	买盘
11:12:24	29.11	--	5	14555	卖盘
11:12:18	29.11	-0.01	40	116440	卖盘
11:12:15	29.12	0.01	49	142688	买盘
11:12:12	29.11	--	10	29110	卖盘
11:12:09	29.11	--	20	58220	卖盘
11:12:06	29.11	--	6	17466	卖盘
11:12:03	29.11	-0.01	6	17466	卖盘
11:12:00	29.12	0.01	46	133952	买盘
11:11:57	29.11	-0.01	32	93152	卖盘
11:11:54	29.12	0.01	14	40768	买盘
11:11:51	29.11	--	11	32021	卖盘
11:11:48	29.11	--	16	46576	卖盘
11:11:42	29.11	--	40	116440	卖盘
11:11:39	29.11	-0.01	3	8733	卖盘
11:11:36	29.12	0.01	14	40768	买盘
11:11:33	29.11	--	18	52398	卖盘
11:11:30	29.11	--	15	43665	卖盘
11:11:24	29.11	-0.01	1	2911	卖盘
11:11:21	29.12	0.01	15	43680	买盘
11:11:18	29.11	--	2	5822	卖盘
11:11:15	29.11	-0.01	4	11644	卖盘
11:11:06	29.12	--	16	46592	买盘
11:10:57	29.12	--	22	64064	卖盘
11:10:54	29.12	--	1	2912	卖盘
11:10:51	29.12	--	5	14560	卖盘
11:10:48	29.12	0.01	8	23296	买盘
11:10:45	29.11	--	8	23288	卖盘
11:10:39	29.11	-0.01	7	20377	卖盘
11:10:36	29.12	--	11	32032	买盘
11:10:33	29.12	--	5	14560	卖盘
11:10:30	29.12	--	9	26208	买盘
11:10:18	29.12	--	2	5824	买盘
11:10:15	29.12	--	57	165984	卖盘
11:10:12	29.12	-0.01	11	32032	卖盘
11:10:09	29.13	--	13	37869	买盘
11:10:06	29.13	--	6	17478	买盘
11:10:03	29.13	0.01	8	23304	买盘
11:10:00	29.12	--	5	14560	卖盘
11:09:57	29.12	--	3	8736	卖盘
11:09:51	29.12	--	10	29120	卖盘
11:09:45	29.12	-0.01	5	14560	卖盘
11:09:39	29.13	-0.01	35	101955	中性盘
11:09:36	29.14	0.02	53	154442	买盘
11:09:33	29.12	--	14	40768	卖盘
11:09:27	29.12	-0.01	28	81536	卖盘
11:09:24	29.13	0.01	18	52434	买盘
11:09:21	29.12	-0.01	21	61152	卖盘
11:09:18	29.13	--	6	17478	买盘
11:09:09	29.13	--	2	5826	买盘
11:09:03	29.13	--	9	26217	买盘
11:09:00	29.13	0.01	12	34956	买盘
11:08:57	29.12	-0.01	16	46592	卖盘
11:08:54	29.13	0.01	11	32043	买盘
11:08:51	29.12	--	2	5824	卖盘
11:08:45	29.12	--	4	11648	卖盘
11:08:42	29.12	--	2	5824	卖盘
11:08:39	29.12	--	8	23296	卖盘
11:08:36	29.12	--	5	14560	卖盘
11:08:33	29.12	--	13	37856	卖盘
11:08:30	29.12	-0.01	9	26208	卖盘
11:08:27	29.13	0.01	118	343734	买盘
11:08:24	29.12	--	11	32032	卖盘
11:08:21	29.12	--	2	5824	卖盘
11:08:18	29.12	--	24	69888	卖盘
11:08:06	29.12	--	22	64064	卖盘
11:08:00	29.12	0.01	10	29120	中性盘
11:07:57	29.11	--	15	43665	卖盘
11:07:54	29.11	-0.01	18	52398	卖盘
11:07:51	29.12	--	13	37856	卖盘
11:07:45	29.12	0.01	59	171808	买盘
11:07:39	29.11	--	11	32021	卖盘
11:07:36	29.11	-0.01	1	2911	卖盘
11:07:30	29.12	--	24	69888	买盘
11:07:27	29.12	0.01	6	17472	买盘
11:07:21	29.11	--	5	14555	卖盘
11:07:18	29.11	-0.01	2	5822	卖盘
11:07:15	29.12	0.01	4	11648	买盘
11:07:12	29.11	--	3	8733	卖盘
11:07:09	29.11	--	2	5822	卖盘
11:07:06	29.11	--	15	43665	卖盘
11:07:03	29.11	--	13	37843	买盘
11:07:00	29.11	0.01	15	43665	中性盘
11:06:57	29.1	-0.02	7	20370	卖盘
11:06:54	29.12	0.02	9	26208	买盘
11:06:48	29.1	-0.01	14	40740	卖盘
11:06:45	29.11	--	14	40754	买盘
11:06:42	29.11	0.01	1	2911	买盘
11:06:39	29.1	-0.02	10	29100	卖盘
11:06:36	29.12	0.01	18	52416	买盘
11:06:33	29.11	0.01	3	8733	买盘
11:06:27	29.1	-0.02	10	29100	卖盘
11:06:21	29.12	0.01	2	5824	买盘
11:06:15	29.11	0.01	5	14555	卖盘
11:06:12	29.1	-0.03	35	101850	卖盘
11:06:09	29.13	--	2	5826	卖盘
11:06:06	29.13	0.03	12	34956	买盘
11:06:03	29.1	--	15	43650	卖盘
11:05:57	29.1	-0.03	5	14550	卖盘
11:05:54	29.13	0.02	7	20391	买盘
11:05:51	29.11	--	6	17466	买盘
11:05:48	29.11	--	9	26199	买盘
11:05:45	29.11	-0.03	51	149916	卖盘
11:05:42	29.14	-0.01	6	17484	卖盘
11:05:39	29.15	0.01	117	341055	买盘
11:05:36	29.14	-0.01	14	40796	卖盘
11:05:33	29.15	0.01	9	26235	买盘
11:05:30	29.14	--	11	32054	卖盘
11:05:27	29.14	--	17	49538	卖盘
11:05:24	29.14	-0.01	1	2914	卖盘
11:05:21	29.15	0.01	30	87450	买盘
11:05:18	29.14	-0.01	17	49538	卖盘
11:05:15	29.15	0.01	28	81620	买盘
11:05:12	29.14	-0.01	30	87420	卖盘
11:05:09	29.15	--	18	52470	买盘
11:05:06	29.15	0.01	38	110770	买盘
11:05:03	29.14	--	37	107818	卖盘
11:05:00	29.14	-0.01	4	11656	卖盘
11:04:57	29.15	0.01	26	75790	买盘
11:04:54	29.14	-0.01	15	43710	卖盘
11:04:51	29.15	0.01	69	201135	买盘
11:04:48	29.14	0.01	55	161727	买盘
11:04:45	29.13	-0.01	11	33499	卖盘
11:04:42	29.14	--	10	29140	卖盘
11:04:39	29.14	--	26	75764	卖盘
11:04:36	29.14	--	19	55366	买盘
11:04:33	29.14	0.01	5	14570	买盘
11:04:30	29.13	--	27	80107	卖盘
11:04:27	29.13	--	1	2913	卖盘
11:04:24	29.13	-0.01	14	40782	卖盘
11:04:21	29.14	0.01	14	40796	买盘
11:04:18	29.13	-0.01	21	61173	卖盘
11:04:09	29.14	--	3	8742	买盘
11:04:06	29.14	--	23	67022	买盘
11:04:03	29.14	--	5	14570	买盘
11:04:00	29.14	--	20	59737	卖盘
11:03:54	29.14	--	5	14570	卖盘
11:03:51	29.14	--	10	29140	卖盘
11:03:48	29.14	0.02	106	310341	买盘
11:03:45	29.12	--	1	2912	买盘
11:03:42	29.12	-0.01	6	17472	卖盘
11:03:39	29.13	--	26	75738	中性盘
11:03:36	29.13	0.01	6	17478	买盘
11:03:33	29.12	-0.01	5	14560	卖盘
11:03:30	29.13	--	52	151476	买盘
11:03:21	29.13	0.01	19	55347	买盘
11:03:18	29.12	0.01	5	14560	买盘
11:03:15	29.11	--	2	5822	卖盘
11:03:09	29.11	-0.02	2	5822	卖盘
11:03:06	29.13	0.03	150	436950	买盘
11:03:00	29.1	--	3	8730	卖盘
11:02:57	29.1	--	132	385342	买盘
11:02:54	29.1	--	5	14550	买盘
11:02:51	29.1	--	50	145500	买盘
11:02:48	29.1	0.01	22	64020	买盘
11:02:45	29.09	--	12	34908	卖盘
11:02:42	29.09	-0.01	26	75634	卖盘
11:02:39	29.1	--	12	34920	买盘
11:02:36	29.1	0.01	12	34920	买盘
11:02:33	29.09	-0.01	6	17454	卖盘
11:02:30	29.1	0.01	7	20370	买盘
11:02:27	29.09	--	1	2909	卖盘
11:02:24	29.09	--	5	14545	卖盘
11:02:21	29.09	--	28	81452	买盘
11:02:18	29.09	0.01	9	26181	买盘
11:02:15	29.08	-0.01	11	31987	卖盘
11:02:12	29.09	--	11	31999	买盘
11:02:09	29.09	0.01	65	189085	买盘
11:02:06	29.08	-0.01	50	145400	卖盘
11:02:03	29.09	0.01	5	14545	买盘
11:02:00	29.08	--	15	43620	卖盘
11:01:57	29.08	-0.01	20	58160	卖盘
11:01:54	29.09	0.01	3	8727	买盘
11:01:51	29.08	0.02	96	279168	买盘
11:01:48	29.06	-0.02	24	69744	卖盘
11:01:45	29.08	0.01	1	2908	买盘
11:01:42	29.07	0.01	16	46512	买盘
11:01:39	29.06	--	3	8718	卖盘
11:01:36	29.06	--	2	5812	卖盘
11:01:33	29.06	--	27	78462	卖盘
11:01:30	29.06	0.01	18	52308	买盘
11:01:27	29.05	-0.01	1	2905	卖盘
11:01:21	29.06	0.01	3	8718	买盘
11:01:18	29.05	0.02	9	26145	卖盘
11:01:15	29.03	-0.02	32	92896	卖盘
11:01:09	29.05	--	28	81340	买盘
11:01:06	29.05	--	117	339885	买盘
11:01:03	29.05	--	9	26145	买盘
11:01:00	29.05	--	38	110390	买盘
11:00:57	29.05	--	6	17430	买盘
11:00:54	29.05	--	2	5810	买盘
11:00:51	29.05	0.01	3	8715	买盘
11:00:48	29.04	--	9	26136	卖盘
11:00:42	29.04	0.01	10	29040	买盘
11:00:39	29.03	-0.01	5	14515	卖盘
11:00:36	29.04	0.01	10	29040	买盘
11:00:33	29.03	--	3	8709	卖盘
11:00:30	29.03	--	5	14515	卖盘
11:00:27	29.03	--	10	29030	卖盘
11:00:24	29.03	--	12	34836	卖盘
11:00:21	29.03	--	5	14515	卖盘
11:00:18	29.03	--	35	101605	买盘
11:00:15	29.03	--	33	95799	买盘
11:00:12	29.03	0.01	10	29030	买盘
11:00:09	29.02	-0.01	19	55138	卖盘
11:00:00	29.03	--	12	34836	买盘
10:59:54	29.03	0.01	2	5806	买盘
10:59:48	29.02	-0.01	1	2902	卖盘
10:59:45	29.03	--	8	23224	买盘
10:59:42	29.03	0.01	5	14515	买盘
10:59:36	29.02	-0.01	18	52236	卖盘
10:59:33	29.03	0.01	52	150956	买盘
10:59:27	29.02	-0.02	4	11608	卖盘
10:59:24	29.04	--	12	34848	买盘
10:59:21	29.04	0.01	7	20328	买盘
10:59:18	29.03	0.01	10	29030	中性盘
10:59:15	29.02	-0.02	35	101570	卖盘
10:59:12	29.04	0.01	1	2904	买盘
10:59:09	29.03	-0.01	15	43545	卖盘
10:59:06	29.04	--	16	46464	买盘
10:59:03	29.04	0.01	2	5808	买盘
10:59:00	29.03	-0.01	7	20321	卖盘
10:58:57	29.04	--	1	2904	买盘
10:58:54	29.04	--	1	2904	买盘
10:58:51	29.04	--	51	148104	买盘
10:58:48	29.04	--	1	2904	买盘
10:58:45	29.04	-0.01	45	130680	卖盘
10:58:42	29.05	--	2	5810	买盘
10:58:39	29.05	0.01	6	17430	买盘
10:58:33	29.04	-0.01	12	34848	卖盘
10:58:30	29.05	0.01	1	2905	买盘
10:58:27	29.04	-0.01	12	34848	卖盘
10:58:21	29.05	--	7	20335	买盘
10:58:18	29.05	0.01	77	223685	买盘
10:58:15	29.04	--	4	11616	卖盘
10:58:12	29.04	--	2	5808	卖盘
10:58:03	29.04	-0.01	11	31944	卖盘
10:58:00	29.05	--	3	8715	买盘
10:57:57	29.05	--	106	307930	卖盘
10:57:54	29.05	--	2	5810	卖盘
10:57:51	29.05	-0.01	35	101675	卖盘
10:57:48	29.06	0.01	5	14530	买盘
10:57:45	29.05	-0.01	9	26145	卖盘
10:57:42	29.06	0.01	22	63932	买盘
10:57:39	29.05	--	4	11620	卖盘
10:57:36	29.05	-0.01	1	2905	卖盘
10:57:33	29.06	--	9	26154	买盘
10:57:27	29.06	--	3	8718	买盘
10:57:24	29.06	--	6	17436	买盘
10:57:21	29.06	-0.02	35	104034	卖盘
10:57:18	29.08	0.01	10	29080	买盘
10:57:15	29.07	-0.01	3	8721	中性盘
10:57:09	29.08	--	4	11632	买盘
10:57:06	29.08	--	76	221008	买盘
10:57:00	29.08	--	17	49436	卖盘
10:56:57	29.08	-0.01	12	34896	卖盘
10:56:54	29.09	--	3	8727	买盘
10:56:51	29.09	--	4	11636	买盘
10:56:48	29.09	--	8	23272	买盘
10:56:45	29.09	--	8	23272	买盘
10:56:42	29.09	--	5	14545	买盘
10:56:36	29.09	--	24	69816	卖盘
10:56:33	29.09	--	5	14545	卖盘
10:56:30	29.09	--	15	43635	卖盘
10:56:27	29.09	-0.01	18	52362	卖盘
10:56:24	29.1	0.01	9	26190	买盘
10:56:18	29.09	--	5	14545	卖盘
10:56:15	29.09	--	36	104724	卖盘
10:56:12	29.09	--	1	2909	卖盘
10:56:09	29.09	--	3	8727	卖盘
10:56:06	29.09	--	8	23272	卖盘
10:56:00	29.09	--	2	5818	卖盘
10:55:57	29.09	--	2	5818	卖盘
10:55:54	29.09	0.02	86	250174	买盘
10:55:51	29.07	--	5	15116	买盘
10:55:48	29.07	-0.02	12	37209	卖盘
10:55:45	29.09	0.01	2	5818	买盘
10:55:36	29.08	0.01	21	61649	买盘
10:55:33	29.07	--	1	2907	买盘
10:55:30	29.07	--	10	29070	卖盘
10:55:24	29.07	--	2	5814	卖盘
10:55:21	29.07	--	11	31977	卖盘
10:55:18	29.07	0.01	16	46512	买盘
10:55:12	29.06	--	10	29060	卖盘
10:55:09	29.06	--	5	14530	卖盘
10:55:06	29.06	--	41	119146	卖盘
10:55:03	29.06	--	1	2906	卖盘
10:55:00	29.06	--	22	63932	卖盘
10:54:57	29.06	--	2	5812	卖盘
10:54:54	29.06	-0.01	19	55214	卖盘
10:54:48	29.07	0.01	1	2907	买盘
10:54:45	29.06	--	6	17436	卖盘
10:54:42	29.06	--	31	90086	买盘
10:54:39	29.06	-0.01	5	14530	买盘
10:54:36	29.07	--	8	23256	卖盘
10:54:33	29.07	--	4	11628	卖盘
10:54:30	29.07	--	30	87210	买盘
10:54:27	29.07	0.01	10	29070	买盘
10:54:21	29.06	--	36	104616	卖盘
10:54:18	29.06	--	7	20342	卖盘
10:54:15	29.06	-0.01	18	52308	卖盘
10:54:12	29.07	--	2	5814	买盘
10:54:06	29.07	--	1	2907	买盘
10:54:03	29.07	0.01	1	2907	中性盘
10:54:00	29.06	-0.02	14	40684	卖盘
10:53:54	29.08	0.01	5	14540	买盘
10:53:48	29.07	-0.02	34	98838	卖盘
10:53:45	29.09	--	6	17454	买盘
10:53:42	29.09	--	4	11636	买盘
10:53:36	29.09	-0.01	50	145450	卖盘
10:53:33	29.1	--	18	52380	买盘
10:53:30	29.1	--	20	58200	买盘
10:53:27	29.1	--	205	596550	卖盘
10:53:24	29.1	--	12	34920	卖盘
10:53:21	29.1	--	13	37830	卖盘
10:53:18	29.1	-0.01	33	96030	卖盘
10:53:15	29.11	0.01	16	46576	买盘
10:53:12	29.1	-0.01	12	34920	卖盘
10:53:09	29.11	0.01	5	14555	买盘
10:53:06	29.1	-0.01	2	5820	卖盘
10:53:03	29.11	--	46	133906	买盘
10:53:00	29.11	-0.01	20	58220	卖盘
10:52:57	29.12	--	1	2912	买盘
10:52:54	29.12	0.01	24	69888	买盘
10:52:51	29.11	-0.01	3	8733	卖盘
10:52:48	29.12	0.01	10	29120	买盘
10:52:45	29.11	--	1	2911	卖盘
10:52:39	29.11	0.02	5	14555	中性盘
10:52:36	29.09	-0.01	14	40726	卖盘
10:52:33	29.1	--	3	8730	买盘
10:52:30	29.1	-0.01	5	14550	卖盘
10:52:27	29.11	0.01	19	55309	买盘
10:52:24	29.1	--	8	23280	买盘
10:52:21	29.1	--	6	17460	买盘
10:52:18	29.1	--	10	29100	买盘
10:52:12	29.1	0.01	16	46560	买盘
10:52:09	29.09	-0.01	14	40726	卖盘
10:52:06	29.1	0.01	3	8730	买盘
10:51:54	29.09	0.02	9	26181	买盘
10:51:51	29.07	--	3	8721	卖盘
10:51:45	29.07	0.01	1	2907	卖盘
10:51:42	29.06	--	100	290600	卖盘
10:51:39	29.06	-0.01	13	37778	卖盘
10:51:36	29.07	0.01	25	72675	买盘
10:51:33	29.06	--	10	29060	卖盘
10:51:30	29.06	-0.01	10	29060	卖盘
10:51:27	29.07	0.01	10	29070	买盘
10:51:15	29.06	--	9	26154	卖盘
10:51:12	29.06	0.02	4	11624	买盘
10:51:09	29.04	-0.02	71	206184	卖盘
10:51:06	29.06	--	8	23248	买盘
10:51:03	29.06	0.02	42	122052	买盘
10:50:54	29.04	--	1	2904	买盘
10:50:51	29.04	0.02	4	11616	买盘
10:50:39	29.02	0.02	4	11608	买盘
10:50:36	29.0	--	35	101500	买盘
10:50:33	29.0	--	14	40600	买盘
10:50:30	29.0	--	5	14500	买盘
10:50:27	29.0	0.01	1	2900	买盘
10:50:24	28.99	--	6	17394	买盘
10:50:21	28.99	0.03	2	5798	买盘
10:50:18	28.96	--	9	26064	卖盘
10:50:15	28.96	-0.02	30	86880	卖盘
10:50:12	28.98	0.02	44	128961	买盘
10:50:09	28.96	0.01	6	17376	买盘
10:50:06	28.95	--	13	37635	卖盘
10:50:03	28.95	--	75	217153	买盘
10:50:00	28.95	--	47	136065	买盘
10:49:57	28.95	--	23	66585	买盘
10:49:54	28.95	0.01	35	101325	买盘
10:49:51	28.94	--	1	2894	卖盘
10:49:45	28.94	0.02	2	5788	买盘
10:49:39	28.92	0.01	4	11568	卖盘
10:49:36	28.91	0.01	155	448105	卖盘
10:49:33	28.9	-0.01	12	34680	卖盘
10:49:30	28.91	--	75	216825	中性盘
10:49:27	28.91	--	11	34663	卖盘
10:49:24	28.91	0.01	23	66521	买盘
10:49:21	28.9	--	38	109820	买盘
10:49:18	28.9	-0.02	94	274521	卖盘
10:49:15	28.92	0.01	5	14488	买盘
10:49:12	28.91	--	8	23128	卖盘
10:49:09	28.91	--	2	5782	卖盘
10:49:06	28.91	0.01	152	439432	买盘
10:49:03	28.9	-0.01	10	28900	卖盘
10:49:00	28.91	--	12	34692	买盘
10:48:57	28.91	0.01	3	8673	买盘
10:48:54	28.9	--	31	89590	卖盘
10:48:51	28.9	-0.01	18	52020	卖盘
10:48:48	28.91	--	5	14455	买盘
10:48:45	28.91	--	4	11564	买盘
10:48:42	28.91	-0.01	6	17346	中性盘
10:48:39	28.92	--	36	104112	买盘
10:48:36	28.92	0.01	17	49164	买盘
10:48:30	28.91	-0.01	3	8673	卖盘
10:48:27	28.92	--	9	26028	买盘
10:48:24	28.92	--	18	52056	卖盘
10:48:21	28.92	-0.01	11	31812	卖盘
10:48:18	28.93	--	8	23144	买盘
10:48:15	28.93	--	7	20251	买盘
10:48:12	28.93	-0.01	25	72325	卖盘
10:48:09	28.94	--	4	11576	买盘
10:48:06	28.94	0.01	2	5788	买盘
10:48:03	28.93	-0.01	6	17358	卖盘
10:48:00	28.94	--	1	2894	买盘
10:47:57	28.94	--	22	63668	买盘
10:47:51	28.94	--	20	57880	买盘
10:47:48	28.94	--	14	40516	中性盘
10:47:45	28.94	--	3	8682	卖盘
10:47:42	28.94	-0.01	14	40516	卖盘
10:47:39	28.95	--	70	202650	买盘
10:47:36	28.95	--	47	136065	买盘
10:47:33	28.95	--	73	211335	买盘
10:47:30	28.95	-0.01	25	72375	卖盘
10:47:27	28.96	0.01	21	60816	买盘
10:47:24	28.95	-0.01	28	81060	中性盘
10:47:21	28.96	0.01	23	66608	买盘
10:47:18	28.95	--	5	14475	买盘
10:47:15	28.95	-0.01	6	17370	中性盘
10:47:12	28.96	0.01	27	78192	买盘
10:47:09	28.95	-0.01	83	240285	卖盘
10:47:06	28.96	--	4	11584	买盘
10:47:03	28.96	--	35	101360	卖盘
10:47:00	28.96	0.01	9	26064	卖盘
10:46:51	28.95	-0.01	12	34740	卖盘
10:46:48	28.96	--	9	26064	卖盘
10:46:45	28.96	0.01	36	104256	买盘
10:46:42	28.95	--	5	14475	卖盘
10:46:39	28.95	-0.01	5	14475	卖盘
10:46:36	28.96	0.02	10	28960	买盘
10:46:33	28.94	-0.02	6	17364	卖盘
10:46:30	28.96	0.01	19	55024	买盘
10:46:27	28.95	--	28	81060	买盘
10:46:21	28.95	--	6	17370	中性盘
10:46:18	28.95	--	7	20265	买盘
10:46:15	28.95	--	23	66585	卖盘
10:46:12	28.95	-0.01	2	5790	卖盘
10:46:09	28.96	--	2	5792	买盘
10:46:06	28.96	-0.01	16	46336	卖盘
10:46:00	28.97	-0.01	7	20279	卖盘
10:45:57	28.98	-0.02	6	17388	卖盘
10:45:54	29.0	0.02	19	55100	买盘
10:45:51	28.98	-0.02	1	2898	卖盘
10:45:48	29.0	--	1	2900	买盘
10:45:45	29.0	--	20	58000	买盘
10:45:42	29.0	--	9	28971	卖盘
10:45:39	29.0	--	41	118900	卖盘
10:45:36	29.0	--	12	34800	卖盘
10:45:33	29.0	--	18	52200	卖盘
10:45:30	29.0	--	29	84100	卖盘
10:45:27	29.0	--	24	69600	卖盘
10:45:24	29.0	--	19	55100	卖盘
10:45:21	29.0	--	45	130500	卖盘
10:45:18	29.0	-0.01	25	72500	卖盘
10:45:15	29.01	0.01	11	31911	买盘
10:45:09	29.0	-0.01	15	43500	卖盘
10:45:06	29.01	--	25	72525	卖盘
10:45:03	29.01	--	12	34812	卖盘
10:45:00	29.01	--	2	5802	卖盘
10:44:57	29.01	--	7	20307	卖盘
10:44:54	29.01	-0.01	28	81228	卖盘
10:44:51	29.02	--	5	14510	买盘
10:44:48	29.02	--	2	5804	买盘
10:44:45	29.02	-0.04	103	298906	卖盘
10:44:39	29.06	--	28	81368	卖盘
10:44:36	29.06	-0.02	19	55214	卖盘
10:44:33	29.08	0.01	6	17448	买盘
10:44:30	29.07	--	4	11628	买盘
10:44:27	29.07	--	15	43605	卖盘
10:44:24	29.07	-0.02	1	2907	卖盘
10:44:21	29.09	0.01	3	8727	买盘
10:44:18	29.08	--	1	2908	中性盘
10:44:12	29.08	-0.01	5	14540	卖盘
10:44:09	29.09	-0.01	1	2909	卖盘
10:43:57	29.1	-0.02	25	72750	卖盘
10:43:54	29.12	--	27	78624	买盘
10:43:51	29.12	0.01	9	26208	买盘
10:43:48	29.11	-0.01	3	8733	卖盘
10:43:45	29.12	--	6	17472	买盘
10:43:42	29.12	--	1	2912	卖盘
10:43:39	29.12	--	5	14560	卖盘
10:43:36	29.12	--	25	72800	卖盘
10:43:33	29.12	--	7	20384	卖盘
10:43:30	29.12	-0.01	7	20384	卖盘
10:43:24	29.13	--	41	119433	卖盘
10:43:21	29.13	--	37	107781	卖盘
10:43:18	29.13	--	17	49521	卖盘
10:43:15	29.13	--	39	113607	卖盘
10:43:12	29.13	--	31	90303	卖盘
10:43:09	29.13	--	30	87390	卖盘
10:43:06	29.13	--	5	14565	卖盘
10:43:03	29.13	--	5	14565	卖盘
10:42:57	29.13	--	14	40782	卖盘
10:42:54	29.13	-0.01	5	14565	卖盘
10:42:45	29.14	--	24	69936	卖盘
10:42:42	29.14	--	16	46624	卖盘
10:42:39	29.14	-0.01	3	8742	卖盘
10:42:36	29.15	--	18	52470	买盘
10:42:30	29.15	0.01	9	26235	买盘
10:42:27	29.14	-0.01	14	40796	卖盘
10:42:24	29.15	--	2	5830	买盘
10:42:21	29.15	--	7	20405	卖盘
10:42:18	29.15	--	24	69960	卖盘
10:42:15	29.15	-0.01	4	11660	卖盘
10:42:12	29.16	--	9	26244	买盘
10:42:06	29.16	0.01	7	20412	中性盘
10:42:03	29.15	-0.02	26	75790	卖盘
10:42:00	29.17	--	3	8751	买盘
10:41:57	29.17	--	4	11668	买盘
10:41:54	29.17	--	1	2917	买盘
10:41:51	29.17	--	5	14585	买盘
10:41:48	29.17	--	1	2917	买盘
10:41:45	29.17	--	31	90427	卖盘
10:41:42	29.17	--	16	46672	卖盘
10:41:39	29.17	--	30	87510	卖盘
10:41:36	29.17	-0.01	4	11668	卖盘
10:41:33	29.18	0.01	5	14590	买盘
10:41:30	29.17	-0.01	7	20419	卖盘
10:41:27	29.18	0.01	10	29180	买盘
10:41:24	29.17	--	30	87510	卖盘
10:41:21	29.17	--	11	32087	卖盘
10:41:18	29.17	--	15	43755	卖盘
10:41:12	29.17	--	3	8751	卖盘
10:41:09	29.17	0.01	49	142933	买盘
10:41:06	29.16	-0.01	5	14580	卖盘
10:41:03	29.17	--	6	17502	买盘
10:41:00	29.17	--	17	49589	买盘
10:40:57	29.17	--	13	37921	买盘
10:40:54	29.17	--	7	20419	买盘
10:40:51	29.17	0.01	6	17502	买盘
10:40:48	29.16	-0.01	23	67068	卖盘
10:40:45	29.17	0.01	1	2917	买盘
10:40:42	29.16	-0.01	4	11664	卖盘
10:40:39	29.17	--	3	8751	买盘
10:40:36	29.17	0.02	14	40838	买盘
10:40:27	29.15	-0.01	18	52470	卖盘
10:40:21	29.16	0.01	30	87480	买盘
10:40:12	29.15	--	4	11660	卖盘
10:40:09	29.15	0.01	16	46640	买盘
10:40:06	29.14	--	2	5828	卖盘
10:40:03	29.14	--	12	34968	买盘
10:40:00	29.14	0.01	1	2914	买盘
10:39:51	29.13	--	2	5826	卖盘
10:39:48	29.13	--	47	138367	买盘
10:39:45	29.13	--	1	2913	买盘
10:39:42	29.13	--	8	23304	买盘
10:39:39	29.13	0.01	7	20391	买盘
10:39:30	29.12	-0.01	13	37856	卖盘
10:39:27	29.13	--	4	11652	买盘
10:39:24	29.13	--	2	5826	买盘
10:39:21	29.13	0.01	7	20391	买盘
10:39:12	29.12	--	21	61152	买盘
10:39:09	29.12	--	10	29120	买盘
10:39:06	29.12	--	19	55328	买盘
10:39:03	29.12	0.01	41	119392	买盘
10:39:00	29.11	--	19	56094	卖盘
10:38:51	29.11	--	5	14555	买盘
10:38:48	29.11	0.01	5	14555	买盘
10:38:45	29.1	-0.01	9	26190	卖盘
10:38:42	29.11	0.01	13	37843	买盘
10:38:39	29.1	--	10	29100	卖盘
10:38:36	29.1	--	18	52380	卖盘
10:38:33	29.1	--	2	5820	卖盘
10:38:30	29.1	--	1	2910	卖盘
10:38:27	29.1	--	80	232800	买盘
10:38:24	29.1	--	7	20370	买盘
10:38:21	29.1	--	3	8730	买盘
10:38:18	29.1	0.01	115	334650	买盘
10:38:15	29.09	-0.01	112	325808	卖盘
10:38:12	29.1	--	51	148410	买盘
10:38:09	29.1	--	27	78570	买盘
10:38:06	29.1	--	33	96030	买盘
10:38:03	29.1	--	107	311370	买盘
10:38:00	29.1	--	23	66930	买盘
10:37:57	29.1	--	6	17460	买盘
10:37:54	29.1	--	1	2910	买盘
10:37:51	29.1	0.01	8	23280	买盘
10:37:48	29.09	--	26	75634	卖盘
10:37:45	29.09	--	8	23272	卖盘
10:37:42	29.09	0.03	48	139632	买盘
10:37:39	29.06	-0.01	55	159830	卖盘
10:37:36	29.07	-0.01	22	63954	卖盘
10:37:33	29.08	0.01	4	11632	买盘
10:37:30	29.07	-0.01	57	165699	卖盘
10:37:27	29.08	0.02	7	20356	买盘
10:37:24	29.06	-0.01	19	55214	卖盘
10:37:21	29.07	--	7	20349	卖盘
10:37:18	29.07	--	19	55233	中性盘
10:37:15	29.07	--	1	2907	买盘
10:37:12	29.07	-0.01	13	37791	中性盘
10:37:06	29.08	0.01	21	61068	买盘
10:37:03	29.07	-0.01	11	31977	卖盘
10:37:00	29.08	0.01	57	165756	买盘
10:36:57	29.07	-0.01	14	40698	卖盘
10:36:54	29.08	--	1	2908	买盘
10:36:48	29.08	--	37	107596	卖盘
10:36:45	29.08	--	65	189020	卖盘
10:36:42	29.08	-0.01	20	58160	卖盘
10:36:39	29.09	0.01	1	2909	买盘
10:36:36	29.08	-0.01	4	11632	卖盘
10:36:33	29.09	--	20	58180	卖盘
10:36:30	29.09	-0.01	17	49453	卖盘
10:36:27	29.1	--	9	26190	卖盘
10:36:24	29.1	0.01	5	14550	中性盘
10:36:21	29.09	--	19	55271	卖盘
10:36:12	29.09	-0.01	17	49453	卖盘
10:36:09	29.1	-0.02	3	8730	买盘
10:36:06	29.12	-0.01	57	165984	卖盘
10:36:03	29.13	0.01	7	20391	买盘
10:36:00	29.12	--	14	40768	卖盘
10:35:57	29.12	--	21	61152	卖盘
10:35:54	29.12	--	22	64064	卖盘
10:35:51	29.12	--	14	40768	卖盘
10:35:48	29.12	-0.01	15	43680	卖盘
10:35:45	29.13	0.04	109	317517	买盘
10:35:42	29.09	-0.01	7	20363	卖盘
10:35:39	29.1	--	20	58200	买盘
10:35:36	29.1	--	6	17460	买盘
10:35:33	29.1	--	42	122220	卖盘
10:35:30	29.1	--	2	5820	卖盘
10:35:27	29.1	--	32	93120	卖盘
10:35:24	29.1	--	24	69840	卖盘
10:35:21	29.1	--	39	113490	卖盘
10:35:18	29.1	--	14	40740	卖盘
10:35:15	29.1	--	4	11640	卖盘
10:35:12	29.1	--	4	11640	卖盘
10:35:09	29.1	-0.02	31	90210	卖盘
10:35:06	29.12	-0.02	14	40768	中性盘
10:35:03	29.14	0.03	16	46624	买盘
10:35:00	29.11	-0.01	12	34932	卖盘
10:34:54	29.12	-0.04	48	139776	卖盘
10:34:48	29.16	--	22	64152	买盘
10:34:45	29.16	--	8	23328	买盘
10:34:42	29.16	-0.01	4	11664	买盘
10:34:39	29.17	-0.01	1	2917	中性盘
10:34:36	29.18	0.05	40	116720	买盘
10:34:33	29.13	-0.03	46	133998	卖盘
10:34:30	29.16	-0.03	8	23328	卖盘
10:34:27	29.19	0.01	13	37947	买盘
10:34:24	29.18	0.05	7	20426	买盘
10:34:21	29.13	-0.05	234	681642	卖盘
10:34:18	29.18	--	26	75868	买盘
10:34:15	29.18	--	16	46688	卖盘
10:34:12	29.18	-0.01	4	11672	中性盘
10:34:09	29.19	0.01	173	504987	买盘
10:34:00	29.18	0.02	90	262620	买盘
10:33:54	29.16	--	3	8748	卖盘
10:33:51	29.16	--	2	5832	卖盘
10:33:48	29.16	-0.02	4	11664	卖盘
10:33:45	29.18	0.03	8	23344	买盘
10:33:42	29.15	--	16	46640	卖盘
10:33:39	29.15	--	5	14575	卖盘
10:33:36	29.15	--	21	61215	卖盘
10:33:33	29.15	--	34	99110	卖盘
10:33:30	29.15	--	50	145750	卖盘
10:33:27	29.15	--	25	72875	买盘
10:33:24	29.15	0.01	28	81620	买盘
10:33:21	29.14	-0.01	43	125302	卖盘
10:33:18	29.15	0.01	20	58300	买盘
10:33:15	29.14	-0.01	3	8742	卖盘
10:33:12	29.15	--	66	192390	买盘
10:33:09	29.15	0.01	2	5830	买盘
10:33:06	29.14	--	5	14570	卖盘
10:33:03	29.14	--	44	128216	卖盘
10:33:00	29.14	--	5	14570	卖盘
10:32:57	29.14	0.01	1	2914	买盘
10:32:54	29.13	--	10	29130	卖盘
10:32:51	29.13	--	20	58260	卖盘
10:32:48	29.13	--	16	46608	买盘
10:32:45	29.13	--	15	43695	买盘
10:32:42	29.13	--	4	11652	买盘
10:32:39	29.13	0.01	2	5826	买盘
10:32:36	29.12	--	16	46592	卖盘
10:32:33	29.12	--	136	396032	买盘
10:32:30	29.12	0.01	6	17472	买盘
10:32:27	29.11	--	8	23288	买盘
10:32:24	29.11	--	15	43665	买盘
10:32:21	29.11	0.01	2	5822	中性盘
10:32:18	29.1	--	7	20370	卖盘
10:32:15	29.1	-0.01	9	26190	卖盘
10:32:12	29.11	0.02	5	14555	中性盘
10:32:09	29.09	-0.02	36	104724	卖盘
10:32:06	29.11	0.01	19	56764	买盘
10:32:03	29.1	0.01	8	23280	买盘
10:32:00	29.09	-0.01	15	43635	卖盘
10:31:57	29.1	0.01	4	11640	买盘
10:31:54	29.09	--	104	302536	买盘
10:31:51	29.09	--	58	168722	买盘
10:31:48	29.09	0.01	65	189085	买盘
10:31:45	29.08	-0.01	24	69792	卖盘
10:31:42	29.09	0.01	59	171631	买盘
10:31:39	29.08	--	1	2908	卖盘
10:31:36	29.08	0.02	45	130859	买盘
10:31:33	29.06	-0.01	67	194702	卖盘
10:31:30	29.07	-0.01	43	125001	卖盘
10:31:27	29.08	0.01	30	87240	买盘
10:31:24	29.07	--	1	2907	卖盘
10:31:21	29.07	--	33	95931	买盘
10:31:18	29.07	0.01	6	17442	买盘
10:31:15	29.06	0.01	16	46496	卖盘
10:31:12	29.05	-0.02	17	49385	卖盘
10:31:09	29.07	0.02	52	151164	买盘
10:31:06	29.05	--	20	58100	卖盘
10:31:03	29.05	-0.01	6	17430	卖盘
10:31:00	29.06	--	15	43590	买盘
10:30:57	29.06	-0.02	45	130770	买盘
10:30:54	29.08	0.01	23	66884	买盘
10:30:51	29.07	-0.01	31	90117	中性盘
10:30:48	29.08	0.01	21	61068	买盘
10:30:45	29.07	-0.01	12	34884	卖盘
10:30:39	29.08	--	6	17448	买盘
10:30:36	29.08	--	35	101780	卖盘
10:30:33	29.08	-0.01	21	61068	卖盘
10:30:30	29.09	--	39	113451	买盘
10:30:27	29.09	--	9	26181	买盘
10:30:24	29.09	--	93	270537	卖盘
10:30:21	29.09	--	7	20363	卖盘
10:30:18	29.09	-0.01	17	49453	卖盘
10:30:15	29.1	0.01	3	8730	买盘
10:30:09	29.09	-0.01	36	106178	卖盘
10:30:06	29.1	--	35	101850	卖盘
10:30:03	29.1	--	33	96030	卖盘
10:30:00	29.1	--	65	189150	卖盘
10:29:57	29.1	--	14	40740	卖盘
10:29:54	29.1	--	34	100395	卖盘
10:29:51	29.1	--	97	282270	卖盘
10:29:48	29.1	--	100	291000	卖盘
10:29:45	29.1	-0.01	59	171690	卖盘
10:29:42	29.11	-0.02	16	46576	中性盘
10:29:39	29.13	--	29	84477	买盘
10:29:36	29.13	--	21	61173	买盘
10:29:33	29.13	--	99	288387	买盘
10:29:30	29.13	--	1	2913	买盘
10:29:27	29.13	-0.02	27	78651	卖盘
10:29:21	29.15	--	30	87450	买盘
10:29:18	29.15	--	7	20405	买盘
10:29:15	29.15	-0.05	12	34980	卖盘
10:29:12	29.2	--	36	105120	买盘
10:29:03	29.2	0.05	91	265720	买盘
10:29:00	29.15	-0.05	198	577170	卖盘
10:28:57	29.2	-0.02	59	172280	卖盘
10:28:54	29.22	--	53	154866	买盘
10:28:51	29.22	0.02	10	29220	买盘
10:28:48	29.2	-0.03	17	49640	卖盘
10:28:45	29.23	-0.01	35	102305	卖盘
10:28:42	29.24	0.01	220	643280	中性盘
10:28:39	29.23	--	12	35076	卖盘
10:28:36	29.23	-0.03	70	204610	卖盘
10:28:33	29.26	-0.02	6	17556	卖盘
10:28:30	29.28	--	110	322080	买盘
10:28:27	29.28	--	12	35136	买盘
10:28:24	29.28	-0.02	22	64416	卖盘
10:28:21	29.3	0.01	35	102550	买盘
10:28:18	29.29	0.01	76	222604	中性盘
10:28:15	29.28	-0.02	109	319152	卖盘
10:28:12	29.3	-0.02	106	310580	卖盘
10:28:09	29.32	0.02	160	469120	买盘
10:28:06	29.3	--	48	140640	卖盘
10:28:03	29.3	-0.02	37	108410	卖盘
10:28:00	29.32	0.02	21	61572	买盘
10:27:57	29.3	--	14	41020	卖盘
10:27:54	29.3	0.04	18	52740	卖盘
10:27:51	29.26	-0.06	42	122892	卖盘
10:27:48	29.32	0.04	145	425140	买盘
10:27:45	29.28	0.02	6	17568	中性盘
10:27:42	29.26	-0.02	19	55594	中性盘
10:27:39	29.28	0.03	104	304512	买盘
10:27:36	29.25	0.01	13	38025	买盘
10:27:33	29.24	0.02	32	93568	买盘
10:27:30	29.22	-0.01	45	131490	卖盘
10:27:27	29.23	0.03	9	26307	买盘
10:27:24	29.2	--	2	5840	卖盘
10:27:21	29.2	-0.02	5	14600	卖盘
10:27:18	29.22	0.11	38	111036	买盘
10:27:15	29.11	-0.04	126	366786	卖盘
10:27:12	29.15	-0.03	17	49555	卖盘
10:27:09	29.18	0.03	8	23344	买盘
10:27:06	29.15	0.05	27	78705	买盘
10:27:03	29.1	--	27	78570	卖盘
10:27:00	29.1	-0.05	15	43650	卖盘
10:26:57	29.15	0.05	52	151580	买盘
10:26:54	29.1	0.02	47	136770	买盘
10:26:51	29.08	--	13	37804	卖盘
10:26:48	29.08	--	8	23264	卖盘
10:26:45	29.08	--	50	145400	买盘
10:26:42	29.08	0.05	82	238456	买盘
10:26:39	29.03	--	23	66769	卖盘
10:26:36	29.03	0.01	15	43545	中性盘
10:26:33	29.02	0.01	50	145100	中性盘
10:26:30	29.01	0.01	40	116040	卖盘
10:26:27	29.0	--	26	75400	卖盘
10:26:24	29.0	-0.01	78	226200	卖盘
10:26:21	29.01	0.02	59	171188	买盘
10:26:18	28.99	-0.01	11	31889	卖盘
10:26:15	29.0	--	62	179800	买盘
10:26:12	29.0	--	76	220400	买盘
10:26:09	29.0	-0.1	95	278371	卖盘
10:26:06	29.1	--	5	14550	买盘
10:26:03	29.1	--	10	29100	买盘
10:26:00	29.1	-0.05	56	162960	卖盘
10:25:57	29.15	0.04	10	29150	中性盘
10:25:54	29.11	-0.09	29	84419	中性盘
10:25:51	29.2	--	9	26280	买盘
10:25:48	29.2	--	59	172280	卖盘
10:25:45	29.2	-0.03	33	96360	卖盘
10:25:42	29.23	-0.03	34	99382	卖盘
10:25:39	29.26	-0.02	22	64372	中性盘
10:25:36	29.28	0.03	13	38064	买盘
10:25:33	29.25	-0.04	35	102375	卖盘
10:25:30	29.29	0.01	13	38077	买盘
10:25:27	29.28	-0.03	28	81984	卖盘
10:25:24	29.31	-0.03	71	208101	卖盘
10:25:21	29.34	-0.01	36	105624	买盘
10:25:18	29.35	--	139	407965	买盘
10:25:15	29.35	--	10	29350	买盘
10:25:12	29.35	-0.05	96	281760	卖盘
10:25:09	29.4	0.01	144	423360	买盘
10:25:06	29.39	-0.03	195	573105	卖盘
10:25:03	29.42	--	103	303026	买盘
10:25:00	29.42	0.02	32	94144	中性盘
10:24:57	29.4	-0.05	58	170520	卖盘
10:24:54	29.45	-0.01	136	400520	中性盘
10:24:51	29.46	--	64	188544	中性盘
10:24:48	29.46	-0.01	295	869070	卖盘
10:24:45	29.47	0.02	73	215131	卖盘
10:24:42	29.45	--	32	94240	卖盘
10:24:39	29.45	--	44	129580	卖盘
10:24:36	29.45	-0.01	182	535990	卖盘
10:24:33	29.46	0.02	183	539118	买盘
10:24:30	29.44	--	122	359168	买盘
10:24:27	29.44	--	13	38272	卖盘
10:24:24	29.44	0.01	134	394496	卖盘
10:24:21	29.43	-0.01	97	285471	卖盘
10:24:18	29.44	0.03	180	529920	买盘
10:24:15	29.41	0.01	76	223516	卖盘
10:24:12	29.4	--	68	199920	卖盘
10:24:09	29.4	--	140	411600	卖盘
10:24:06	29.4	--	35	102900	卖盘
10:24:03	29.4	0.01	34	99960	买盘
10:24:00	29.39	--	55	161645	卖盘
10:23:57	29.39	--	115	337985	卖盘
10:23:54	29.39	0.05	94	276266	买盘
10:23:51	29.34	-0.01	167	489978	中性盘
10:23:48	29.35	0.03	63	184905	买盘
10:23:45	29.32	0.02	87	255084	卖盘
10:23:42	29.3	--	84	246120	卖盘
10:23:39	29.3	-0.01	130	380900	卖盘
10:23:36	29.31	0.03	98	287238	买盘
10:23:33	29.28	--	38	111264	卖盘
10:23:30	29.28	0.03	67	196176	买盘
10:23:27	29.25	--	68	198900	卖盘
10:23:24	29.25	0.05	33	96525	卖盘
10:23:21	29.2	-0.08	79	230680	卖盘
10:23:18	29.28	0.05	67	196176	买盘
10:23:15	29.23	0.04	12	35076	买盘
10:23:12	29.19	-0.01	40	116760	卖盘
10:23:09	29.2	--	28	81760	卖盘
10:23:06	29.2	0.07	206	601520	买盘
10:23:03	29.13	0.01	16	46608	中性盘
10:23:00	29.12	0.01	75	218400	中性盘
10:22:57	29.11	-0.02	42	122262	卖盘
10:22:54	29.13	0.03	27	78651	买盘
10:22:51	29.1	0.03	94	273540	买盘
10:22:48	29.07	--	24	69797	卖盘
10:22:45	29.07	-0.01	26	75582	卖盘
10:22:42	29.08	0.05	16	46528	中性盘
10:22:39	29.03	--	29	84187	卖盘
10:22:36	29.03	0.01	21	60963	中性盘
10:22:33	29.02	0.01	47	136394	买盘
10:22:30	29.01	0.01	60	174060	卖盘
10:22:27	29.0	--	44	127600	卖盘
10:22:24	29.0	-0.01	67	194300	卖盘
10:22:21	29.01	0.01	265	768765	买盘
10:22:18	29.0	--	80	232000	买盘
10:22:15	29.0	--	87	252300	买盘
10:22:12	29.0	--	20	58000	买盘
10:22:09	29.0	--	94	272600	买盘
10:22:06	29.0	0.01	82	237800	买盘
10:22:03	28.99	0.02	32	92768	买盘
10:22:00	28.97	-0.02	14	40558	卖盘
10:21:57	28.99	0.01	65	188435	卖盘
10:21:54	28.98	0.01	35	101430	中性盘
10:21:51	28.97	0.01	28	81116	中性盘
10:21:48	28.96	0.01	47	136112	卖盘
10:21:45	28.95	-0.01	14	40530	卖盘
10:21:42	28.96	--	88	254848	买盘
10:21:39	28.96	0.02	54	156384	买盘
10:21:36	28.94	-0.01	24	69456	卖盘
10:21:33	28.95	0.01	12	34740	卖盘
10:21:30	28.94	0.03	14	40516	中性盘
10:21:27	28.91	-0.01	41	118531	卖盘
10:21:24	28.92	-0.01	38	109896	卖盘
10:21:21	28.93	0.03	26	76664	买盘
10:21:18	28.9	0.01	66	190740	买盘
10:21:15	28.89	-0.01	47	135783	卖盘
10:21:12	28.9	--	8	23120	买盘
10:21:09	28.9	0.02	53	153170	买盘
10:21:06	28.88	--	1	2888	卖盘
10:21:03	28.88	0.06	133	384104	买盘
10:20:57	28.82	--	20	57640	买盘
10:20:54	28.82	0.02	100	288488	买盘
10:20:51	28.8	--	35	100800	买盘
10:20:48	28.8	0.01	167	480960	买盘
10:20:45	28.79	--	40	115160	卖盘
10:20:42	28.79	-0.01	16	46064	卖盘
10:20:39	28.8	0.02	62	178560	买盘
10:20:36	28.78	0.02	291	837498	卖盘
10:20:33	28.76	-0.04	5	14380	卖盘
10:20:30	28.8	0.03	54	155520	买盘
10:20:27	28.77	0.01	18	51786	卖盘
10:20:24	28.76	-0.01	55	158180	卖盘
10:20:21	28.77	0.01	24	69048	中性盘
10:20:18	28.76	--	1137	3270012	卖盘
10:20:15	28.76	0.01	17	48892	中性盘
10:20:09	28.75	--	27	77625	卖盘
10:20:06	28.75	-0.01	6	17250	卖盘
10:20:03	28.76	--	14	40264	买盘
10:20:00	28.76	0.01	2	5752	买盘
10:19:57	28.75	--	24	69000	买盘
10:19:54	28.75	0.01	10	28750	买盘
10:19:51	28.74	-0.01	3	8622	中性盘
10:19:48	28.75	0.01	36	103500	买盘
10:19:45	28.74	0.02	20	57480	买盘
10:19:42	28.72	--	35	100520	买盘
10:19:39	28.72	0.02	45	129240	买盘
10:19:36	28.7	--	12	34440	卖盘
10:19:33	28.7	--	3	8610	卖盘
10:19:30	28.7	0.06	572	1642673	买盘
10:19:27	28.64	-0.01	5	14320	中性盘
10:19:24	28.65	--	22	63431	卖盘
10:19:21	28.65	--	16	48303	买盘
10:19:18	28.65	--	6	17190	买盘
10:19:15	28.65	0.01	1	2865	买盘
10:19:09	28.64	-0.01	2	5728	中性盘
10:19:03	28.65	0.03	50	143250	买盘
10:19:00	28.62	--	14	40068	卖盘
10:18:57	28.62	-0.01	4	11448	卖盘
10:18:54	28.63	--	22	62986	买盘
10:18:51	28.63	0.01	40	114520	买盘
10:18:48	28.62	0.02	39	111618	买盘
10:18:42	28.6	--	8	22880	卖盘
10:18:39	28.6	0.01	15	42900	买盘
10:18:36	28.59	--	23	65757	买盘
10:18:33	28.59	--	29	82911	卖盘
10:18:27	28.59	--	9	25731	中性盘
10:18:24	28.59	--	3	8577	买盘
10:18:21	28.59	--	8	22872	买盘
10:18:18	28.59	-0.03	10	28590	买盘
10:18:12	28.62	0.02	18	51516	买盘
10:18:09	28.6	0.04	13	37180	买盘
10:18:06	28.56	-0.04	15	42840	卖盘
10:18:03	28.6	0.01	3	8580	买盘
10:17:57	28.59	--	2	5718	卖盘
10:17:54	28.59	--	14	40026	卖盘
10:17:51	28.59	-0.01	49	140091	卖盘
10:17:48	28.6	0.02	33	94380	买盘
10:17:45	28.58	-0.02	10	28580	卖盘
10:17:42	28.6	0.02	2	5720	买盘
10:17:39	28.58	-0.02	18	51444	卖盘
10:17:33	28.6	-0.01	44	125840	卖盘
10:17:30	28.61	0.01	45	128745	中性盘
10:17:27	28.6	--	20	57200	卖盘
10:17:24	28.6	--	8	22880	卖盘
10:17:21	28.6	-0.02	3	8580	卖盘
10:17:18	28.62	--	16	45792	买盘
10:17:12	28.62	-0.01	4	11448	卖盘
10:17:09	28.63	--	5	14315	买盘
10:17:03	28.63	--	27	77301	卖盘
10:17:00	28.63	-0.01	20	57260	卖盘
10:16:57	28.64	0.01	4	11456	买盘
10:16:51	28.63	--	6	17178	卖盘
10:16:48	28.63	-0.02	11	31493	卖盘
10:16:45	28.65	-0.01	21	60165	卖盘
10:16:42	28.66	0.01	7	20062	买盘
10:16:39	28.65	--	42	120330	买盘
10:16:36	28.65	--	27	77355	卖盘
10:16:33	28.65	-0.01	20	57300	卖盘
10:16:30	28.66	0.01	19	54454	买盘
10:16:27	28.65	-0.01	7	20055	卖盘
10:16:24	28.66	--	2	5732	买盘
10:16:21	28.66	--	21	60186	卖盘
10:16:18	28.66	--	19	54454	卖盘
10:16:15	28.66	-0.02	21	60186	卖盘
10:16:12	28.68	-0.01	8	22944	买盘
10:16:09	28.69	0.01	6	17214	买盘
10:16:06	28.68	-0.01	92	263856	卖盘
10:16:03	28.69	--	53	152057	买盘
10:16:00	28.69	--	19	54511	买盘
10:15:57	28.69	--	13	37297	买盘
10:15:54	28.69	0.01	12	34428	中性盘
10:15:51	28.68	--	38	108984	卖盘
10:15:48	28.68	--	37	106116	卖盘
10:15:45	28.68	-0.02	24	68832	卖盘
10:15:42	28.7	0.02	101	289870	买盘
10:15:39	28.68	--	77	220836	卖盘
10:15:36	28.68	--	39	111852	卖盘
10:15:33	28.68	--	343	983724	卖盘
10:15:30	28.68	-0.01	40	114720	卖盘
10:15:27	28.69	0.01	1	2869	买盘
10:15:24	28.68	--	55	157740	卖盘
10:15:21	28.68	-0.01	28	80304	卖盘
10:15:18	28.69	--	39	111891	买盘
10:15:15	28.69	--	28	80332	买盘
10:15:09	28.69	--	13	37297	买盘
10:15:06	28.69	--	64	183616	买盘
10:15:03	28.69	--	18	51642	买盘
10:15:00	28.69	--	65	186485	买盘
10:14:57	28.69	0.01	32	91808	买盘
10:14:54	28.68	-0.01	11	31548	卖盘
10:14:51	28.69	--	18	51642	卖盘
10:14:48	28.69	-0.01	21	60249	中性盘
10:14:45	28.7	0.01	32	91840	买盘
10:14:42	28.69	--	15	43035	卖盘
10:14:39	28.69	-0.01	6	17214	卖盘
10:14:36	28.7	0.02	61	175070	买盘
10:14:33	28.68	-0.01	28	80304	卖盘
10:14:30	28.69	--	25	71725	买盘
10:14:24	28.69	0.01	1	2869	买盘
10:14:21	28.68	0.03	40	114720	买盘
10:14:18	28.65	--	2	5730	买盘
10:14:15	28.65	0.02	14	40110	买盘
10:14:12	28.63	0.01	5	14315	买盘
10:14:09	28.62	-0.01	3	8586	卖盘
10:14:06	28.63	--	2	5726	买盘
10:14:03	28.63	--	36	103068	买盘
10:14:00	28.63	0.03	7	20041	买盘
10:13:57	28.6	-0.03	2	5720	卖盘
10:13:54	28.63	0.01	25	71575	买盘
10:13:51	28.62	0.02	25	71550	买盘
10:13:48	28.6	--	67	191620	买盘
10:13:45	28.6	0.01	21	60060	买盘
10:13:42	28.59	0.03	2	5718	中性盘
10:13:39	28.56	-0.03	15	42840	卖盘
10:13:36	28.59	0.03	10	28590	买盘
10:13:33	28.56	0.02	41	117096	买盘
10:13:30	28.54	-0.01	13	37102	中性盘
10:13:27	28.55	--	10	28550	买盘
10:13:24	28.55	0.01	2	5710	买盘
10:13:21	28.54	0.01	5	14270	买盘
10:13:18	28.53	--	81	231093	买盘
10:13:15	28.53	--	2	5706	买盘
10:13:12	28.53	0.01	17	48501	买盘
10:13:09	28.52	0.02	47	134044	买盘
10:13:06	28.5	--	48	136800	买盘
10:13:03	28.5	0.02	26	74100	买盘
10:13:00	28.48	0.01	6	17088	卖盘
10:12:54	28.47	-0.03	10	28470	卖盘
