成交时间	成交价	价格变动	成交量(手)	成交额(元)	性质
15:00:03	57.5	-0.03	1590	9144915	卖盘
14:57:00	57.53	--	9	51777	买盘
14:56:57	57.53	--	8	46024	买盘
14:56:54	57.53	-0.01	12	69036	卖盘
14:56:51	57.54	0.02	17	97818	买盘
14:56:48	57.52	-0.02	31	178312	卖盘
14:56:45	57.54	--	8	46032	买盘
14:56:42	57.54	--	5	28770	买盘
14:56:39	57.54	--	7	40278	买盘
14:56:36	57.54	-0.01	11	63294	中性盘
14:56:30	57.55	0.02	22	126610	买盘
14:56:27	57.53	-0.02	23	132319	卖盘
14:56:24	57.55	--	16	92080	买盘
14:56:18	57.55	--	30	172650	买盘
14:56:15	57.55	0.01	11	63305	买盘
14:56:12	57.54	-0.01	3	17262	中性盘
14:56:09	57.55	0.01	101	581255	买盘
14:56:06	57.54	0.01	9	51786	买盘
14:56:03	57.53	-0.01	3	17259	卖盘
14:56:00	57.54	0.01	4	23016	买盘
14:55:57	57.53	-0.01	2	11506	卖盘
14:55:54	57.54	--	13	74802	买盘
14:55:51	57.54	--	11	63294	买盘
14:55:45	57.54	--	33	189882	卖盘
14:55:42	57.54	-0.01	36	207144	卖盘
14:55:39	57.55	0.01	10	57550	买盘
14:55:33	57.54	-0.01	4	23016	卖盘
14:55:30	57.55	0.01	71	408605	买盘
14:55:24	57.54	-0.01	9	51786	卖盘
14:55:21	57.55	--	4	23020	买盘
14:55:18	57.55	0.01	11	63305	买盘
14:55:15	57.54	--	1	5754	卖盘
14:55:12	57.54	0.01	38	218652	买盘
14:55:09	57.53	--	15	86295	卖盘
14:55:06	57.53	--	23	132319	卖盘
14:55:00	57.53	0.02	15	86295	买盘
14:54:57	57.51	-0.02	10	57510	卖盘
14:54:54	57.53	0.02	20	115060	买盘
14:54:51	57.51	-0.02	12	69012	卖盘
14:54:48	57.53	--	6	34518	买盘
14:54:45	57.53	--	1	5753	买盘
14:54:42	57.53	--	1	5753	买盘
14:54:39	57.53	0.03	7	40271	买盘
14:54:36	57.5	-0.05	18	103500	卖盘
14:54:30	57.55	--	5	28775	买盘
14:54:27	57.55	0.05	1	5755	买盘
14:54:24	57.5	--	10	57500	卖盘
14:54:21	57.5	--	1	5750	卖盘
14:54:18	57.5	--	19	109250	买盘
14:54:15	57.5	--	9	51750	买盘
14:54:12	57.5	--	3	17250	买盘
14:54:06	57.5	--	119	684250	买盘
14:54:03	57.5	--	3	17250	买盘
14:54:00	57.5	--	74	425500	买盘
14:53:54	57.5	--	13	74750	买盘
14:53:51	57.5	--	11	63250	买盘
14:53:48	57.5	-0.05	31	178250	卖盘
14:53:45	57.55	--	33	189915	买盘
14:53:42	57.55	--	6	34530	买盘
14:53:39	57.55	-0.01	273	1573934	卖盘
14:53:36	57.56	--	16	92096	买盘
14:53:33	57.56	--	4	23024	买盘
14:53:30	57.56	--	8	46048	买盘
14:53:27	57.56	-0.02	21	120876	卖盘
14:53:21	57.58	--	17	97886	买盘
14:53:15	57.58	--	144	829152	买盘
14:53:12	57.58	0.03	6	34548	买盘
14:53:00	57.55	0.05	596	3432915	买盘
14:52:57	57.5	0.03	57	327750	买盘
14:52:54	57.47	--	6	34482	买盘
14:52:51	57.47	--	33	189651	买盘
14:52:48	57.47	--	50	287350	卖盘
14:52:45	57.47	-0.01	144	827568	卖盘
14:52:42	57.48	-0.01	3	17244	卖盘
14:52:36	57.49	0.01	21	120729	买盘
14:52:33	57.48	--	60	344880	买盘
14:52:30	57.48	0.01	6	34488	买盘
14:52:27	57.47	-0.01	2	11494	卖盘
14:52:21	57.48	0.01	8	45984	买盘
14:52:18	57.47	--	2	11494	买盘
14:52:15	57.47	-0.01	35	201145	中性盘
14:52:12	57.48	0.03	24	137952	买盘
14:52:06	57.45	-0.03	502	2883990	卖盘
14:52:00	57.48	0.02	1	5748	买盘
14:51:57	57.46	-0.01	36	206856	卖盘
14:51:54	57.47	--	4	22988	买盘
14:51:51	57.47	--	3	17241	买盘
14:51:48	57.47	-0.01	15	86205	卖盘
14:51:42	57.48	--	1	5748	买盘
14:51:39	57.48	--	29	166692	买盘
14:51:36	57.48	--	22	126456	买盘
14:51:33	57.48	-0.02	218	1253064	卖盘
14:51:30	57.5	--	6	39042	买盘
14:51:27	57.5	--	30	172500	买盘
14:51:24	57.5	-0.03	141	810750	卖盘
14:51:21	57.53	--	8	46024	买盘
14:51:18	57.53	--	7	40271	买盘
14:51:15	57.53	0.01	27	155331	买盘
14:51:12	57.52	-0.03	53	304856	卖盘
14:51:09	57.55	0.01	16	92080	买盘
14:51:06	57.54	-0.01	7	40278	卖盘
14:51:03	57.55	--	13	74815	买盘
14:51:00	57.55	--	200	1151000	买盘
14:50:57	57.55	0.02	5	28775	买盘
14:50:54	57.53	-0.02	2	11506	卖盘
14:50:51	57.55	--	1	5755	买盘
14:50:48	57.55	--	64	368320	买盘
14:50:45	57.55	0.05	2	11510	买盘
14:50:42	57.5	-0.05	21	120750	卖盘
14:50:39	57.55	--	12	69060	买盘
14:50:36	57.55	0.02	2	11510	买盘
14:50:33	57.53	-0.02	3	17259	卖盘
14:50:30	57.55	0.01	3	17265	买盘
14:50:27	57.54	--	9	51786	买盘
14:50:24	57.54	0.04	4	23016	中性盘
14:50:21	57.5	-0.05	43	247250	卖盘
14:50:18	57.55	0.05	10	57550	买盘
14:50:12	57.5	--	97	557750	卖盘
14:50:09	57.5	--	100	578277	买盘
14:50:06	57.5	--	58	333500	买盘
14:50:03	57.5	--	33	189750	买盘
14:50:00	57.5	0.04	14	81707	买盘
14:49:57	57.46	-0.04	2	11492	中性盘
14:49:54	57.5	0.05	50	287500	买盘
14:49:51	57.45	-0.05	3	17235	卖盘
14:49:48	57.5	0.05	1000	5750000	买盘
14:49:45	57.45	-0.02	43	247035	卖盘
14:49:42	57.47	--	5	28735	买盘
14:49:39	57.47	0.02	1	5747	买盘
14:49:33	57.45	0.01	80	459600	买盘
14:49:30	57.44	--	55	315920	买盘
14:49:27	57.44	--	29	166576	买盘
14:49:24	57.44	-0.01	18	103392	中性盘
14:49:21	57.45	--	24	137880	买盘
14:49:18	57.45	--	5	28725	买盘
14:49:15	57.45	--	33	189585	买盘
14:49:12	57.45	0.01	162	930690	买盘
14:49:09	57.44	-0.01	3	17232	卖盘
14:49:06	57.45	--	1	5745	买盘
14:49:03	57.45	--	31	178095	买盘
14:49:00	57.45	-0.02	222	1275390	卖盘
14:48:57	57.47	--	11	63217	买盘
14:48:54	57.47	-0.01	140	804580	卖盘
14:48:51	57.48	--	17	97716	买盘
14:48:48	57.48	--	10	57480	买盘
14:48:45	57.48	0.02	15	86220	买盘
14:48:42	57.46	-0.02	58	333268	卖盘
14:48:39	57.48	--	1	5748	买盘
14:48:36	57.48	0.01	8	45984	买盘
14:48:30	57.47	--	24	137928	买盘
14:48:27	57.47	--	6	34482	买盘
14:48:24	57.47	--	2	11494	买盘
14:48:21	57.47	0.02	17	97699	买盘
14:48:18	57.45	--	102	585990	卖盘
14:48:12	57.45	-0.02	5	28725	卖盘
14:48:09	57.47	--	21	120687	买盘
14:48:06	57.47	0.01	90	517230	买盘
14:48:03	57.46	-0.01	15	86190	卖盘
14:48:00	57.47	0.01	14	80458	买盘
14:47:57	57.46	-0.01	20	114920	卖盘
14:47:54	57.47	0.02	8	45976	买盘
14:47:51	57.45	-0.02	4	22980	卖盘
14:47:45	57.47	--	21	120687	买盘
14:47:42	57.47	--	5	28735	买盘
14:47:39	57.47	0.02	1	5747	买盘
14:47:36	57.45	-0.02	9	51705	卖盘
14:47:33	57.47	0.02	18	103446	买盘
14:47:27	57.45	--	5	28725	卖盘
14:47:24	57.45	--	8	45960	卖盘
14:47:21	57.45	-0.02	116	666420	卖盘
14:47:18	57.47	0.02	15	86205	买盘
14:47:15	57.45	--	12	68940	买盘
14:47:12	57.45	--	26	149370	买盘
14:47:09	57.45	--	11	63195	买盘
14:47:06	57.45	-0.02	463	2659935	卖盘
14:47:03	57.47	-0.01	22	126434	卖盘
14:47:00	57.48	--	3	17244	买盘
14:46:57	57.48	0.01	60	344880	买盘
14:46:54	57.47	0.02	2	11494	买盘
14:46:51	57.45	0.01	11	63195	中性盘
14:46:48	57.44	-0.04	38	218272	卖盘
14:46:45	57.48	--	92	528816	买盘
14:46:42	57.48	0.04	6	34488	买盘
14:46:39	57.44	-0.04	22	126368	卖盘
14:46:36	57.48	0.05	3	17244	买盘
14:46:33	57.43	-0.03	60	344580	卖盘
14:46:27	57.46	0.01	5	28730	买盘
14:46:24	57.45	0.03	1021	5865645	买盘
14:46:21	57.42	-0.03	33	189486	卖盘
14:46:18	57.45	0.02	8	45960	买盘
14:46:15	57.43	-0.02	7	40201	卖盘
14:46:12	57.45	--	7	40215	买盘
14:46:09	57.45	--	3	17235	买盘
14:46:06	57.45	0.03	6	34470	买盘
14:46:03	57.42	--	5	28710	卖盘
14:46:00	57.42	--	15	86130	买盘
14:45:57	57.42	--	8	45936	买盘
14:45:54	57.42	-0.04	167	958914	卖盘
14:45:51	57.46	--	26	149396	买盘
14:45:48	57.46	--	40	229840	卖盘
14:45:45	57.46	--	7	40222	卖盘
14:45:42	57.46	--	1	5746	买盘
14:45:39	57.46	-0.01	5	28730	卖盘
14:45:36	57.47	-0.01	49	281603	中性盘
14:45:33	57.48	0.02	15	86220	买盘
14:45:30	57.46	-0.02	11	63206	中性盘
14:45:27	57.48	--	3	17244	买盘
14:45:24	57.48	--	157	902436	买盘
14:45:21	57.48	--	3	17244	买盘
14:45:18	57.48	--	30	172440	买盘
14:45:15	57.48	--	18	103464	买盘
14:45:12	57.48	-0.02	637	3663947	卖盘
14:45:09	57.5	-0.04	1100	6325000	卖盘
14:45:06	57.54	--	27	155358	买盘
14:45:03	57.54	--	12	69048	买盘
14:44:57	57.54	--	3	17262	买盘
14:44:54	57.54	--	6	34524	买盘
14:44:51	57.54	--	67	385518	买盘
14:44:48	57.54	--	14	80556	买盘
14:44:45	57.54	0.01	4	23016	买盘
14:44:42	57.53	-0.01	52	299156	卖盘
14:44:39	57.54	--	27	155358	买盘
14:44:36	57.54	--	1	5754	买盘
14:44:33	57.54	--	3	17262	买盘
14:44:30	57.54	--	32	184128	买盘
14:44:27	57.54	--	2	11508	买盘
14:44:24	57.54	0.01	10	57540	买盘
14:44:21	57.53	--	7	45506	买盘
14:44:18	57.53	-0.01	16	92565	卖盘
14:44:15	57.54	0.01	10	57540	中性盘
14:44:09	57.53	--	4	23012	卖盘
14:44:06	57.53	--	6	34518	卖盘
14:44:03	57.53	--	8	51259	买盘
14:44:00	57.53	--	31	178343	买盘
14:43:57	57.53	--	1	5753	买盘
14:43:54	57.53	--	28	161084	买盘
14:43:51	57.53	--	56	322168	买盘
14:43:48	57.53	--	5	28765	买盘
14:43:45	57.53	-0.01	98	564311	卖盘
14:43:42	57.54	--	38	218652	买盘
14:43:36	57.54	0.01	4	23016	买盘
14:43:33	57.53	-0.01	2	11506	卖盘
14:43:30	57.54	-0.01	1	5754	买盘
14:43:24	57.55	0.01	7	40285	买盘
14:43:18	57.54	-0.01	29	166866	卖盘
14:43:15	57.55	--	5	28775	买盘
14:43:12	57.55	--	8	46040	买盘
14:43:09	57.55	--	9	51795	买盘
14:43:06	57.55	--	3	17265	买盘
14:42:57	57.55	--	105	604275	买盘
14:42:54	57.55	--	7	40285	买盘
14:42:51	57.55	--	15	86325	买盘
14:42:45	57.55	--	1	5755	买盘
14:42:42	57.55	-0.04	190	1093450	卖盘
14:42:33	57.59	--	21	120939	买盘
14:42:30	57.59	0.01	20	115180	买盘
14:42:18	57.58	0.01	21	120918	买盘
14:42:15	57.57	-0.01	5	28785	卖盘
14:42:12	57.58	--	4	23032	买盘
14:42:09	57.58	-0.01	26	149708	卖盘
14:42:03	57.59	0.01	5	28795	买盘
14:42:00	57.58	--	62	356996	卖盘
14:41:57	57.58	--	2	11516	卖盘
14:41:54	57.58	--	3	17274	卖盘
14:41:51	57.58	0.01	13	74854	买盘
14:41:48	57.57	-0.01	11	63327	卖盘
14:41:45	57.58	--	1	5758	买盘
14:41:42	57.58	0.01	3	17274	买盘
14:41:36	57.57	-0.02	6	34542	卖盘
14:41:33	57.59	0.01	20	120190	买盘
14:41:30	57.58	--	1	5758	卖盘
14:41:27	57.58	-0.01	2	11516	卖盘
14:41:24	57.59	0.01	21	120939	买盘
14:41:21	57.58	--	6	34548	卖盘
14:41:18	57.58	--	15	86370	卖盘
14:41:15	57.58	-0.01	36	207288	卖盘
14:41:03	57.59	--	20	115180	卖盘
14:41:00	57.59	--	6	34554	卖盘
14:40:51	57.59	-0.01	10	57590	卖盘
14:40:48	57.6	--	2	11520	买盘
14:40:45	57.6	--	3	17280	买盘
14:40:42	57.6	--	5	28800	买盘
14:40:39	57.6	--	9	51840	买盘
14:40:36	57.6	--	8	46080	买盘
14:40:33	57.6	--	3	17280	买盘
14:40:30	57.6	--	80	460800	买盘
14:40:27	57.6	-0.09	228	1317024	卖盘
14:40:24	57.69	0.03	6	34614	买盘
14:40:21	57.66	--	0	115	卖盘
14:40:18	57.66	0.01	2	11532	中性盘
14:40:15	57.65	-0.05	60	345900	卖盘
14:40:09	57.7	--	1	5770	买盘
14:40:06	57.7	0.04	26	150020	买盘
14:40:03	57.66	--	2	11532	买盘
14:40:00	57.66	--	2	11532	买盘
14:39:54	57.66	--	15	86490	买盘
14:39:51	57.66	0.01	4	23064	买盘
14:39:48	57.65	-0.01	170	980050	卖盘
14:39:39	57.66	-0.03	100	576600	卖盘
14:39:36	57.69	-0.01	1	5769	卖盘
14:39:33	57.7	--	6	34620	买盘
14:39:15	57.7	0.01	1	5770	买盘
14:39:12	57.69	--	10	57690	卖盘
14:39:09	57.69	0.01	37	213453	买盘
14:39:06	57.68	-0.01	1	5768	卖盘
14:39:03	57.69	--	4	23076	买盘
14:38:57	57.69	--	6	34614	买盘
14:38:48	57.69	--	1	5769	买盘
14:38:45	57.69	--	3	17307	卖盘
14:38:39	57.69	--	9	51921	卖盘
14:38:36	57.69	--	18	103842	买盘
14:38:33	57.69	--	4	23076	买盘
14:38:30	57.69	--	10	57690	买盘
14:38:27	57.69	--	12	69228	买盘
14:38:24	57.69	--	1	5769	买盘
14:38:21	57.69	--	1	5769	买盘
14:38:12	57.69	--	3	17307	买盘
14:38:03	57.69	--	2	11538	买盘
14:38:00	57.69	--	3	17307	买盘
14:37:57	57.69	--	1	5769	买盘
14:37:54	57.69	--	5	28845	买盘
14:37:45	57.69	-0.01	5	28845	卖盘
14:37:42	57.7	--	6	34620	买盘
14:37:30	57.7	--	3	17310	买盘
14:37:18	57.7	0.01	5	28850	买盘
14:37:15	57.69	--	2	11538	买盘
14:37:12	57.69	--	2	11538	买盘
14:37:09	57.69	-0.01	5	28845	卖盘
14:37:06	57.7	0.01	2	11540	买盘
14:37:03	57.69	-0.01	1	5769	卖盘
14:37:00	57.7	--	2	11540	买盘
14:36:57	57.7	--	1	5770	买盘
14:36:54	57.7	0.01	2	11540	买盘
14:36:51	57.69	-0.01	5	28845	卖盘
14:36:45	57.7	--	7	40390	买盘
14:36:42	57.7	--	2	11540	买盘
14:36:39	57.7	--	62	357740	买盘
14:36:36	57.7	0.01	35	201950	买盘
14:36:30	57.69	-0.01	25	144225	卖盘
14:36:27	57.7	--	5	28850	买盘
14:36:12	57.7	--	1	5770	买盘
14:36:09	57.7	--	1	5770	买盘
14:36:06	57.7	--	2	11540	买盘
14:36:03	57.7	--	1	5770	买盘
14:36:00	57.7	--	4	23080	买盘
14:35:57	57.7	0.01	10	57700	买盘
14:35:42	57.69	--	1	5769	买盘
14:35:36	57.69	0.01	6	34614	买盘
14:35:33	57.68	0.01	5	28840	买盘
14:35:30	57.67	-0.01	1	5767	卖盘
14:35:24	57.68	--	1	5768	买盘
14:35:18	57.68	--	5	28840	买盘
14:35:12	57.68	--	12	69216	买盘
14:35:09	57.68	0.02	3	17304	买盘
14:34:48	57.66	-0.01	5	28830	卖盘
14:34:45	57.67	0.01	10	57670	买盘
14:34:42	57.66	-0.01	2	11532	卖盘
14:34:39	57.67	--	7	40369	买盘
14:34:36	57.67	--	1	5767	买盘
14:34:33	57.67	-0.01	8	46136	中性盘
14:34:24	57.68	--	2	11536	买盘
14:34:18	57.68	--	10	57680	买盘
14:34:12	57.68	0.03	5	28840	买盘
14:34:09	57.65	-0.03	9	51885	卖盘
14:34:06	57.68	--	7	40376	买盘
14:34:03	57.68	--	15	86520	买盘
14:33:57	57.68	--	12	69216	买盘
14:33:51	57.68	0.03	5	28840	买盘
14:33:48	57.65	-0.03	21	121065	卖盘
14:33:42	57.68	0.01	83	478744	买盘
14:33:39	57.67	--	13	74971	卖盘
14:33:36	57.67	--	44	253748	卖盘
14:33:24	57.67	--	6	34602	卖盘
14:33:18	57.67	0.01	5	28835	买盘
14:33:15	57.66	-0.01	16	92256	卖盘
14:33:12	57.67	--	1	5767	中性盘
14:33:09	57.67	0.01	7	40369	买盘
14:33:06	57.66	-0.01	5	28830	买盘
14:33:03	57.67	--	35	201845	买盘
14:33:00	57.67	0.02	1	5767	买盘
14:32:57	57.65	-0.01	4	23060	卖盘
14:32:45	57.66	0.01	3	17298	中性盘
14:32:39	57.65	--	5	28825	卖盘
14:32:36	57.65	--	5	28825	卖盘
14:32:33	57.65	--	100	576500	卖盘
14:32:27	57.65	-0.02	114	657210	卖盘
14:32:21	57.67	--	11	63437	买盘
14:32:18	57.67	--	27	155709	买盘
14:32:15	57.67	--	14	80738	买盘
14:32:12	57.67	-0.01	17	98039	卖盘
14:32:09	57.68	--	137	790216	买盘
14:32:03	57.68	--	5	28840	买盘
14:32:00	57.68	--	6	34608	买盘
14:31:57	57.68	--	12	69216	买盘
14:31:54	57.68	--	3	17304	买盘
14:31:51	57.68	--	19	109592	买盘
14:31:45	57.68	--	2	11536	买盘
14:31:39	57.68	0.01	3	17304	买盘
14:31:36	57.67	-0.01	3	17301	卖盘
14:31:33	57.68	0.01	10	57680	买盘
14:31:30	57.67	--	7	40369	买盘
14:31:27	57.67	0.01	1	5767	买盘
14:31:24	57.66	-0.01	12	69192	卖盘
14:31:21	57.67	--	7	40369	卖盘
14:31:18	57.67	-0.01	10	57670	卖盘
14:31:15	57.68	--	17	98056	买盘
14:31:12	57.68	--	6	34608	买盘
14:31:09	57.68	--	18	103824	买盘
14:31:06	57.68	--	4	23072	买盘
14:31:03	57.68	--	10	57680	买盘
14:31:00	57.68	--	7	40376	买盘
14:30:57	57.68	--	7	40376	买盘
14:30:54	57.68	--	10	57680	买盘
14:30:51	57.68	--	7	40376	买盘
14:30:45	57.68	--	10	57680	买盘
14:30:42	57.68	--	1	5768	买盘
14:30:39	57.68	--	2	11536	买盘
14:30:36	57.68	--	15	86520	买盘
14:30:33	57.68	0.01	2	11536	买盘
14:30:30	57.67	0.02	3	17301	中性盘
14:30:27	57.65	-0.03	2	11530	卖盘
14:30:21	57.68	0.03	17	98056	买盘
14:30:15	57.65	--	1	5765	卖盘
14:30:06	57.65	--	233	1348779	买盘
14:30:00	57.65	--	6	34590	买盘
14:29:57	57.65	0.01	10	57650	买盘
14:29:54	57.64	--	3	17292	买盘
14:29:51	57.64	-0.01	10	61963	卖盘
14:29:48	57.65	--	24	138360	买盘
14:29:45	57.65	0.01	11	63415	买盘
14:29:42	57.64	-0.01	21	121044	卖盘
14:29:39	57.65	--	10	57650	买盘
14:29:36	57.65	--	8	46120	买盘
14:29:33	57.65	0.01	2	11530	买盘
14:29:30	57.64	--	5	28820	卖盘
14:29:24	57.64	-0.01	5	28820	卖盘
14:29:21	57.65	--	4	23060	买盘
14:29:18	57.65	--	88	507320	买盘
14:29:15	57.65	--	12	69180	买盘
14:29:12	57.65	0.01	8	46120	买盘
14:29:09	57.64	-0.01	10	57640	卖盘
14:29:03	57.65	0.01	1	7206	买盘
14:29:00	57.64	--	5	28820	买盘
14:28:57	57.64	--	3	17292	买盘
14:28:51	57.64	--	2	11528	买盘
14:28:48	57.64	--	1	5764	买盘
14:28:45	57.64	0.03	22	126808	买盘
14:28:42	57.61	-0.03	2	14517	卖盘
14:28:39	57.64	--	5	28820	买盘
14:28:30	57.64	0.04	1	5764	买盘
14:28:27	57.6	--	16	97056	卖盘
14:28:18	57.6	--	1	5760	卖盘
14:28:09	57.6	--	1	5760	买盘
14:28:06	57.6	--	9	51840	买盘
14:28:03	57.6	--	1	5760	买盘
14:28:00	57.6	0.01	29	167040	买盘
14:27:57	57.59	-0.01	4	23036	卖盘
14:27:54	57.6	0.01	110	633600	买盘
14:27:51	57.59	-0.01	16	92144	卖盘
14:27:48	57.6	--	7	40320	买盘
14:27:45	57.6	0.01	4	23040	买盘
14:27:42	57.59	-0.01	9	51831	卖盘
14:27:39	57.6	--	2	11520	买盘
14:27:36	57.6	--	107	616320	买盘
14:27:33	57.6	--	27	155520	买盘
14:27:30	57.6	0.01	49	282240	买盘
14:27:27	57.59	-0.01	180	1036620	卖盘
14:27:24	57.6	--	206	1186560	买盘
14:27:21	57.6	--	19	109440	买盘
14:27:18	57.6	--	12	69120	买盘
14:27:15	57.6	--	64	368640	买盘
14:27:09	57.6	0.01	41	236160	买盘
14:27:06	57.59	-0.01	26	149734	卖盘
14:27:03	57.6	--	16	92160	买盘
14:27:00	57.6	--	110	633600	买盘
14:26:57	57.6	--	1	5760	买盘
14:26:48	57.6	0.01	6	34560	买盘
14:26:39	57.59	--	12	69108	买盘
14:26:36	57.59	--	4	23036	买盘
14:26:33	57.59	--	2	11518	买盘
14:26:30	57.59	0.01	1	5759	买盘
14:26:27	57.58	--	3	17274	卖盘
14:26:24	57.58	--	2	11516	卖盘
14:26:18	57.58	--	2	11516	卖盘
14:26:15	57.58	--	10	57580	卖盘
14:26:12	57.58	0.05	0	748	买盘
14:26:09	57.53	-0.02	109	627077	卖盘
14:26:06	57.55	--	81	471392	卖盘
14:26:03	57.55	--	2	11510	卖盘
14:26:00	57.55	-0.01	35	201425	卖盘
14:25:57	57.56	--	8	46048	买盘
14:25:54	57.56	0.01	31	178436	买盘
14:25:51	57.55	-0.01	57	328035	卖盘
14:25:48	57.56	-0.03	10	57560	卖盘
14:25:42	57.59	--	16	92144	买盘
14:25:39	57.59	--	21	120939	买盘
14:25:36	57.59	0.01	3	17277	买盘
14:25:33	57.58	-0.01	5	28790	卖盘
14:25:30	57.59	-0.01	2	11518	中性盘
14:25:24	57.6	--	20	115200	买盘
14:25:21	57.6	0.05	3	17280	买盘
14:25:18	57.55	-0.04	33	189915	卖盘
14:25:15	57.59	--	12	69108	卖盘
14:25:12	57.59	--	9	51831	卖盘
14:25:09	57.59	--	4	23036	中性盘
14:25:03	57.59	--	56	322504	买盘
14:24:54	57.59	--	77	443443	卖盘
14:24:51	57.59	-0.01	8	46072	卖盘
14:24:48	57.6	0.01	6	34560	买盘
14:24:45	57.59	--	2	11518	卖盘
14:24:42	57.59	--	2	11518	卖盘
14:24:39	57.59	0.07	15	86385	买盘
14:24:36	57.52	-0.02	50	287600	卖盘
14:24:30	57.54	0.01	55	316470	买盘
14:24:27	57.53	-0.01	24	138072	中性盘
14:24:24	57.54	--	11	63294	买盘
14:24:21	57.54	0.01	18	103572	买盘
14:24:18	57.53	-0.01	18	103554	卖盘
14:24:15	57.54	0.01	10	57540	买盘
14:24:09	57.53	-0.01	7	40271	卖盘
14:24:06	57.54	--	1	5754	买盘
14:24:03	57.54	0.02	3	17262	买盘
14:23:57	57.52	-0.08	5	28760	卖盘
14:23:54	57.6	0.08	10	57600	买盘
14:23:51	57.52	--	112	644224	卖盘
14:23:45	57.52	-0.08	6	34512	卖盘
14:23:42	57.6	--	4	23040	买盘
14:23:33	57.6	--	11	63360	买盘
14:23:30	57.6	--	4	23040	买盘
14:23:27	57.6	--	35	201600	买盘
14:23:21	57.6	0.04	13	74880	买盘
14:23:18	57.56	-0.04	34	195704	卖盘
14:23:15	57.6	--	2	11520	买盘
14:23:12	57.6	--	5	28800	买盘
14:23:09	57.6	--	6	34560	买盘
14:23:06	57.6	--	106	610560	卖盘
14:23:03	57.6	-0.01	55	316800	卖盘
14:23:00	57.61	--	1	5761	卖盘
14:22:57	57.61	--	10	57610	卖盘
14:22:51	57.61	--	7	40327	卖盘
14:22:48	57.61	--	8	46088	卖盘
14:22:45	57.61	--	9	51849	卖盘
14:22:42	57.61	-0.03	10	57610	卖盘
14:22:39	57.64	-0.01	10	57640	买盘
14:22:36	57.65	0.01	10	57650	买盘
14:22:33	57.64	--	6	34584	卖盘
14:22:27	57.64	0.03	2	11528	中性盘
14:22:24	57.61	-0.03	11	63371	卖盘
14:22:21	57.64	-0.01	3	17292	买盘
14:22:18	57.65	0.05	15	86475	买盘
14:22:15	57.6	--	24	138240	卖盘
14:22:12	57.6	-0.05	9	51840	卖盘
14:22:09	57.65	0.05	13	74945	买盘
14:22:06	57.6	-0.04	10	57600	卖盘
14:22:03	57.64	0.14	7	40348	卖盘
14:22:00	57.5	-0.1	794	4567167	卖盘
14:21:57	57.6	--	11	63360	卖盘
14:21:54	57.6	-0.04	13	74880	卖盘
14:21:51	57.64	0.04	4	23056	买盘
14:21:48	57.6	--	1	5760	卖盘
14:21:45	57.6	--	7	44409	买盘
14:21:42	57.6	--	24	138240	买盘
14:21:39	57.6	--	11	65030	卖盘
14:21:36	57.6	--	20	115200	卖盘
14:21:33	57.6	-0.04	7	40320	卖盘
14:21:30	57.64	0.04	5	28820	中性盘
14:21:21	57.6	0.04	4	27129	买盘
14:21:18	57.56	-0.03	98	565757	卖盘
14:21:12	57.59	--	14	84714	卖盘
14:21:06	57.59	-0.01	11	63349	卖盘
14:21:03	57.6	--	13	74880	买盘
14:21:00	57.6	-0.05	498	2870150	卖盘
14:20:54	57.65	0.05	1	5765	卖盘
14:20:51	57.6	-0.01	51	293760	卖盘
14:20:48	57.61	0.01	34	198524	中性盘
14:20:45	57.6	--	1017	5859360	卖盘
14:20:42	57.6	--	17	97920	卖盘
14:20:39	57.6	-0.05	23	132480	卖盘
14:20:36	57.65	0.05	3	17295	买盘
14:20:33	57.6	--	328	1889280	买盘
14:20:30	57.6	--	397	2286720	买盘
14:20:27	57.6	--	7	40320	买盘
14:20:24	57.6	-0.06	307	1769587	卖盘
14:20:21	57.66	0.01	2	11532	中性盘
14:20:15	57.65	-0.04	8	46120	卖盘
14:20:12	57.69	0.04	5	28845	中性盘
14:20:09	57.65	--	12	69180	卖盘
14:20:06	57.65	-0.05	83	478495	卖盘
14:20:03	57.7	--	17	98090	买盘
14:19:57	57.7	--	1	5770	买盘
14:19:54	57.7	--	43	248110	卖盘
14:19:51	57.7	--	6	34620	卖盘
14:19:48	57.7	--	2	11540	卖盘
14:19:45	57.7	--	11	63470	卖盘
14:19:42	57.7	--	114	657780	买盘
14:19:39	57.7	0.01	40	230800	买盘
14:19:36	57.69	-0.01	12	69228	卖盘
14:19:33	57.7	--	31	178870	买盘
14:19:30	57.7	-0.06	318	1834860	卖盘
14:19:27	57.76	0.03	10	57760	买盘
14:19:21	57.73	0.01	4	23092	买盘
14:19:18	57.72	0.01	1	5772	卖盘
14:19:15	57.71	-0.01	52	300092	卖盘
14:19:09	57.72	-0.01	3	17316	卖盘
14:19:06	57.73	0.01	3	17319	买盘
14:19:03	57.72	0.01	4	23088	买盘
14:19:00	57.71	--	3	17313	卖盘
14:18:57	57.71	-0.01	17	98107	中性盘
14:18:54	57.72	0.02	4	23088	买盘
14:18:51	57.7	--	7	40390	卖盘
14:18:48	57.7	--	32	184640	买盘
14:18:42	57.7	0.01	7	40390	买盘
14:18:39	57.69	-0.03	166	957654	卖盘
14:18:36	57.72	-0.05	1	5772	卖盘
14:18:33	57.77	--	10	57770	买盘
14:18:30	57.77	0.05	5	28885	买盘
14:18:27	57.72	-0.05	2	11544	中性盘
14:18:21	57.77	--	5	28885	买盘
14:18:18	57.77	0.02	1	5777	买盘
14:18:15	57.75	-0.02	2	11550	卖盘
14:18:12	57.77	-0.01	7	40439	买盘
14:18:09	57.78	-0.01	12	69336	中性盘
14:18:06	57.79	0.01	502	2901058	买盘
14:18:03	57.78	--	7	40446	卖盘
14:17:57	57.78	-0.01	35	202230	卖盘
14:17:54	57.79	0.01	3	17337	买盘
14:17:51	57.78	-0.01	8	46224	卖盘
14:17:48	57.79	--	1	5779	买盘
14:17:45	57.79	--	2	11558	买盘
14:17:42	57.79	0.01	4	23116	买盘
14:17:36	57.78	--	17	98226	卖盘
14:17:33	57.78	--	7	40446	卖盘
14:17:30	57.78	-0.01	1	5778	卖盘
14:17:24	57.79	--	16	92464	买盘
14:17:18	57.79	--	4	23116	买盘
14:17:15	57.79	0.01	15	86685	买盘
14:17:12	57.78	-0.01	14	80892	卖盘
14:17:09	57.79	--	19	109801	卖盘
14:17:06	57.79	-0.01	5	28895	卖盘
14:17:03	57.8	0.01	6	34680	买盘
14:17:00	57.79	--	3	17337	卖盘
14:16:54	57.79	--	2	11558	卖盘
14:16:48	57.79	-0.01	7	40453	卖盘
14:16:45	57.8	0.01	2	11560	买盘
14:16:39	57.79	-0.01	4	23116	卖盘
14:16:36	57.8	--	9	52020	卖盘
14:16:30	57.8	--	117	676260	卖盘
14:16:24	57.8	-0.01	54	312120	卖盘
14:16:21	57.81	--	1	5781	卖盘
14:16:18	57.81	-0.01	3	17343	卖盘
14:16:15	57.82	0.01	28	161896	买盘
14:16:09	57.81	-0.01	10	57810	卖盘
14:16:00	57.82	--	3	17346	卖盘
14:15:54	57.82	--	2	11564	卖盘
14:15:51	57.82	--	3	17346	卖盘
14:15:48	57.82	--	7	40474	卖盘
14:15:42	57.82	--	2	11564	卖盘
14:15:39	57.82	--	3	17346	卖盘
14:15:33	57.82	-0.01	9	52038	卖盘
14:15:27	57.83	--	6	34698	卖盘
14:15:24	57.83	--	3	17349	卖盘
14:15:18	57.83	--	3	17349	卖盘
14:15:15	57.83	-0.05	2	11566	卖盘
14:15:06	57.88	--	2	11576	买盘
14:15:03	57.88	0.04	9	52092	买盘
14:15:00	57.84	0.01	3	17352	卖盘
14:14:51	57.83	0.01	7	40481	买盘
14:14:48	57.82	--	9	52038	卖盘
14:14:39	57.82	-0.01	15	86730	卖盘
14:14:36	57.83	--	7	40481	买盘
14:14:30	57.83	--	8	46264	卖盘
14:14:24	57.83	--	5	28915	卖盘
14:14:21	57.83	--	6	34698	卖盘
14:14:18	57.83	--	3	17349	卖盘
14:14:15	57.83	--	1	5783	卖盘
14:14:12	57.83	--	2	11566	卖盘
14:14:09	57.83	--	9	52047	卖盘
14:14:06	57.83	--	2	11566	卖盘
14:14:03	57.83	--	5	28915	卖盘
14:14:00	57.83	--	7	40481	卖盘
14:13:57	57.83	--	3	17349	卖盘
14:13:54	57.83	--	2	11566	卖盘
14:13:51	57.83	--	54	312282	买盘
14:13:36	57.83	--	3	17349	买盘
14:13:30	57.83	-0.01	7	40481	卖盘
14:13:27	57.84	--	12	69408	卖盘
14:13:21	57.84	--	1	5784	卖盘
14:13:18	57.84	--	3	17352	卖盘
14:13:09	57.84	--	7	40488	卖盘
14:13:03	57.84	--	3	17352	卖盘
14:13:00	57.84	--	10	57840	卖盘
14:12:57	57.84	-0.01	100	578400	卖盘
14:12:48	57.85	-0.04	7	40495	卖盘
14:12:42	57.89	--	7	40523	买盘
14:12:39	57.89	-0.01	3	17367	中性盘
14:12:27	57.9	--	106	613740	买盘
14:12:21	57.9	0.02	38	220020	买盘
14:12:18	57.88	--	5	28940	买盘
14:12:12	57.88	--	0	3472	卖盘
14:12:09	57.88	--	10	57880	卖盘
14:12:06	57.88	--	3	17364	卖盘
14:12:00	57.88	-0.01	50	289400	卖盘
14:11:48	57.89	--	10	57890	买盘
14:11:45	57.89	0.01	6	34734	买盘
14:11:42	57.88	-0.01	1	5788	卖盘
14:11:39	57.89	--	3	17367	买盘
14:11:24	57.89	--	1	5789	卖盘
14:11:21	57.89	--	6	34734	卖盘
14:11:15	57.89	--	6	34734	卖盘
14:11:12	57.89	-0.01	2	11578	卖盘
14:11:03	57.9	--	2	11580	买盘
14:11:00	57.9	-0.01	7	40530	卖盘
14:10:57	57.91	--	4	23164	买盘
14:10:42	57.91	--	1	5791	买盘
14:10:18	57.91	--	1	5791	买盘
14:10:12	57.91	0.02	1	5791	买盘
14:10:09	57.89	--	7	40523	卖盘
14:10:03	57.89	-0.02	8	46312	卖盘
14:10:00	57.91	0.02	7	40537	买盘
14:09:57	57.89	--	3	17367	卖盘
14:09:48	57.89	--	8	46312	卖盘
14:09:45	57.89	--	4	23156	卖盘
14:09:42	57.89	--	15	86835	卖盘
14:09:39	57.89	--	25	144725	卖盘
14:09:30	57.89	-0.02	77	445753	卖盘
14:09:27	57.91	0.02	5	28955	买盘
14:09:24	57.89	--	72	416808	卖盘
14:09:18	57.89	-0.01	72	416808	卖盘
14:09:15	57.9	0.01	21	121590	买盘
14:09:09	57.89	-0.01	2	11578	卖盘
14:09:06	57.9	--	2	11580	买盘
14:08:57	57.9	--	97	561630	买盘
14:08:54	57.9	0.01	3	17370	买盘
14:08:51	57.89	--	10	57890	卖盘
14:08:48	57.89	-0.01	2	11578	卖盘
14:08:45	57.9	--	6	34740	买盘
14:08:30	57.9	0.01	15	86850	买盘
14:08:27	57.89	--	6	34734	卖盘
14:08:21	57.89	--	2	11578	卖盘
14:08:15	57.89	--	3	17367	卖盘
14:08:12	57.89	--	17	98413	买盘
14:07:51	57.89	0.01	10	57890	买盘
14:07:42	57.88	--	3	17364	卖盘
14:07:39	57.88	-0.01	6	34728	卖盘
14:07:33	57.89	0.01	4	23156	买盘
14:07:30	57.88	--	2	11576	卖盘
14:07:27	57.88	--	27	156276	卖盘
14:07:24	57.88	-0.01	2	11576	卖盘
14:07:18	57.89	0.01	6	34734	买盘
14:07:15	57.88	--	5	28940	卖盘
14:07:09	57.88	--	10	57880	卖盘
14:07:06	57.88	--	2	11576	卖盘
14:07:00	57.88	-0.01	52	300976	卖盘
14:06:42	57.89	--	14	81046	买盘
14:06:39	57.89	--	9	52101	买盘
14:06:33	57.89	-0.01	34	196826	卖盘
14:06:30	57.9	0.01	20	115800	买盘
14:06:27	57.89	--	11	63679	卖盘
14:06:21	57.89	-0.01	1	5789	卖盘
14:06:06	57.9	--	2	11580	买盘
14:05:57	57.9	-0.01	41	237390	卖盘
14:05:30	57.91	--	9	52119	买盘
14:05:27	57.91	--	7	40537	买盘
14:05:15	57.91	--	1	5791	买盘
14:05:12	57.91	--	1	5791	买盘
14:05:06	57.91	--	4	23164	买盘
14:05:00	57.91	0.01	30	173730	买盘
14:04:54	57.9	-0.01	8	46320	卖盘
14:04:51	57.91	--	1	5791	买盘
14:04:48	57.91	--	2	11582	买盘
14:04:45	57.91	--	17	98447	买盘
14:04:42	57.91	--	1	5791	卖盘
14:04:39	57.91	--	3	17373	卖盘
14:04:30	57.91	--	6	34746	卖盘
14:04:27	57.91	-0.01	3	17373	卖盘
14:04:24	57.92	0.02	360	2085120	中性盘
14:04:15	57.9	--	10	57900	卖盘
14:04:12	57.9	-0.08	1	5790	卖盘
14:04:00	57.98	0.08	16	92768	买盘
14:03:54	57.9	-0.01	2	11580	卖盘
14:03:51	57.91	--	3	17373	买盘
14:03:39	57.91	-0.08	1	5791	中性盘
14:03:33	57.99	0.08	50	289950	买盘
14:03:30	57.91	--	5	28955	卖盘
14:03:21	57.91	0.01	3	17373	中性盘
14:03:18	57.9	--	5	28950	卖盘
14:03:09	57.9	--	6	34740	卖盘
14:03:06	57.9	--	2	11580	卖盘
14:03:00	57.9	--	2	11580	卖盘
14:02:57	57.9	--	4	23160	卖盘
14:02:51	57.9	--	7	40530	卖盘
14:02:48	57.9	--	5	28950	卖盘
14:02:45	57.9	--	10	57900	卖盘
14:02:42	57.9	--	2	11580	卖盘
14:02:39	57.9	--	3	17370	卖盘
14:02:30	57.9	--	7	40530	卖盘
14:02:27	57.9	-0.09	3	17370	卖盘
14:02:24	57.99	0.09	10	57990	买盘
14:02:21	57.9	--	115	665850	买盘
14:02:15	57.9	--	3	17370	买盘
14:02:12	57.9	-0.09	40	231600	卖盘
14:02:06	57.99	0.01	2	11598	买盘
14:02:03	57.98	--	2	11596	卖盘
14:02:00	57.98	--	3	17394	卖盘
14:01:51	57.98	-0.01	2	11596	中性盘
14:01:48	57.99	0.01	22	127578	买盘
14:01:42	57.98	--	2	11596	卖盘
14:01:39	57.98	--	46	266708	买盘
14:01:30	57.98	--	53	307294	卖盘
14:01:27	57.98	--	2	11596	卖盘
14:01:18	57.98	0.08	52	301496	买盘
14:01:15	57.9	--	3	17370	卖盘
14:01:12	57.9	--	12	69480	买盘
14:01:09	57.9	0.01	17	98430	买盘
14:01:06	57.89	--	4	23156	卖盘
14:01:00	57.89	--	3	17367	卖盘
14:00:57	57.89	--	5	28945	买盘
14:00:54	57.89	--	2	11578	买盘
14:00:48	57.89	--	1	5789	卖盘
14:00:45	57.89	-0.01	2	11578	卖盘
14:00:42	57.9	0.01	8	46320	买盘
14:00:39	57.89	-0.01	2	11578	卖盘
14:00:36	57.9	0.02	42	243180	买盘
14:00:30	57.88	--	61	353068	卖盘
14:00:27	57.88	--	5	28940	卖盘
14:00:21	57.88	-0.02	4	23152	卖盘
14:00:18	57.9	0.02	25	144750	买盘
14:00:15	57.88	-0.01	10	57880	卖盘
14:00:12	57.89	--	1	5789	买盘
14:00:09	57.89	--	10	57890	卖盘
14:00:06	57.89	--	1	5789	买盘
14:00:03	57.89	--	2	11578	买盘
14:00:00	57.89	-0.01	13	75257	卖盘
13:59:57	57.9	--	23	133170	买盘
13:59:54	57.9	--	5	28950	买盘
13:59:51	57.9	--	34	196860	买盘
13:59:39	57.9	-0.03	16	92640	卖盘
13:59:36	57.93	0.02	3	17379	卖盘
13:59:33	57.91	-0.07	18	104238	卖盘
13:59:30	57.98	0.07	30	173940	买盘
13:59:27	57.91	--	12	69492	卖盘
13:59:21	57.91	--	2	11582	卖盘
13:59:15	57.91	-0.07	3	17373	卖盘
13:59:12	57.98	0.07	25	144950	买盘
13:59:09	57.91	--	6	34746	卖盘
13:59:00	57.91	0.03	3	17373	中性盘
13:58:57	57.88	--	5	28940	卖盘
13:58:48	57.88	--	56	326443	买盘
13:58:39	57.88	-0.03	50	292872	卖盘
13:58:36	57.91	0.01	3	17373	卖盘
13:58:30	57.9	--	7	40530	卖盘
13:58:24	57.9	--	2	11580	卖盘
13:58:21	57.9	--	1	8106	卖盘
13:58:18	57.9	0.01	3	17370	中性盘
13:58:09	57.89	--	7	40523	卖盘
13:58:00	57.89	--	3	17367	卖盘
13:57:57	57.89	0.01	25	144725	买盘
13:57:54	57.88	0.01	8	46304	买盘
13:57:48	57.87	--	2	11574	买盘
13:57:45	57.87	-0.01	2	11574	卖盘
13:57:42	57.88	--	3	17364	买盘
13:57:39	57.88	-0.15	10	57880	中性盘
13:57:03	58.03	0.14	50	290150	买盘
13:56:57	57.89	0.05	2	11578	买盘
13:56:54	57.84	--	4	23136	卖盘
13:56:48	57.84	-0.05	1	5784	卖盘
13:56:45	57.89	0.06	6	34734	买盘
13:56:42	57.83	-0.06	3	17349	卖盘
13:56:39	57.89	0.06	6	34734	买盘
13:56:36	57.83	-0.06	100	578300	卖盘
13:56:30	57.89	--	4	23156	买盘
13:56:21	57.89	--	1	5789	卖盘
13:56:18	57.89	--	3	17367	卖盘
13:56:09	57.89	0.03	7	40523	中性盘
13:56:03	57.86	-0.11	2	11572	卖盘
13:56:00	57.97	0.11	10	57970	买盘
13:55:57	57.86	--	3	17358	卖盘
13:55:54	57.86	--	2	11572	卖盘
13:55:48	57.86	--	22	127292	买盘
13:55:45	57.86	--	5	28930	买盘
13:55:36	57.86	0.01	5	28930	买盘
13:55:33	57.85	-0.01	25	144625	卖盘
13:55:30	57.86	--	3	17358	买盘
13:55:27	57.86	--	1	5786	中性盘
13:55:18	57.86	0.01	3	17358	中性盘
13:55:09	57.85	-0.04	15	86775	卖盘
13:55:06	57.89	0.03	11	63679	买盘
13:54:57	57.86	--	3	17358	买盘
13:54:54	57.86	--	2	11572	卖盘
13:54:48	57.86	--	8	46288	买盘
13:54:45	57.86	0.01	61	352946	买盘
13:54:42	57.85	-0.01	15	86775	卖盘
13:54:36	57.86	--	7	40502	买盘
13:54:33	57.86	0.01	3	17358	买盘
13:54:30	57.85	-0.01	5	28925	卖盘
13:54:21	57.86	-0.1	1	5786	卖盘
13:54:15	57.96	0.07	1	5796	买盘
13:54:09	57.89	-0.01	7	40523	卖盘
13:54:06	57.9	0.01	3	17370	买盘
13:54:00	57.89	--	2	11578	卖盘
13:53:57	57.89	0.05	12	69468	买盘
13:53:54	57.84	--	6	34704	卖盘
13:53:48	57.84	-0.05	28	161952	卖盘
13:53:45	57.89	--	4	23156	买盘
13:53:42	57.89	--	2	11578	买盘
13:53:39	57.89	--	1	5789	买盘
13:53:24	57.89	0.05	1	5789	买盘
13:53:21	57.84	0.01	3	17352	卖盘
13:53:15	57.83	--	3	17349	卖盘
13:53:09	57.83	-0.01	102	593509	卖盘
13:53:03	57.84	--	2	11568	买盘
13:52:48	57.84	--	6	34704	买盘
13:52:45	57.84	0.01	1	5784	中性盘
13:52:39	57.83	-0.01	3	17349	卖盘
13:52:36	57.84	0.02	4	23136	中性盘
13:52:27	57.82	--	7	40474	卖盘
13:52:21	57.82	-0.01	24	138768	卖盘
13:52:18	57.83	0.01	3	17349	中性盘
13:52:09	57.82	--	6	34692	卖盘
13:52:03	57.82	0.01	2	11564	中性盘
13:51:57	57.81	--	4	23124	卖盘
13:51:51	57.81	-0.08	60	346860	卖盘
13:51:48	57.89	--	1	5789	买盘
13:51:45	57.89	--	1	5789	买盘
13:51:42	57.89	--	3	17367	买盘
13:51:33	57.89	-0.01	7	40523	卖盘
13:51:27	57.9	-0.07	100	579000	卖盘
13:51:21	57.97	-0.01	16	92752	卖盘
13:51:18	57.98	--	30	173940	买盘
13:51:03	57.98	-0.02	2	11596	卖盘
13:50:51	58.0	--	1	5800	买盘
13:50:48	58.0	--	12	69600	买盘
13:50:42	58.0	0.01	3	17400	买盘
13:50:39	57.99	-0.01	2	11598	卖盘
13:50:36	58.0	0.01	16	92800	买盘
13:50:30	57.99	-0.01	5	28995	卖盘
13:50:09	58.0	--	2	11600	买盘
13:50:06	58.0	-0.03	51	295800	卖盘
13:49:54	58.03	--	1	5803	买盘
13:49:42	58.03	0.01	18	104454	买盘
13:49:39	58.02	--	2	11604	买盘
13:49:33	58.02	--	6	34812	买盘
13:49:30	58.02	--	1	5802	买盘
13:49:27	58.02	--	6	34812	卖盘
13:49:21	58.02	-0.01	1	5802	卖盘
13:49:15	58.03	--	11	63833	买盘
13:49:12	58.03	--	6	34818	买盘
13:49:09	58.03	--	2	11606	买盘
13:49:06	58.03	0.01	16	92848	买盘
13:49:03	58.02	--	5	29010	卖盘
13:49:00	58.02	-0.01	2	11604	卖盘
13:48:57	58.03	--	3	17409	买盘
13:48:45	58.03	--	1	5803	买盘
13:48:42	58.03	0.01	55	319165	买盘
13:48:39	58.02	--	11	63822	卖盘
13:48:36	58.02	0.01	25	145050	买盘
13:48:30	58.01	-0.01	8	46408	卖盘
13:48:27	58.02	--	5	29010	卖盘
13:48:24	58.02	--	2	11604	卖盘
13:48:21	58.02	--	5	29010	卖盘
13:48:18	58.02	--	4	23208	卖盘
13:48:15	58.02	--	6	34812	卖盘
13:48:12	58.02	0.01	12	69624	买盘
13:48:06	58.01	--	38	220438	买盘
13:48:03	58.01	--	1	5801	买盘
13:48:00	58.01	--	7	40607	买盘
13:47:54	58.01	--	1	5801	中性盘
13:47:51	58.01	--	2	11602	卖盘
13:47:48	58.01	--	7	40607	卖盘
13:47:45	58.01	--	8	46408	卖盘
13:47:42	58.01	--	1	5801	卖盘
13:47:36	58.01	--	12	69612	买盘
13:47:33	58.01	0.01	5	29005	买盘
13:47:30	58.0	--	1	5800	卖盘
13:47:27	58.0	--	21	121800	买盘
13:47:24	58.0	--	20	116000	买盘
13:47:21	58.0	--	5	29000	买盘
13:47:18	58.0	--	23	133400	买盘
13:47:15	58.0	0.01	60	348000	买盘
13:47:06	57.99	--	5	28995	买盘
13:47:03	57.99	0.01	2	11598	买盘
13:47:00	57.98	-0.01	1	5798	卖盘
13:46:54	57.99	0.01	5	28995	买盘
13:46:36	57.98	0.02	20	115960	买盘
13:46:33	57.96	-0.02	2	11592	卖盘
13:46:30	57.98	0.03	10	57980	买盘
13:46:18	57.95	0.03	93	538935	买盘
13:46:15	57.92	-0.02	5	28960	卖盘
13:46:12	57.94	--	5	28970	买盘
13:46:09	57.94	0.02	2	11588	买盘
13:46:06	57.92	-0.02	35	202720	买盘
13:46:00	57.94	--	6	34764	买盘
13:45:54	57.94	--	43	249142	买盘
13:45:36	57.94	--	111	643134	买盘
13:45:30	57.94	--	20	115880	买盘
13:45:27	57.94	-0.01	7	40558	卖盘
13:45:24	57.95	--	32	185440	买盘
13:45:18	57.95	--	1	5795	买盘
13:45:15	57.95	--	24	139080	卖盘
13:45:12	57.95	--	2	11590	卖盘
13:45:06	57.95	0.01	8	46360	买盘
13:45:03	57.94	--	1	5794	卖盘
13:44:57	57.94	-0.01	10	57940	卖盘
13:44:54	57.95	-0.03	24	139080	卖盘
13:44:51	57.98	0.03	62	359476	买盘
13:44:48	57.95	--	7	40565	卖盘
13:44:45	57.95	--	2	11590	卖盘
13:44:42	57.95	-0.01	2	11590	中性盘
13:44:39	57.96	--	2	11592	买盘
13:44:36	57.96	0.01	100	579600	买盘
13:44:33	57.95	0.05	10	57950	中性盘
13:44:21	57.9	-0.05	2	11580	卖盘
13:44:15	57.95	0.05	4	23180	买盘
13:44:12	57.9	-0.05	15	86850	卖盘
13:44:09	57.95	0.01	32	185440	买盘
13:44:06	57.94	0.04	12	69528	买盘
13:44:03	57.9	--	15	86850	买盘
13:44:00	57.9	--	3	17370	买盘
13:43:57	57.9	-0.04	23	133170	卖盘
13:43:54	57.94	0.03	9	52146	买盘
13:43:51	57.91	--	1	5791	卖盘
13:43:45	57.91	--	6	34746	买盘
13:43:42	57.91	0.03	3	17373	买盘
13:43:39	57.88	-0.02	13	75244	卖盘
13:43:36	57.9	0.01	10	57900	买盘
13:43:27	57.89	-0.01	2	11578	卖盘
13:43:24	57.9	-0.05	54	312660	卖盘
13:43:21	57.95	0.01	12	69540	买盘
13:43:15	57.94	--	4	23176	买盘
13:43:03	57.94	-0.01	1	5794	卖盘
13:43:00	57.95	0.01	1	5795	买盘
13:42:57	57.94	-0.01	1	5794	卖盘
13:42:51	57.95	--	7	40565	卖盘
13:42:48	57.95	--	32	185440	卖盘
13:42:45	57.95	0.01	11	63745	买盘
13:42:36	57.94	-0.01	2	11588	卖盘
13:42:30	57.95	0.01	3	17385	买盘
13:42:24	57.94	-0.01	55	318670	卖盘
13:42:15	57.95	--	6	34770	中性盘
13:42:06	57.95	0.01	5	28975	买盘
13:42:03	57.94	-0.01	2	11588	卖盘
13:42:00	57.95	0.01	6	34770	卖盘
13:41:51	57.94	-0.02	25	144850	卖盘
13:41:48	57.96	--	2	11592	卖盘
13:41:45	57.96	--	17	98532	买盘
13:41:39	57.96	0.02	3	17388	买盘
13:41:21	57.94	--	5	28970	卖盘
13:41:15	57.94	0.01	49	283906	买盘
13:41:12	57.93	-0.01	14	81102	卖盘
13:41:09	57.94	0.01	5	28970	买盘
13:41:00	57.93	-0.01	2	11586	卖盘
13:40:51	57.94	-0.06	6	34764	卖盘
13:40:45	58.0	0.02	62	359600	买盘
13:40:42	57.98	-0.02	11	63778	卖盘
13:40:36	58.0	0.02	9	52200	买盘
13:40:33	57.98	--	1	5798	卖盘
13:40:24	57.98	--	1	5798	卖盘
13:40:21	57.98	--	5	28990	卖盘
13:40:18	57.98	--	2	11596	卖盘
13:40:15	57.98	0.05	7	40586	中性盘
13:39:54	57.93	--	7	40551	卖盘
13:39:48	57.93	-0.07	20	115860	卖盘
13:39:45	58.0	--	6	34800	买盘
13:39:42	58.0	--	150	870000	买盘
13:39:36	58.0	0.02	3	17400	买盘
13:39:18	57.98	--	2	11596	卖盘
13:39:15	57.98	0.01	38	220324	买盘
13:39:12	57.97	0.02	1	5797	中性盘
13:39:09	57.95	-0.02	5	28975	卖盘
13:38:57	57.97	-0.01	1	5797	卖盘
13:38:45	57.98	-0.02	67	388466	卖盘
13:38:42	58.0	--	1	5800	卖盘
13:38:39	58.0	--	2	11600	卖盘
13:38:36	58.0	--	7	40600	买盘
13:38:33	58.0	0.01	1	5800	买盘
13:38:30	57.99	--	1	5799	卖盘
13:38:27	57.99	-0.02	5	28995	卖盘
13:38:24	58.01	--	20	116020	卖盘
13:38:21	58.01	--	14	81214	卖盘
13:38:18	58.01	--	5	29005	卖盘
13:38:15	58.01	0.02	17	98617	买盘
13:38:06	57.99	-0.02	4	23196	卖盘
13:38:03	58.01	0.01	19	110219	买盘
13:37:57	58.0	-0.01	7	40600	卖盘
13:37:54	58.01	-0.02	25	145025	卖盘
13:37:48	58.03	--	1	5803	卖盘
13:37:45	58.03	0.02	9	52227	买盘
13:37:42	58.01	--	23	133423	卖盘
13:37:39	58.01	-0.01	2	11602	卖盘
13:37:36	58.02	-0.01	2	11604	卖盘
13:37:33	58.03	0.02	3	17409	买盘
13:37:30	58.01	--	1	5801	卖盘
13:37:27	58.01	0.01	5	29005	卖盘
13:37:24	58.0	-0.01	24	139200	卖盘
13:37:21	58.01	0.04	10	58010	买盘
13:37:18	57.97	-0.04	2	11594	卖盘
13:37:15	58.01	0.03	12	69612	买盘
13:37:12	57.98	-0.07	7	40586	卖盘
13:37:09	58.05	0.07	20	116100	买盘
13:37:00	57.98	-0.02	10	57980	卖盘
13:36:57	58.0	-0.04	39	226200	卖盘
13:36:48	58.04	--	9	52236	卖盘
13:36:45	58.04	0.03	28	162512	买盘
13:36:42	58.01	--	1	5801	卖盘
13:36:39	58.01	-0.02	6	34806	卖盘
13:36:36	58.03	0.02	5	29015	买盘
13:36:33	58.01	--	4	23204	卖盘
13:36:30	58.01	0.01	13	75413	中性盘
13:36:21	58.0	--	4	23200	卖盘
13:36:18	58.0	--	18	104400	卖盘
13:36:15	58.0	-0.03	13	75400	卖盘
13:36:12	58.03	0.03	15	87045	买盘
13:36:09	58.0	--	1	5800	卖盘
13:36:06	58.0	--	3	17400	卖盘
13:36:03	58.0	--	3	17400	卖盘
13:36:00	58.0	--	9	52200	卖盘
13:35:57	58.0	-0.03	1	5800	卖盘
13:35:54	58.03	0.03	2	11606	买盘
13:35:48	58.0	--	1	5800	卖盘
13:35:45	58.0	--	10	58000	买盘
13:35:42	58.0	0.02	12	69600	买盘
13:35:39	57.98	-0.02	11	63778	卖盘
13:35:36	58.0	0.02	19	110200	买盘
13:35:33	57.98	-0.02	3	17394	卖盘
13:35:30	58.0	--	12	69600	买盘
13:35:24	58.0	--	22	127600	买盘
13:35:18	58.0	--	10	58000	卖盘
13:35:15	58.0	--	7	40600	买盘
13:35:06	58.0	--	14	81200	卖盘
13:35:00	58.0	-0.05	37	214600	卖盘
13:34:54	58.05	--	1	5805	买盘
13:34:51	58.05	-0.01	1	5805	卖盘
13:34:45	58.06	0.01	52	301912	买盘
13:34:39	58.05	--	17	98685	买盘
13:34:36	58.05	--	24	139320	卖盘
13:34:33	58.05	-0.01	1	5805	卖盘
13:34:30	58.06	0.01	47	272882	买盘
13:34:27	58.05	--	2	11610	卖盘
13:34:21	58.05	-0.01	2	11610	卖盘
13:34:18	58.06	0.01	1	5806	买盘
13:34:15	58.05	0.05	5	29025	买盘
13:34:06	58.0	-0.06	3	17400	卖盘
13:34:00	58.06	0.06	15	87090	买盘
13:33:51	58.0	-0.06	21	121800	卖盘
13:33:48	58.06	--	5	29030	卖盘
13:33:45	58.06	0.06	26	150956	买盘
13:33:39	58.0	--	4	23200	卖盘
13:33:36	58.0	--	3	17400	买盘
13:33:33	58.0	-0.06	4	23200	卖盘
13:33:30	58.06	--	6	34836	卖盘
13:33:27	58.06	--	35	203210	卖盘
13:33:24	58.06	--	2	11612	卖盘
13:33:15	58.06	-0.01	10	58060	中性盘
13:33:12	58.07	0.09	19	110333	买盘
13:33:09	57.98	-0.02	5	28990	卖盘
13:33:06	58.0	--	11	63800	卖盘
13:33:03	58.0	--	21	121800	卖盘
13:32:57	58.0	--	27	156600	卖盘
13:32:48	58.0	-0.07	3	17574	卖盘
13:32:45	58.07	-0.01	25	150807	卖盘
13:32:42	58.08	0.01	50	290400	买盘
13:32:39	58.07	0.06	23	133561	买盘
13:32:36	58.01	--	3	17403	买盘
13:32:33	58.01	--	14	81214	卖盘
13:32:30	58.01	--	13	75413	卖盘
13:32:21	58.01	--	12	69612	卖盘
13:32:15	58.01	0.03	12	69612	买盘
13:32:03	57.98	-0.02	16	92768	卖盘
13:32:00	58.0	-0.01	10	58000	卖盘
13:31:54	58.01	-0.01	5	29005	卖盘
13:31:48	58.02	-0.07	2	11604	卖盘
13:31:45	58.09	0.01	50	290450	买盘
13:31:42	58.08	--	18	104544	卖盘
13:31:39	58.08	-0.01	16	92928	卖盘
13:31:33	58.09	--	2	11618	买盘
13:31:30	58.09	-0.01	9	52281	卖盘
13:31:27	58.1	0.01	5	29050	买盘
13:31:21	58.09	--	5	29045	卖盘
13:31:15	58.09	0.01	10	58090	买盘
13:31:09	58.08	0.01	5	29040	买盘
13:31:00	58.07	-0.01	25	145175	卖盘
13:30:51	58.08	--	14	81312	买盘
13:30:45	58.08	--	50	290400	买盘
13:30:42	58.08	--	1	5808	买盘
13:30:39	58.08	-0.01	2	11616	卖盘
13:30:30	58.09	0.01	4	23236	买盘
13:30:27	58.08	--	4	23232	卖盘
13:30:21	58.08	--	1	5808	卖盘
13:30:15	58.08	--	10	58080	买盘
13:30:09	58.08	--	2	11616	买盘
13:30:06	58.08	0.01	1	5808	买盘
13:30:00	58.07	--	1	5807	卖盘
13:29:57	58.07	--	4	23228	卖盘
13:29:45	58.07	--	34	197438	买盘
13:29:27	58.07	0.08	2	11614	买盘
13:29:24	57.99	--	16	92784	卖盘
13:29:18	57.99	--	8	46392	卖盘
13:29:12	57.99	0.01	17	98583	买盘
13:29:09	57.98	-0.01	5	28990	卖盘
13:29:06	57.99	--	2	11598	买盘
13:29:03	57.99	--	5	28995	买盘
13:28:54	57.99	0.01	4	23196	买盘
13:28:51	57.98	--	13	75374	卖盘
13:28:48	57.98	--	4	23192	卖盘
13:28:42	57.98	--	25	144950	买盘
13:28:36	57.98	--	9	52182	卖盘
13:28:30	57.98	--	2	11596	买盘
13:28:24	57.98	--	2	11596	卖盘
13:28:21	57.98	--	1	5798	卖盘
13:28:18	57.98	--	1	5798	卖盘
13:28:15	57.98	-0.01	5	28990	卖盘
13:28:12	57.99	0.01	11	63789	买盘
13:28:06	57.98	--	9	52182	卖盘
13:28:03	57.98	-0.01	3	17394	卖盘
13:27:57	57.99	--	5	28995	买盘
13:27:54	57.99	--	2	11598	买盘
13:27:51	57.99	--	5	28995	买盘
13:27:48	57.99	-0.01	18	104382	卖盘
13:27:36	58.0	--	60	348000	买盘
13:27:33	58.0	-0.04	69	400200	卖盘
13:27:18	58.04	-0.05	16	92864	卖盘
13:27:15	58.09	-0.01	4	23236	中性盘
13:27:00	58.1	--	5	29050	买盘
13:26:54	58.1	--	5	29050	买盘
13:26:48	58.1	--	12	69720	买盘
13:26:36	58.1	--	10	61005	卖盘
13:26:33	58.1	--	2	11620	卖盘
13:26:30	58.1	--	8	49385	买盘
13:26:18	58.1	--	2	14525	卖盘
13:26:15	58.1	--	2	11620	卖盘
13:26:12	58.1	--	2	11620	卖盘
13:26:06	58.1	--	8	46480	卖盘
13:26:00	58.1	--	5	29050	卖盘
13:25:57	58.1	--	3	17430	卖盘
13:25:54	58.1	--	5	31955	买盘
13:25:48	58.1	0.07	9	52290	买盘
13:25:45	58.03	--	18	104454	卖盘
13:25:42	58.03	0.02	5	29015	中性盘
13:25:36	58.01	-0.09	40	232040	卖盘
13:25:27	58.1	0.09	4	23240	买盘
13:25:21	58.01	-0.09	14	81214	卖盘
13:25:18	58.1	--	12	72625	卖盘
13:25:15	58.1	0.08	24	142345	卖盘
13:25:03	58.02	--	3	17406	买盘
13:25:00	58.02	0.01	2	11604	中性盘
13:24:54	58.01	-0.15	20	116020	卖盘
13:24:48	58.16	0.14	1	5816	买盘
13:24:42	58.02	-0.14	12	69624	买盘
13:24:39	58.16	0.15	5	29080	买盘
13:24:36	58.01	--	20	116020	买盘
13:24:33	58.01	--	10	58010	买盘
13:24:30	58.01	--	1	5801	买盘
13:24:27	58.01	-0.16	19	110219	卖盘
13:24:21	58.17	--	3	17451	买盘
13:24:15	58.17	0.16	11	63987	买盘
13:24:12	58.01	--	11	63811	卖盘
13:24:00	58.01	--	47	272647	卖盘
13:23:57	58.01	0.01	2	11602	买盘
13:23:42	58.0	0.02	57	330600	买盘
13:23:39	57.98	-0.02	17	98566	卖盘
13:23:33	58.0	0.02	30	174000	买盘
13:23:30	57.98	0.04	32	185536	买盘
13:23:15	57.94	0.01	1	5794	买盘
13:23:12	57.93	-0.01	1	5793	卖盘
13:23:06	57.94	--	4	23176	卖盘
13:23:03	57.94	-0.04	3	17382	卖盘
13:22:54	57.98	--	18	104364	卖盘
13:22:51	57.98	-0.02	10	57980	卖盘
13:22:45	58.0	--	18	104400	买盘
13:22:42	58.0	--	32	185600	卖盘
13:22:36	58.0	-0.02	16	92800	卖盘
13:22:33	58.02	-0.03	5	29010	卖盘
13:22:30	58.05	-0.02	24	139320	买盘
13:22:21	58.07	-0.02	5	29035	卖盘
13:22:18	58.09	0.01	1	5809	买盘
13:22:15	58.08	-0.02	14	84216	卖盘
13:22:12	58.1	--	3	17430	买盘
13:22:09	58.1	-0.04	73	424130	卖盘
13:22:03	58.14	-0.01	2	11628	卖盘
13:21:57	58.15	--	1	5815	中性盘
13:21:54	58.15	-0.02	5	29075	卖盘
13:21:51	58.17	--	9	52353	卖盘
13:21:48	58.17	0.02	15	87255	买盘
13:21:45	58.15	-0.02	2	11630	卖盘
13:21:42	58.17	0.02	1	5817	买盘
13:21:36	58.15	--	4	23260	卖盘
13:21:33	58.15	-0.01	1	5815	卖盘
13:21:30	58.16	-0.02	10	58160	中性盘
13:21:27	58.18	0.02	20	116360	买盘
13:21:21	58.16	--	3	17448	买盘
13:21:18	58.16	-0.01	17	98872	卖盘
13:21:15	58.17	-0.01	14	81438	中性盘
13:21:12	58.18	0.02	31	180358	买盘
13:21:09	58.16	-0.01	5	29080	卖盘
13:21:06	58.17	--	2	11634	卖盘
13:21:00	58.17	-0.01	1	5817	卖盘
13:20:57	58.18	0.01	20	116360	买盘
13:20:54	58.17	--	25	145425	买盘
13:20:51	58.17	--	3	17451	买盘
13:20:48	58.17	0.01	1	5817	买盘
13:20:45	58.16	-0.01	6	34896	中性盘
13:20:39	58.17	0.01	11	63987	买盘
13:20:36	58.16	-0.01	9	52344	卖盘
13:20:33	58.17	0.01	3	17451	买盘
13:20:27	58.16	0.01	20	116320	买盘
13:20:18	58.15	--	2	11630	买盘
13:20:15	58.15	--	7	40705	买盘
13:20:12	58.15	-0.01	20	116300	卖盘
13:20:09	58.16	--	3	17448	买盘
13:20:06	58.16	0.04	4	23264	买盘
13:20:03	58.12	-0.03	1	5812	中性盘
13:20:00	58.15	0.03	9	52335	买盘
13:19:57	58.12	-0.04	2	11624	卖盘
13:19:54	58.16	0.04	5	29080	中性盘
13:19:45	58.12	-0.06	19	110428	卖盘
13:19:42	58.18	0.03	17	98906	买盘
13:19:39	58.15	0.05	80	465200	买盘
13:19:36	58.1	0.01	3	17430	中性盘
13:19:33	58.09	-0.01	46	267214	卖盘
13:19:30	58.1	--	5	29050	买盘
13:19:27	58.1	0.01	1	5810	买盘
13:19:24	58.09	--	7	40663	买盘
13:19:21	58.09	-0.01	6	34854	卖盘
13:19:18	58.1	0.01	8	46480	买盘
13:19:06	58.09	-0.01	2	11618	中性盘
13:19:03	58.1	0.02	32	185920	买盘
13:19:00	58.08	--	2	11616	卖盘
13:18:57	58.08	--	0	2904	买盘
13:18:54	58.08	--	13	75504	买盘
13:18:48	58.08	0.01	35	206184	买盘
13:18:42	58.07	--	21	121947	卖盘
13:18:39	58.07	--	27	159692	买盘
13:18:33	58.07	--	5	29035	买盘
13:18:30	58.07	0.04	37	214859	买盘
13:18:27	58.03	-0.04	3	17409	卖盘
13:18:24	58.07	0.03	53	307771	买盘
13:18:18	58.04	--	2	11608	买盘
13:18:15	58.04	--	25	145100	卖盘
13:18:12	58.04	-0.01	5	29020	卖盘
13:18:03	58.05	0.02	37	214785	买盘
13:18:00	58.03	-0.02	9	52227	卖盘
13:17:51	58.05	0.01	33	191565	买盘
13:17:48	58.04	--	6	34824	买盘
13:17:45	58.04	--	9	52236	买盘
13:17:42	58.04	--	87	504948	买盘
13:17:36	58.04	--	5	29020	卖盘
13:17:33	58.04	0.02	5	29020	卖盘
13:17:30	58.02	--	9	52218	卖盘
13:17:27	58.02	-0.03	11	63822	卖盘
13:17:18	58.05	0.03	8	46440	买盘
13:17:15	58.02	0.01	12	69624	中性盘
13:17:09	58.01	-0.03	10	58010	卖盘
13:17:06	58.04	0.02	19	110276	买盘
13:17:03	58.02	-0.02	5	29010	中性盘
13:16:57	58.04	--	10	58040	卖盘
13:16:51	58.04	--	3	17412	买盘
13:16:48	58.04	--	2	11608	买盘
13:16:45	58.04	--	18	104472	买盘
13:16:42	58.04	--	2	11608	买盘
13:16:39	58.04	--	21	121884	卖盘
13:16:30	58.04	0.03	11	63844	买盘
13:16:27	58.01	-0.03	5	29005	卖盘
13:16:24	58.04	-0.03	20	116080	卖盘
13:16:21	58.07	0.03	104	603928	买盘
13:16:15	58.04	--	2	11608	卖盘
13:16:12	58.04	--	2	11608	卖盘
13:16:09	58.04	--	2	11608	买盘
13:16:03	58.04	--	2	11608	买盘
13:16:00	58.04	0.02	3	17412	买盘
13:15:57	58.02	-0.03	1	5802	卖盘
13:15:54	58.05	--	4	23220	卖盘
13:15:51	58.05	0.05	17	98685	买盘
13:15:48	58.0	--	34	200390	买盘
13:15:45	58.0	-0.06	14	83810	卖盘
13:15:39	58.06	0.06	6	34836	买盘
13:15:36	58.0	--	2	11600	卖盘
13:15:33	58.0	--	5	29000	卖盘
13:15:30	58.0	--	10	58000	卖盘
13:15:27	58.0	--	22	127600	卖盘
13:15:21	58.0	--	4	23200	卖盘
13:15:18	58.0	-0.02	71	411800	卖盘
13:15:15	58.02	0.02	11	63822	买盘
13:15:12	58.0	--	3	17400	卖盘
13:15:03	58.0	--	1	8990	买盘
13:15:00	58.0	0.01	82	477920	买盘
13:14:57	57.99	--	19	110181	卖盘
13:14:54	57.99	-0.01	11	63789	中性盘
13:14:45	58.0	0.01	10	58000	买盘
13:14:42	57.99	--	8	46392	买盘
13:14:39	57.99	--	3	17397	买盘
13:14:33	57.99	--	1	5799	买盘
13:14:30	57.99	--	78	452322	买盘
13:14:24	57.99	--	39	226161	买盘
13:14:21	57.99	--	6	34794	买盘
13:14:15	57.99	0.01	1	5799	买盘
13:14:12	57.98	--	2	11596	卖盘
13:14:09	57.98	0.01	42	246994	买盘
13:14:03	57.97	--	1	5797	卖盘
13:14:00	57.97	0.01	8	46376	买盘
13:13:51	57.96	--	18	104328	卖盘
13:13:48	57.96	--	7	40572	卖盘
13:13:39	57.96	--	18	104328	买盘
13:13:36	57.96	--	4	23184	买盘
13:13:30	57.96	--	50	289800	买盘
13:13:27	57.96	0.01	2	11592	中性盘
13:13:24	57.95	-0.01	28	162260	卖盘
13:13:15	57.96	0.01	5	28980	卖盘
13:13:09	57.95	-0.01	10	57950	卖盘
13:13:06	57.96	--	1	5796	买盘
13:13:03	57.96	0.01	1	5796	买盘
13:12:57	57.95	--	8	46360	买盘
13:12:54	57.95	0.01	4	23180	买盘
13:12:51	57.94	--	2	11588	卖盘
13:12:45	57.94	0.01	1	5794	卖盘
13:12:36	57.93	0.02	5	28965	买盘
13:12:33	57.91	-0.03	7	40537	卖盘
13:12:30	57.94	0.01	5	28970	买盘
13:12:27	57.93	0.01	3	17379	中性盘
13:12:18	57.92	--	1	5792	卖盘
13:12:15	57.92	0.02	9	52128	买盘
13:12:06	57.9	-0.02	1	5790	卖盘
13:12:03	57.92	0.02	1	5792	买盘
13:12:00	57.9	--	91	527584	买盘
13:11:57	57.9	--	195	1129050	买盘
13:11:51	57.9	--	34	196860	买盘
13:11:48	57.9	--	55	318450	买盘
13:11:45	57.9	0.01	1	5790	买盘
13:11:30	57.89	--	20	115780	买盘
13:11:27	57.89	0.01	3	17367	买盘
13:11:24	57.88	-0.01	25	144700	卖盘
13:11:21	57.89	0.01	7	40523	买盘
13:11:18	57.88	-0.01	21	121548	卖盘
13:11:15	57.89	--	2	11578	买盘
13:11:12	57.89	0.01	5	28945	买盘
13:11:00	57.88	0.01	36	208368	买盘
13:10:57	57.87	-0.01	5	28935	卖盘
13:10:54	57.88	--	7	40516	买盘
13:10:51	57.88	--	1	5788	买盘
13:10:45	57.88	-0.02	1	5788	中性盘
13:10:39	57.9	0.01	25	144750	买盘
13:10:36	57.89	--	2	11578	买盘
13:10:30	57.89	0.01	34	196826	买盘
13:10:27	57.88	--	27	156276	卖盘
13:10:24	57.88	0.04	5	28940	卖盘
13:10:18	57.84	-0.04	100	578400	卖盘
13:10:15	57.88	--	1	5788	买盘
13:10:12	57.88	--	30	173640	买盘
13:10:09	57.88	0.01	6	34728	买盘
13:10:00	57.87	--	4	23148	买盘
13:09:51	57.87	-0.01	6	34722	卖盘
13:09:48	57.88	--	4	23152	买盘
13:09:33	57.88	--	4	23152	买盘
13:09:30	57.88	0.01	6	34728	买盘
13:09:27	57.87	--	1	5787	卖盘
13:09:15	57.87	-0.03	10	57870	卖盘
13:09:12	57.9	--	6	34740	买盘
13:09:09	57.9	--	1	5790	买盘
13:09:03	57.9	--	2	11580	买盘
13:08:45	57.9	0.05	5	28950	买盘
13:08:33	57.85	-0.05	2	11570	卖盘
13:08:30	57.9	0.04	204	1184634	买盘
13:08:24	57.86	--	6	34716	卖盘
13:08:21	57.86	--	3	20251	卖盘
13:08:18	57.86	0.01	97	566449	买盘
13:08:15	57.85	-0.01	5	28925	卖盘
13:08:12	57.86	--	8	46288	买盘
13:08:09	57.86	0.01	1	5786	买盘
13:08:06	57.85	--	1	5785	卖盘
13:08:00	57.85	-0.01	1	5785	卖盘
13:07:48	57.86	-0.04	54	312444	卖盘
13:07:42	57.9	--	3	17370	买盘
13:07:33	57.9	-0.06	71	413985	卖盘
13:07:21	57.96	-0.02	7	40572	卖盘
13:07:18	57.98	0.02	10	57980	买盘
13:07:12	57.96	--	2	11592	卖盘
13:07:06	57.96	--	4	23184	卖盘
13:07:03	57.96	-0.01	14	81144	卖盘
13:07:00	57.97	--	1	5797	买盘
13:06:57	57.97	0.01	1	5797	买盘
13:06:51	57.96	--	5	28980	卖盘
13:06:48	57.96	0.06	5	28980	买盘
13:06:36	57.9	--	17	101325	买盘
13:06:30	57.9	--	1	5790	买盘
13:06:24	57.9	--	7	40530	买盘
13:06:15	57.9	--	1	5790	买盘
13:06:09	57.9	0.05	44	254760	买盘
13:06:06	57.85	0.05	1	5785	买盘
13:05:45	57.8	0.04	1	5780	买盘
13:05:42	57.76	0.01	2	11552	中性盘
13:05:33	57.75	-0.01	41	236775	卖盘
13:05:24	57.76	--	2	11552	买盘
13:05:21	57.76	--	1	5776	买盘
13:05:18	57.76	--	7	40432	买盘
13:05:12	57.76	--	2	11552	买盘
13:05:00	57.76	--	1	5776	买盘
13:04:57	57.76	--	3	17328	买盘
13:04:54	57.76	--	4	23104	买盘
13:04:51	57.76	0.02	32	184832	买盘
13:04:48	57.74	-0.02	54	311796	卖盘
13:04:45	57.76	0.01	10	57760	买盘
13:04:39	57.75	--	1	5775	卖盘
13:04:36	57.75	--	1	5775	买盘
13:04:33	57.75	--	1	5775	买盘
13:04:30	57.75	-0.01	13	75075	卖盘
13:04:27	57.76	--	7	40432	买盘
13:04:24	57.76	--	2	11552	买盘
13:04:18	57.76	--	2	11552	买盘
13:04:12	57.76	--	92	531392	买盘
13:04:09	57.76	0.01	2	11552	买盘
13:04:03	57.75	-0.01	4	23100	卖盘
13:03:57	57.76	--	6	34656	买盘
13:03:54	57.76	--	2	11552	买盘
13:03:51	57.76	--	6	34656	买盘
13:03:48	57.76	0.01	10	57760	买盘
13:03:39	57.75	-0.01	3	17325	卖盘
13:03:36	57.76	--	8	46208	买盘
13:03:33	57.76	--	6	34656	买盘
13:03:24	57.76	--	3	17328	买盘
13:03:21	57.76	0.01	6	34656	买盘
13:03:18	57.75	0.01	1	5775	卖盘
13:03:15	57.74	-0.02	2	11548	卖盘
13:03:12	57.76	0.02	65	375440	买盘
13:03:03	57.74	0.01	4	23096	买盘
13:03:00	57.73	-0.01	28	161644	卖盘
13:02:51	57.74	--	1	5774	买盘
13:02:48	57.74	--	2	11548	买盘
13:02:45	57.74	--	27	155898	买盘
13:02:42	57.74	0.01	12	69288	买盘
13:02:39	57.73	-0.01	1	5773	卖盘
13:02:36	57.74	0.01	15	86610	买盘
13:02:30	57.73	--	10	57730	卖盘
13:02:27	57.73	--	1	5773	卖盘
13:02:21	57.73	-0.01	2	11546	卖盘
13:02:18	57.74	--	2	11548	买盘
13:02:15	57.74	--	1	5774	买盘
13:02:06	57.74	-0.02	41	236734	卖盘
13:02:00	57.76	0.02	104	600704	买盘
13:01:54	57.74	-0.03	13	75062	卖盘
13:01:48	57.77	-0.03	3	17331	卖盘
13:01:45	57.8	-0.02	27	156060	卖盘
13:01:39	57.82	0.01	10	57820	买盘
13:01:30	57.81	-0.01	59	341079	卖盘
13:01:18	57.82	--	4	23128	买盘
13:01:15	57.82	--	8	46256	卖盘
13:00:54	57.82	0.02	1	5782	中性盘
13:00:09	57.8	0.03	6	34680	买盘
13:00:06	57.77	0.01	362	2091274	卖盘
13:00:03	57.76	-0.04	265	1530640	卖盘
13:00:00	57.8	--	0	0	买盘
11:30:00	57.8	0.07	2	11560	买盘
11:29:57	57.73	--	1	5773	买盘
11:29:54	57.73	-0.07	19	109687	卖盘
11:29:51	57.8	--	1	5780	买盘
11:29:48	57.8	--	1	5780	买盘
11:29:36	57.8	--	2	11560	买盘
11:29:33	57.8	--	6	34680	买盘
11:29:30	57.8	--	1	5780	买盘
11:29:24	57.8	-0.01	3	17340	卖盘
11:29:15	57.81	0.01	1	5781	买盘
11:29:12	57.8	0.09	1	5780	中性盘
11:29:00	57.71	-0.11	129	744459	卖盘
11:28:54	57.82	0.02	5	28910	买盘
11:28:45	57.8	--	1	5780	卖盘
11:28:42	57.8	-0.02	5	28900	卖盘
11:28:39	57.82	--	2	11564	买盘
11:28:33	57.82	0.02	15	86730	买盘
11:28:30	57.8	--	50	289000	卖盘
11:28:24	57.8	-0.04	20	118894	卖盘
11:28:21	57.84	--	7	40488	买盘
11:28:18	57.84	-0.01	41	237144	中性盘
11:28:06	57.85	--	1	5785	买盘
11:28:03	57.85	--	2	11570	买盘
11:28:00	57.85	--	5	28925	买盘
11:27:57	57.85	--	7	40495	买盘
11:27:54	57.85	--	5	28925	买盘
11:27:48	57.85	-0.03	57	329745	卖盘
11:27:45	57.88	-0.03	5	28940	卖盘
11:27:42	57.91	--	24	138984	卖盘
11:27:36	57.91	-0.01	1	5791	卖盘
11:27:33	57.92	0.02	4	23168	买盘
11:27:30	57.9	-0.02	10	57900	中性盘
11:27:24	57.92	0.04	20	115840	买盘
11:27:21	57.88	--	63	364644	卖盘
11:27:15	57.88	0.02	6	34728	买盘
11:27:12	57.86	--	64	370304	卖盘
11:27:09	57.86	0.06	1	5786	中性盘
11:27:06	57.8	-0.08	100	578000	卖盘
11:27:03	57.88	0.02	56	324128	买盘
11:27:00	57.86	0.06	2	11572	买盘
11:26:51	57.8	--	6	34680	卖盘
11:26:45	57.8	--	5	28900	卖盘
11:26:42	57.8	--	47	271660	卖盘
11:26:39	57.8	0.06	161	930580	买盘
11:26:36	57.74	-0.01	9	51966	卖盘
11:26:33	57.75	0.04	3	17325	买盘
11:26:21	57.71	-0.04	17	98107	卖盘
11:26:18	57.75	0.04	30	173250	买盘
11:26:15	57.71	-0.03	9	51939	卖盘
11:26:12	57.74	--	18	103932	买盘
11:25:57	57.74	0.04	30	173220	买盘
11:25:51	57.7	--	10	57700	卖盘
11:25:45	57.7	0.02	8	46160	买盘
11:25:42	57.68	-0.01	23	132664	卖盘
11:25:39	57.69	--	41	236529	买盘
11:25:36	57.69	-0.01	1	5769	卖盘
11:25:27	57.7	0.02	3	17310	买盘
11:25:21	57.68	0.01	18	106765	买盘
11:25:18	57.67	--	114	657438	买盘
11:25:15	57.67	--	1	5767	买盘
11:25:12	57.67	-0.01	10	60495	卖盘
11:25:09	57.68	--	2	11536	买盘
11:25:06	57.68	--	12	69216	卖盘
11:25:03	57.68	--	3	17304	卖盘
11:25:00	57.68	0.01	6	34608	买盘
11:24:57	57.67	-0.01	2	11534	卖盘
11:24:54	57.68	0.01	2	11536	买盘
11:24:51	57.67	--	17	98039	卖盘
11:24:45	57.67	0.02	3	20242	买盘
11:24:42	57.65	-0.02	10	57650	卖盘
11:24:39	57.67	--	2	11534	买盘
11:24:36	57.67	0.01	10	57670	买盘
11:24:33	57.66	--	2	11532	买盘
11:24:30	57.66	-0.01	38	224816	卖盘
11:24:27	57.67	--	4	23068	买盘
11:24:24	57.67	0.01	10	57670	中性盘
11:24:21	57.66	-0.02	13	75015	卖盘
11:24:18	57.68	0.01	7	40376	买盘
11:24:15	57.67	-0.01	5	28835	买盘
11:24:12	57.68	0.03	8	46144	买盘
11:24:03	57.65	--	28	164417	卖盘
11:24:00	57.65	-0.03	8	46120	卖盘
11:23:57	57.68	0.03	42	242256	买盘
11:23:54	57.65	--	16	92240	卖盘
11:23:48	57.65	--	26	149890	卖盘
11:23:45	57.65	0.04	221	1275563	买盘
11:23:42	57.61	-0.02	6	34566	卖盘
11:23:36	57.63	--	59	340017	买盘
11:23:33	57.63	0.01	6	34578	买盘
11:23:30	57.62	0.02	17	97954	买盘
11:23:24	57.6	--	24	138240	卖盘
11:23:21	57.6	-0.03	28	166694	卖盘
11:23:18	57.63	--	130	749190	买盘
11:23:15	57.63	-0.01	23	132549	卖盘
11:23:12	57.64	-0.01	8	46112	卖盘
11:23:09	57.65	0.02	6	34590	买盘
11:23:06	57.63	--	32	184416	买盘
11:23:03	57.63	--	96	553248	卖盘
11:23:00	57.63	-0.01	10	57630	卖盘
11:22:57	57.64	--	15	86460	买盘
11:22:54	57.64	--	1	5764	买盘
11:22:51	57.64	0.01	1	5764	买盘
11:22:48	57.63	0.03	10	57630	卖盘
11:22:45	57.6	--	10	57600	卖盘
11:22:42	57.6	--	68	396979	卖盘
11:22:36	57.6	0.01	4	23040	卖盘
11:22:30	57.59	--	14	84023	买盘
11:22:27	57.59	-0.01	124	714116	中性盘
11:22:24	57.6	--	44	256032	买盘
11:22:21	57.6	--	59	340704	买盘
11:22:18	57.6	--	8	46080	买盘
11:22:15	57.6	--	25	144000	买盘
11:22:12	57.6	--	79	455040	买盘
11:22:09	57.6	--	9	51840	买盘
11:22:06	57.6	-0.03	38	224409	卖盘
11:22:03	57.63	0.01	12	69156	买盘
11:22:00	57.62	--	18	103716	卖盘
11:21:57	57.62	--	24	138288	卖盘
11:21:54	57.62	0.01	4	23278	买盘
11:21:51	57.61	0.01	10	57610	买盘
11:21:48	57.6	0.01	17	97920	中性盘
11:21:45	57.59	-0.02	45	259155	卖盘
11:21:42	57.61	0.01	6	34566	卖盘
11:21:39	57.6	--	14	80640	卖盘
11:21:36	57.6	-0.02	4	23040	卖盘
11:21:33	57.62	0.03	20	115240	买盘
11:21:30	57.59	--	20	117483	买盘
11:21:27	57.59	-0.01	29	170466	卖盘
11:21:24	57.6	0.01	6	34560	买盘
11:21:21	57.59	-0.01	40	232663	卖盘
11:21:18	57.6	--	3	17280	买盘
11:21:15	57.6	0.02	23	132480	买盘
11:21:12	57.58	0.06	12	69096	卖盘
11:21:09	57.52	-0.06	34	195568	卖盘
11:21:06	57.58	--	32	184256	买盘
11:21:03	57.58	--	51	297631	买盘
11:21:00	57.58	--	16	92128	买盘
11:20:57	57.58	--	14	80612	买盘
11:20:54	57.58	0.08	72	414576	买盘
11:20:51	57.5	-0.08	102	586500	卖盘
11:20:48	57.58	-0.04	1	5758	买盘
11:20:45	57.62	0.11	15	86430	买盘
11:20:42	57.51	-0.14	16	93338	中性盘
11:20:39	57.65	0.15	37	213305	买盘
11:20:36	57.5	--	11	63250	卖盘
11:20:30	57.5	0.01	7	42722	买盘
11:20:27	57.49	-0.01	61	355345	卖盘
11:20:24	57.5	--	2	11500	买盘
11:20:21	57.5	--	2	12592	买盘
11:20:18	57.5	0.01	35	201250	买盘
11:20:15	57.49	--	24	137976	买盘
11:20:12	57.49	-0.01	83	477167	卖盘
11:20:09	57.5	0.01	103	592250	买盘
11:20:06	57.49	-0.01	27	155223	中性盘
11:20:03	57.5	--	140	805000	买盘
11:20:00	57.5	--	326	1874500	买盘
11:19:57	57.5	--	23	132250	买盘
11:19:54	57.5	0.05	65	373750	买盘
11:19:51	57.45	-0.05	11	63195	卖盘
11:19:48	57.5	--	4	23000	买盘
11:19:45	57.5	0.05	94	540500	买盘
11:19:42	57.45	-0.01	112	647461	卖盘
11:19:39	57.46	-0.03	10	57460	卖盘
11:19:36	57.49	--	5	28745	卖盘
11:19:33	57.49	0.04	45	260429	买盘
11:19:30	57.45	0.04	2	11490	买盘
11:19:27	57.41	-0.04	28	160748	卖盘
11:19:24	57.45	0.04	125	720710	买盘
11:19:21	57.41	-0.05	80	459280	卖盘
11:19:18	57.46	-0.02	39	224094	卖盘
11:19:15	57.48	0.01	118	678264	买盘
11:19:12	57.47	-0.01	2	11494	卖盘
11:19:09	57.48	-0.01	137	787476	卖盘
11:19:06	57.49	--	4	22996	买盘
11:19:03	57.49	--	67	388919	卖盘
11:19:00	57.49	-0.01	33	191729	卖盘
11:18:57	57.5	--	23	132250	买盘
11:18:54	57.5	-0.15	1328	7639220	卖盘
11:18:51	57.65	--	1	5765	卖盘
11:18:48	57.65	--	9	51885	卖盘
11:18:45	57.65	--	7	40355	买盘
11:18:42	57.65	-0.04	13	74945	卖盘
11:18:39	57.69	-0.01	20	115380	卖盘
11:18:36	57.7	--	1221	7049266	买盘
11:18:33	57.7	0.02	12	69240	买盘
11:18:30	57.68	-0.01	122	703696	卖盘
11:18:27	57.69	-0.01	16	92304	卖盘
11:18:24	57.7	--	13	75010	买盘
11:18:21	57.7	0.01	21	121516	买盘
11:18:18	57.69	--	13	74997	卖盘
11:18:15	57.69	--	28	161532	卖盘
11:18:12	57.69	-0.01	13	74997	卖盘
11:18:09	57.7	0.01	2	11540	买盘
11:18:06	57.69	-0.01	22	126918	卖盘
11:18:03	57.7	0.01	2	11540	买盘
11:18:00	57.69	-0.01	24	139955	卖盘
11:17:57	57.7	--	44	253880	买盘
11:17:54	57.7	--	7	40390	买盘
11:17:51	57.7	0.01	20	115400	买盘
11:17:48	57.69	-0.01	13	74997	卖盘
11:17:45	57.7	--	16	92320	买盘
11:17:42	57.7	--	29	167330	买盘
11:17:36	57.7	-0.1	1141	6586743	卖盘
11:17:33	57.8	0.01	3	17340	买盘
11:17:30	57.79	-0.01	4	23116	卖盘
11:17:24	57.8	0.01	30	173400	买盘
11:17:21	57.79	--	15	89632	卖盘
11:17:12	57.79	--	10	57790	卖盘
11:17:09	57.79	0.01	15	86685	买盘
11:17:06	57.78	--	2	11556	卖盘
11:17:00	57.78	--	11	68527	卖盘
11:16:57	57.78	--	33	193794	买盘
11:16:45	57.78	-0.01	5	31547	卖盘
11:16:42	57.79	--	21	124479	卖盘
11:16:36	57.79	-0.01	1	5779	卖盘
11:16:33	57.8	0.01	1	5780	卖盘
11:16:30	57.79	0.02	6	34674	中性盘
11:16:21	57.77	--	14	83708	卖盘
11:16:18	57.77	-0.02	17	98209	卖盘
11:16:15	57.79	--	6	36927	买盘
11:16:12	57.79	--	122	708563	卖盘
11:16:09	57.79	--	1	5779	卖盘
11:16:06	57.79	--	5	28895	卖盘
11:16:00	57.79	--	11	65822	卖盘
11:15:57	57.79	--	7	40453	买盘
11:15:48	57.79	0.02	2	11558	买盘
11:15:45	57.77	--	4	23108	卖盘
11:15:42	57.77	--	23	135124	卖盘
11:15:39	57.77	--	2	11554	卖盘
11:15:36	57.77	--	6	34662	卖盘
11:15:27	57.77	0.01	96	554592	买盘
11:15:24	57.76	--	20	115520	卖盘
11:15:21	57.76	-0.01	15	88257	卖盘
11:15:18	57.77	0.01	14	80878	买盘
11:15:15	57.76	--	1	5776	卖盘
11:15:12	57.76	-0.01	11	63536	卖盘
11:15:09	57.77	--	5	28885	买盘
11:15:03	57.77	0.01	1	5777	买盘
11:15:00	57.76	-0.01	38	220758	卖盘
11:14:57	57.77	--	11	63547	卖盘
11:14:51	57.77	--	11	63547	卖盘
11:14:48	57.77	--	14	80878	卖盘
11:14:45	57.77	--	4	23108	卖盘
11:14:42	57.77	-0.02	9	51993	卖盘
11:14:33	57.79	--	11	66689	卖盘
11:14:27	57.79	--	1	5779	卖盘
11:14:24	57.79	--	9	54322	卖盘
11:14:21	57.79	-0.01	4	26641	卖盘
11:14:15	57.8	0.01	13	75140	买盘
11:14:12	57.79	-0.01	10	57790	卖盘
11:14:09	57.8	0.01	3	17340	买盘
11:14:06	57.79	-0.01	7	40453	卖盘
11:14:03	57.8	0.01	7	40460	买盘
11:14:00	57.79	-0.01	8	47907	卖盘
11:13:57	57.8	--	10	57800	买盘
11:13:48	57.8	0.01	2	11560	买盘
11:13:45	57.79	0.03	10	58714	买盘
11:13:42	57.76	-0.03	38	221740	卖盘
11:13:36	57.79	0.03	1	5779	买盘
11:13:27	57.76	--	1	5776	卖盘
11:13:21	57.76	--	1	5776	卖盘
11:13:18	57.76	-0.04	10	57760	卖盘
11:13:15	57.8	0.01	11	63580	买盘
11:13:12	57.79	--	5	28895	卖盘
11:13:06	57.79	--	16	92464	卖盘
11:13:00	57.79	0.03	19	113210	买盘
11:12:57	57.76	--	14	82654	买盘
11:12:54	57.76	0.01	156	901056	买盘
11:12:51	57.75	-0.01	2	11607	卖盘
11:12:45	57.76	0.01	11	63536	买盘
11:12:42	57.75	-0.01	55	319935	卖盘
11:12:39	57.76	--	25	144400	买盘
11:12:36	57.76	--	55	317680	买盘
11:12:30	57.76	--	10	57760	买盘
11:12:27	57.76	--	2	11552	买盘
11:12:21	57.76	0.01	13	75088	卖盘
11:12:12	57.75	-0.02	49	285054	卖盘
11:12:09	57.77	--	26	150202	买盘
11:12:06	57.77	0.01	12	69324	买盘
11:12:03	57.76	0.01	3	17328	买盘
11:12:00	57.75	-0.01	59	345749	卖盘
11:11:57	57.76	-0.04	59	343325	卖盘
11:11:48	57.8	0.01	16	92480	买盘
11:11:45	57.79	--	2	11558	买盘
11:11:42	57.79	--	33	193943	卖盘
11:11:36	57.79	--	19	109801	买盘
11:11:24	57.79	0.04	1	5779	买盘
11:11:21	57.75	-0.01	3	17844	卖盘
11:11:12	57.76	--	8	48345	卖盘
11:11:06	57.76	0.02	42	246230	买盘
11:11:03	57.74	-0.02	2	11548	卖盘
11:11:00	57.76	0.03	5	34020	买盘
11:10:54	57.73	-0.03	2	11546	卖盘
11:10:51	57.76	0.01	12	71449	买盘
11:10:48	57.75	-0.03	1	5775	卖盘
11:10:45	57.78	-0.02	4	23112	卖盘
11:10:42	57.8	0.04	32	188601	买盘
11:10:39	57.76	0.03	3	17328	买盘
11:10:33	57.73	-0.02	47	271331	卖盘
11:10:30	57.75	--	3	17325	买盘
11:10:24	57.75	-0.01	7	40425	中性盘
11:10:21	57.76	0.01	34	199618	买盘
11:10:18	57.75	--	3	17325	买盘
11:10:12	57.75	-0.01	3	17325	中性盘
11:10:03	57.76	0.01	2	11552	买盘
11:10:00	57.75	0.02	1	5775	卖盘
11:09:57	57.73	0.02	2	11546	卖盘
11:09:54	57.71	-0.02	52	300092	卖盘
11:09:51	57.73	0.01	45	263191	买盘
11:09:48	57.72	-0.01	4	23088	卖盘
11:09:45	57.73	0.01	2	11546	买盘
11:09:42	57.72	--	67	389436	买盘
11:09:39	57.72	--	7	40404	买盘
11:09:36	57.72	--	14	81846	卖盘
11:09:33	57.72	--	1	5772	卖盘
11:09:30	57.72	--	31	178932	卖盘
11:09:27	57.72	--	42	242424	卖盘
11:09:24	57.72	-0.01	1	5772	卖盘
11:09:21	57.73	0.01	43	252972	买盘
11:09:15	57.72	0.01	40	230880	买盘
11:09:12	57.71	-0.01	27	155817	卖盘
11:09:09	57.72	0.01	25	144300	买盘
11:09:06	57.71	-0.01	5	28855	卖盘
11:09:03	57.72	--	7	40404	买盘
11:09:00	57.72	--	15	87965	买盘
11:08:57	57.72	--	6	34632	买盘
11:08:54	57.72	-0.01	3	17316	卖盘
11:08:48	57.73	--	5	28865	买盘
11:08:45	57.73	--	9	51957	买盘
11:08:42	57.73	--	25	144325	卖盘
11:08:39	57.73	--	11	63503	卖盘
11:08:33	57.73	0.04	9	51957	卖盘
11:08:27	57.69	-0.04	51	294219	卖盘
11:08:24	57.73	0.01	72	419004	买盘
11:08:21	57.72	--	53	305916	买盘
11:08:18	57.72	--	45	259740	买盘
11:08:15	57.72	--	128	740547	卖盘
11:08:12	57.72	-0.01	28	161616	卖盘
11:08:09	57.73	0.01	3	17319	买盘
11:08:06	57.72	-0.01	20	115440	卖盘
11:08:03	57.73	--	12	69276	买盘
11:08:00	57.73	--	3	21360	买盘
11:07:57	57.73	--	373	2153329	买盘
11:07:54	57.73	--	5	28865	买盘
11:07:51	57.73	0.02	10	57730	买盘
11:07:48	57.71	-0.01	13	76754	卖盘
11:07:42	57.72	-0.01	8	46176	卖盘
11:07:39	57.73	--	26	150098	买盘
11:07:36	57.73	-0.04	31	178963	卖盘
11:07:33	57.77	--	7	40439	买盘
11:07:27	57.77	0.04	72	415944	买盘
11:07:24	57.73	-0.04	7	40411	卖盘
11:07:21	57.77	--	1	10167	买盘
11:07:18	57.77	--	82	473714	买盘
11:07:15	57.77	0.02	11	63547	买盘
11:07:12	57.75	--	3	17325	卖盘
11:07:09	57.75	0.02	5	28875	中性盘
11:07:03	57.73	--	3	17319	卖盘
11:07:00	57.73	0.02	4	24708	中性盘
11:06:57	57.71	-0.01	159	922321	卖盘
11:06:51	57.72	--	11	63492	卖盘
11:06:48	57.72	0.02	33	190476	买盘
11:06:42	57.7	0.02	11	63470	中性盘
11:06:39	57.68	-0.02	123	713328	卖盘
11:06:36	57.7	0.01	7	40390	买盘
11:06:33	57.69	--	5	28845	买盘
11:06:30	57.69	--	4	23076	买盘
11:06:27	57.69	-0.03	39	228452	卖盘
11:06:24	57.72	--	260	1505914	卖盘
11:06:21	57.72	-0.02	34	198614	卖盘
11:06:18	57.74	0.02	1	5774	买盘
11:06:12	57.72	--	26	150072	卖盘
11:06:09	57.72	--	5	28860	卖盘
11:06:06	57.72	-0.01	3	17316	卖盘
11:06:00	57.73	-0.02	32	185255	中性盘
11:05:57	57.75	-0.02	53	306075	卖盘
11:05:54	57.77	--	10	57770	买盘
11:05:51	57.77	--	5	28885	买盘
11:05:48	57.77	0.01	66	381282	买盘
11:05:45	57.76	-0.01	76	438976	卖盘
11:05:42	57.77	-0.02	407	2351239	卖盘
11:05:39	57.79	--	3	17337	买盘
11:05:36	57.79	-0.01	214	1240288	卖盘
11:05:33	57.8	--	110	637996	买盘
11:05:30	57.8	0.01	6	34680	买盘
11:05:27	57.79	-0.01	51	294729	卖盘
11:05:24	57.8	--	6	34680	买盘
11:05:21	57.8	--	7	40460	买盘
11:05:18	57.8	-0.02	50	291080	卖盘
11:05:15	57.82	0.02	2	11564	买盘
11:05:12	57.8	-0.03	302	1745560	卖盘
11:05:09	57.83	--	39	226577	卖盘
11:05:06	57.83	-0.02	4	23132	卖盘
11:05:03	57.85	0.02	9	52065	买盘
11:05:00	57.83	0.01	2	16308	卖盘
11:04:57	57.82	-0.03	51	294882	卖盘
11:04:54	57.85	--	2	11570	买盘
11:04:51	57.85	0.03	2	11570	买盘
11:04:48	57.82	-0.03	20	115640	卖盘
11:04:45	57.85	0.02	12	69420	买盘
11:04:42	57.83	--	23	133009	卖盘
11:04:39	57.83	-0.05	8	50369	卖盘
11:04:33	57.88	--	3	17364	买盘
11:04:21	57.88	0.06	23	133124	中性盘
11:04:18	57.82	-0.03	134	774788	卖盘
11:04:12	57.85	--	17	98345	卖盘
11:04:09	57.85	0.02	9	52065	中性盘
11:04:06	57.83	0.01	20	115660	中性盘
11:04:00	57.82	--	15	91008	卖盘
11:03:54	57.82	--	1	5782	卖盘
11:03:48	57.82	-0.01	16	92512	卖盘
11:03:45	57.83	-0.02	63	369418	卖盘
11:03:42	57.85	-0.01	10	57850	卖盘
11:03:39	57.86	-0.04	33	190938	卖盘
11:03:36	57.9	0.03	53	306870	买盘
11:03:33	57.87	-0.01	7	44675	卖盘
11:03:30	57.88	--	1	5788	卖盘
11:03:27	57.88	0.01	2	11576	卖盘
11:03:21	57.87	--	8	50057	卖盘
11:03:12	57.87	--	11	63657	卖盘
11:03:00	57.87	-0.03	3	21006	卖盘
11:02:51	57.9	0.03	61	353190	买盘
11:02:48	57.87	-0.03	5	30266	卖盘
11:02:42	57.9	0.01	22	127380	买盘
11:02:39	57.89	-0.01	11	67210	卖盘
11:02:36	57.9	--	2	11580	买盘
11:02:33	57.9	--	15	86850	买盘
11:02:27	57.9	0.01	2	11580	买盘
11:02:24	57.89	--	1	5789	卖盘
11:02:21	57.89	--	29	168807	卖盘
11:02:18	57.89	--	14	81046	卖盘
11:02:15	57.89	0.04	90	521010	买盘
11:02:12	57.85	-0.02	10	57850	卖盘
11:02:09	57.87	--	1	5787	买盘
11:02:06	57.87	0.02	2	11574	买盘
11:02:00	57.85	--	4	28115	买盘
11:01:57	57.85	0.03	4	23140	买盘
11:01:54	57.82	0.01	2	16073	买盘
11:01:51	57.81	-0.02	11	64862	卖盘
11:01:48	57.83	0.01	10	57830	卖盘
11:01:45	57.82	--	19	114367	买盘
11:01:42	57.82	--	5	30182	卖盘
11:01:39	57.82	-0.01	1	10291	卖盘
11:01:36	57.83	--	43	248669	卖盘
11:01:33	57.83	--	1	5783	买盘
11:01:30	57.83	0.02	1	5783	买盘
11:01:27	57.81	-0.02	8	46248	卖盘
11:01:21	57.83	--	14	84836	买盘
11:01:12	57.83	--	2	11566	卖盘
11:01:09	57.83	--	1	5783	买盘
11:01:06	57.83	0.03	55	318065	买盘
11:01:00	57.8	--	14	83174	卖盘
11:00:51	57.8	--	8	46240	卖盘
11:00:48	57.8	--	25	144500	卖盘
11:00:45	57.8	--	5	28900	卖盘
11:00:42	57.8	--	47	271660	卖盘
11:00:39	57.8	--	28	165539	卖盘
11:00:36	57.8	--	30	177099	买盘
11:00:30	57.8	--	6	34680	买盘
11:00:27	57.8	--	13	77220	卖盘
11:00:24	57.8	-0.02	20	115600	卖盘
11:00:21	57.82	0.02	1	5782	买盘
11:00:18	57.8	--	16	96179	卖盘
11:00:15	57.8	--	5	28900	卖盘
11:00:12	57.8	--	38	220738	买盘
11:00:09	57.8	--	83	484421	卖盘
11:00:06	57.8	--	60	346800	卖盘
11:00:00	57.8	-0.01	83	480838	卖盘
10:59:57	57.81	--	4	23124	买盘
10:59:54	57.81	--	1	5781	买盘
10:59:51	57.81	0.01	4	23124	买盘
10:59:45	57.8	--	3	17340	卖盘
10:59:42	57.8	0.01	19	109820	买盘
10:59:39	57.79	-0.01	25	144475	卖盘
10:59:33	57.8	-0.02	27	161088	卖盘
10:59:30	57.82	--	2	11564	买盘
10:59:27	57.82	-0.01	4	23128	卖盘
10:59:24	57.83	0.03	5	28915	买盘
10:59:21	57.8	-0.01	311	1797580	卖盘
10:59:18	57.81	-0.02	36	210254	卖盘
10:59:15	57.83	0.01	12	69396	买盘
10:59:12	57.82	-0.01	2	11564	卖盘
10:59:09	57.83	--	5	29898	卖盘
10:59:06	57.83	--	6	39497	买盘
10:59:00	57.83	--	43	248669	买盘
10:58:57	57.83	--	10	57830	买盘
10:58:54	57.83	0.02	1	5783	买盘
10:58:51	57.81	0.01	5	31795	卖盘
10:58:48	57.8	-0.03	20	115600	卖盘
10:58:42	57.83	-0.02	1	5783	卖盘
10:58:39	57.85	0.05	44	256044	买盘
10:58:36	57.8	--	2	11560	卖盘
10:58:33	57.8	--	8	46240	卖盘
10:58:30	57.8	--	40	231200	买盘
10:58:27	57.8	--	10	61210	卖盘
10:58:24	57.8	-0.02	3	17340	卖盘
10:58:21	57.82	0.01	8	48626	买盘
10:58:18	57.81	--	26	150306	买盘
10:58:15	57.81	--	1	5781	买盘
10:58:12	57.81	0.02	20	115620	中性盘
10:58:06	57.79	-0.04	70	404530	卖盘
10:58:00	57.83	-0.01	2	11566	卖盘
10:57:54	57.84	-0.01	1	5784	中性盘
10:57:48	57.85	0.06	6	34710	买盘
10:57:45	57.79	-0.01	22	127138	卖盘
10:57:42	57.8	-0.04	65	375931	卖盘
10:57:39	57.84	--	0	3990	卖盘
10:57:30	57.84	-0.03	1	5784	卖盘
10:57:27	57.87	0.02	1	5787	买盘
10:57:24	57.85	0.05	136	788321	买盘
10:57:21	57.8	-0.04	887	5131079	卖盘
10:57:18	57.84	--	40	232921	卖盘
10:57:15	57.84	-0.01	12	69408	卖盘
10:57:12	57.85	--	5	28925	卖盘
10:57:09	57.85	--	38	219830	卖盘
10:57:03	57.85	-0.01	17	98345	卖盘
10:57:00	57.86	-0.02	140	810040	卖盘
10:56:54	57.88	-0.02	22	127336	卖盘
10:56:48	57.9	--	1	5790	买盘
10:56:45	57.9	0.01	2	11580	买盘
10:56:42	57.89	-0.01	15	86835	卖盘
10:56:39	57.9	-0.02	40	236116	卖盘
10:56:33	57.92	--	0	2896	买盘
10:56:30	57.92	0.02	7	40544	买盘
10:56:27	57.9	-0.02	20	115800	卖盘
10:56:24	57.92	--	3	17376	买盘
10:56:21	57.92	0.02	22	127424	买盘
10:56:18	57.9	--	13	77586	卖盘
10:56:15	57.9	--	52	301080	卖盘
10:56:12	57.9	-0.02	11	63690	卖盘
10:56:09	57.92	--	3	17376	买盘
10:56:06	57.92	--	1	5792	买盘
10:56:00	57.92	0.02	51	297245	买盘
10:55:51	57.9	-0.02	36	211219	卖盘
10:55:48	57.92	--	20	115840	买盘
10:55:45	57.92	0.01	30	173760	买盘
10:55:42	57.91	--	11	63700	卖盘
10:55:39	57.91	-0.01	17	98620	卖盘
10:55:33	57.92	--	17	98579	卖盘
10:55:30	57.92	--	0	4749	卖盘
10:55:27	57.92	-0.01	2	11584	卖盘
10:55:21	57.93	0.01	11	63723	买盘
10:55:18	57.92	-0.01	25	145726	卖盘
10:55:15	57.93	--	15	86895	买盘
10:55:12	57.93	-0.02	4	23172	买盘
10:55:00	57.95	-0.03	1	5795	中性盘
10:54:57	57.98	0.03	57	335704	买盘
10:54:54	57.95	0.02	1	5795	中性盘
10:54:48	57.93	--	9	52137	卖盘
10:54:39	57.93	--	4	26995	卖盘
10:54:36	57.93	--	1	8341	买盘
10:54:33	57.93	0.02	2	11586	买盘
10:54:24	57.91	-0.02	2	11582	卖盘
10:54:21	57.93	0.02	10	57930	买盘
10:54:18	57.91	-0.01	42	246059	卖盘
10:54:15	57.92	--	8	46336	买盘
10:54:12	57.92	-0.06	52	304427	卖盘
10:54:06	57.98	0.05	10	57980	买盘
10:54:03	57.93	--	37	214341	买盘
10:54:00	57.93	--	5	31513	买盘
10:53:57	57.93	--	10	57930	买盘
10:53:54	57.93	--	15	86895	卖盘
10:53:51	57.93	-0.02	38	220134	卖盘
10:53:48	57.95	--	12	69540	卖盘
10:53:45	57.95	0.01	34	197030	买盘
10:53:42	57.94	0.01	11	63734	卖盘
10:53:36	57.93	-0.01	10	57930	卖盘
10:53:33	57.94	--	3	17382	买盘
10:53:27	57.94	--	7	40558	买盘
10:53:24	57.94	-0.02	55	318670	卖盘
10:53:21	57.96	--	8	46368	买盘
10:53:18	57.96	-0.03	4	23184	卖盘
10:53:15	57.99	0.03	20	115980	买盘
10:53:12	57.96	-0.03	2	11592	卖盘
10:53:06	57.99	0.03	2	11598	买盘
10:53:03	57.96	-0.03	1	5796	卖盘
10:53:00	57.99	0.03	5	28995	买盘
10:52:48	57.96	-0.03	9	52164	卖盘
10:52:45	57.99	0.05	1	5799	中性盘
10:52:36	57.94	-0.02	36	208584	卖盘
10:52:33	57.96	--	2	11592	买盘
10:52:21	57.96	--	15	86940	卖盘
10:52:18	57.96	-0.04	10	57960	卖盘
10:52:15	58.0	--	4	23200	买盘
10:52:09	58.0	--	54	313200	买盘
10:52:06	58.0	--	2	11600	买盘
10:52:03	58.0	--	4	23200	买盘
10:52:00	58.0	0.04	23	133400	买盘
10:51:57	57.96	--	2	11592	卖盘
10:51:54	57.96	-0.04	8	46368	卖盘
10:51:51	58.0	--	343	1989400	买盘
10:51:48	58.0	--	88	510400	买盘
10:51:45	58.0	0.07	4	23200	买盘
10:51:42	57.93	-0.07	31	179583	卖盘
10:51:39	58.0	0.06	192	1113600	买盘
10:51:30	57.94	0.01	2	11588	买盘
10:51:21	57.93	0.01	35	202755	买盘
10:51:18	57.92	-0.01	12	69504	卖盘
10:51:12	57.93	--	1	5793	买盘
10:51:06	57.93	0.03	11	63723	买盘
10:51:03	57.9	-0.03	40	231600	卖盘
10:51:00	57.93	0.03	31	179583	中性盘
10:50:48	57.9	--	21	126106	买盘
10:50:45	57.9	--	229	1325910	买盘
10:50:42	57.9	--	26	150540	买盘
10:50:39	57.9	0.01	11	63690	买盘
10:50:30	57.89	0.03	3	17367	买盘
10:50:27	57.86	0.01	1	5786	买盘
10:50:24	57.85	-0.01	12	69420	卖盘
10:50:18	57.86	-0.03	1	5786	卖盘
10:50:15	57.89	0.06	11	63679	中性盘
10:50:03	57.83	-0.02	165	954195	卖盘
10:49:57	57.85	0.02	122	709298	买盘
10:49:54	57.83	-0.01	4	23132	卖盘
10:49:51	57.84	0.01	24	138816	买盘
10:49:48	57.83	-0.02	9	52047	卖盘
10:49:45	57.85	--	5	28925	买盘
10:49:42	57.85	0.02	1	5785	买盘
10:49:39	57.83	--	9	52047	买盘
10:49:36	57.83	--	12	69396	买盘
10:49:33	57.83	0.01	101	584083	买盘
10:49:27	57.82	-0.01	25	144550	卖盘
10:49:24	57.83	--	22	127226	买盘
10:49:21	57.83	0.01	12	69396	中性盘
10:49:18	57.82	-0.03	107	618674	卖盘
10:49:15	57.85	--	44	254540	买盘
10:49:09	57.85	--	15	86775	买盘
10:49:06	57.85	--	10	57850	买盘
10:49:03	57.85	--	104	601640	买盘
10:49:00	57.85	--	23	133055	买盘
10:48:57	57.85	0.02	53	306605	买盘
10:48:54	57.83	-0.02	65	375895	卖盘
10:48:51	57.85	--	19	109915	买盘
10:48:48	57.85	--	23	133055	买盘
10:48:45	57.85	--	36	208260	买盘
10:48:42	57.85	--	25	144625	买盘
10:48:39	57.85	0.03	2	11570	买盘
10:48:36	57.82	-0.03	132	763224	卖盘
10:48:30	57.85	0.04	54	312390	买盘
10:48:27	57.81	-0.02	157	907617	卖盘
10:48:24	57.83	-0.02	3	17349	中性盘
10:48:21	57.85	0.03	3	17355	买盘
10:48:18	57.82	--	37	213934	买盘
10:48:15	57.82	-0.02	49	283318	卖盘
10:48:12	57.84	--	8	46272	买盘
10:48:09	57.84	-0.01	15	86760	卖盘
10:48:06	57.85	--	4	23140	买盘
10:48:03	57.85	--	3	17355	买盘
10:48:00	57.85	0.03	56	323960	买盘
10:47:57	57.82	0.01	2	11564	中性盘
10:47:54	57.81	--	3	17343	买盘
10:47:51	57.81	--	20	115620	买盘
10:47:48	57.81	0.01	30	173430	买盘
10:47:45	57.8	--	47	271660	卖盘
10:47:42	57.8	--	5	28900	买盘
10:47:39	57.8	--	17	98260	卖盘
10:47:36	57.8	--	18	104040	买盘
10:47:33	57.8	--	11	63580	中性盘
10:47:30	57.8	-0.01	506	2924680	卖盘
10:47:27	57.81	-0.04	32	184992	卖盘
10:47:24	57.85	--	12	69420	买盘
10:47:21	57.85	-0.02	139	804115	卖盘
10:47:18	57.87	--	11	63657	买盘
10:47:15	57.87	-0.01	77	445599	卖盘
10:47:12	57.88	--	8	46304	买盘
10:47:09	57.88	-0.01	103	596164	卖盘
10:47:06	57.89	-0.01	1	5789	买盘
10:47:03	57.9	0.01	406	2350740	买盘
10:47:00	57.89	-0.01	14	81046	卖盘
10:46:57	57.9	--	1	5790	买盘
10:46:54	57.9	0.01	3	17370	买盘
10:46:51	57.89	--	6	34734	卖盘
10:46:48	57.89	--	17	98413	卖盘
10:46:45	57.89	-0.01	20	115780	卖盘
10:46:42	57.9	--	3	17370	买盘
10:46:39	57.9	--	24	138960	买盘
10:46:36	57.9	--	3	17370	买盘
10:46:30	57.9	-0.05	719	4164283	卖盘
10:46:27	57.95	--	54	312930	买盘
10:46:24	57.95	--	9	52155	买盘
10:46:18	57.95	-0.04	62	359290	卖盘
10:46:12	57.99	0.03	20	115980	买盘
10:46:09	57.96	-0.02	3	17388	卖盘
10:46:00	57.98	-0.01	3	17394	中性盘
10:45:54	57.99	0.03	1	5799	买盘
10:45:48	57.96	0.01	29	168084	中性盘
10:45:45	57.95	0.02	1	5795	中性盘
10:45:39	57.93	-0.06	50	289650	卖盘
10:45:33	57.99	0.04	1	5799	买盘
10:45:27	57.95	--	23	133285	卖盘
10:45:24	57.95	-0.01	14	81130	卖盘
10:45:18	57.96	--	30	173880	卖盘
10:45:12	57.96	-0.04	19	110124	卖盘
10:45:06	58.0	0.01	103	597400	买盘
10:45:03	57.99	--	2	11598	卖盘
10:44:57	57.99	--	4	23196	卖盘
10:44:54	57.99	-0.03	8	46392	卖盘
10:44:48	58.02	0.05	13	75426	买盘
10:44:42	57.97	-0.04	29	168113	卖盘
10:44:39	58.01	0.04	23	133423	买盘
10:44:36	57.97	--	2	11594	卖盘
10:44:33	57.97	-0.03	69	399993	卖盘
10:44:30	58.0	0.03	5	29000	买盘
10:44:27	57.97	-0.01	20	115940	卖盘
10:44:24	57.98	0.01	7	40586	中性盘
10:44:21	57.97	-0.01	19	110143	卖盘
10:44:18	57.98	0.01	9	52182	中性盘
10:44:12	57.97	-0.01	14	81158	卖盘
10:43:57	57.98	0.01	2	11596	卖盘
10:43:54	57.97	-0.04	39	226083	卖盘
10:43:48	58.01	0.04	1	5801	卖盘
10:43:45	57.97	-0.05	100	579700	卖盘
10:43:42	58.02	--	19	110238	卖盘
10:43:39	58.02	0.01	26	150852	卖盘
10:43:33	58.01	-0.01	7	40607	卖盘
10:43:30	58.02	0.01	1	5802	买盘
10:43:27	58.01	--	5	29005	卖盘
10:43:24	58.01	-0.01	2	11602	卖盘
10:43:18	58.02	0.02	3	17406	中性盘
10:43:12	58.0	-0.09	29	168200	卖盘
10:43:09	58.09	0.07	5	29045	买盘
10:43:06	58.02	0.01	5	29010	卖盘
10:43:03	58.01	0.01	1	5801	中性盘
10:42:57	58.0	-0.09	35	203000	卖盘
10:42:54	58.09	0.08	20	116180	买盘
10:42:51	58.01	--	1	5801	卖盘
10:42:48	58.01	--	76	440876	卖盘
10:42:42	58.01	--	13	75413	卖盘
10:42:39	58.01	--	3	17403	卖盘
10:42:36	58.01	--	1	5801	卖盘
10:42:33	58.01	0.01	2	11602	卖盘
10:42:27	58.0	-0.01	20	116000	卖盘
10:42:24	58.01	--	43	249443	买盘
10:42:21	58.01	--	1	5801	买盘
10:42:18	58.01	-0.06	23	133423	卖盘
10:42:15	58.07	--	5	29035	卖盘
10:42:12	58.07	--	1	5807	卖盘
10:42:09	58.07	--	24	139368	卖盘
10:42:03	58.07	0.02	357	2073099	买盘
10:42:00	58.05	0.04	7	40635	买盘
10:41:57	58.01	--	5	29005	卖盘
10:41:54	58.01	--	10	58010	卖盘
10:41:51	58.01	--	6	34806	卖盘
10:41:48	58.01	0.01	31	179831	中性盘
10:41:42	58.0	--	24	139200	卖盘
10:41:39	58.0	-0.01	32	185600	卖盘
10:41:36	58.01	0.01	1	5801	买盘
10:41:33	58.0	-0.01	2	11600	卖盘
10:41:30	58.01	0.01	3	17403	买盘
10:41:27	58.0	--	10	58000	卖盘
10:41:24	58.0	-0.02	24	139200	卖盘
10:41:21	58.02	--	8	50941	买盘
10:41:18	58.02	--	36	210148	买盘
10:41:15	58.02	0.02	3	17406	买盘
10:41:12	58.0	--	1	5800	卖盘
10:41:09	58.0	-0.02	11	63800	卖盘
10:41:06	58.02	0.01	5	29010	买盘
10:41:03	58.01	0.01	10	58010	买盘
10:41:00	58.0	--	3	17400	卖盘
10:40:57	58.0	--	4	23200	卖盘
10:40:54	58.0	--	1	5800	卖盘
10:40:48	58.0	--	15	91524	买盘
10:40:45	58.0	0.03	3	17400	买盘
10:40:42	57.97	-0.03	10	57970	卖盘
10:40:39	58.0	--	3	17400	买盘
10:40:36	58.0	0.01	6	34800	买盘
10:40:33	57.99	0.02	1	5799	中性盘
10:40:30	57.97	-0.01	19	110143	卖盘
10:40:27	57.98	-0.01	4	23192	卖盘
10:40:24	57.99	--	11	63789	买盘
10:40:21	57.99	--	10	57990	买盘
10:40:18	57.99	--	10	57990	买盘
10:40:15	57.99	--	2	11598	买盘
10:40:12	57.99	--	1	5799	买盘
10:40:06	57.99	-0.01	15	86985	卖盘
10:40:03	58.0	0.01	5	29000	买盘
10:40:00	57.99	-0.01	1	5799	卖盘
10:39:57	58.0	0.01	5	29000	买盘
10:39:54	57.99	--	4	23196	买盘
10:39:48	57.99	0.02	12	69588	买盘
10:39:45	57.97	0.01	10	57970	卖盘
10:39:42	57.96	-0.01	16	92736	卖盘
10:39:39	57.97	--	2	11594	买盘
10:39:36	57.97	0.01	1	5797	买盘
10:39:33	57.96	--	10	57960	卖盘
10:39:27	57.96	-0.01	6	34776	卖盘
10:39:21	57.97	0.02	28	162316	买盘
10:39:18	57.95	0.02	61	353495	买盘
10:39:15	57.93	--	167	967431	买盘
10:39:12	57.93	--	48	278064	买盘
10:39:09	57.93	--	24	139032	买盘
10:39:06	57.93	--	52	301236	买盘
10:39:03	57.93	0.01	2	11586	买盘
10:39:00	57.92	-0.01	16	92672	卖盘
10:38:57	57.93	0.01	10	57930	买盘
10:38:54	57.92	-0.01	9	52128	卖盘
10:38:51	57.93	--	17	98481	买盘
10:38:48	57.93	--	15	86895	买盘
10:38:45	57.93	0.01	10	57930	买盘
10:38:42	57.92	--	32	185344	卖盘
10:38:39	57.92	-0.01	8	46336	卖盘
10:38:36	57.93	0.01	1	5793	买盘
10:38:33	57.92	--	8	46336	卖盘
10:38:30	57.92	-0.01	22	127424	卖盘
10:38:24	57.93	0.02	3	17379	买盘
10:38:21	57.91	-0.01	21	121611	卖盘
10:38:18	57.92	-0.01	38	220096	卖盘
10:38:15	57.93	0.01	1	5793	买盘
10:38:12	57.92	--	17	98464	买盘
10:38:09	57.92	0.01	5	28960	买盘
10:38:06	57.91	-0.02	4	23164	卖盘
10:38:03	57.93	0.01	2	11586	买盘
10:38:00	57.92	--	12	69504	卖盘
10:37:54	57.92	-0.02	80	463360	卖盘
10:37:51	57.94	-0.02	16	92704	卖盘
10:37:48	57.96	0.01	12	69552	买盘
10:37:45	57.95	-0.01	10	57950	卖盘
10:37:42	57.96	-0.01	13	75348	中性盘
10:37:36	57.97	0.01	20	115940	买盘
10:37:33	57.96	-0.01	41	237636	买盘
10:37:30	57.97	0.01	28	162316	买盘
10:37:27	57.96	--	13	75348	卖盘
10:37:24	57.96	--	1	5796	卖盘
10:37:21	57.96	--	62	359352	卖盘
10:37:18	57.96	-0.01	106	614376	卖盘
10:37:15	57.97	-0.01	54	313038	卖盘
10:37:12	57.98	--	1	5798	买盘
10:37:09	57.98	--	19	111437	卖盘
10:37:06	57.98	--	23	133354	卖盘
10:37:03	57.98	--	11	63778	卖盘
10:37:00	57.98	--	80	463840	卖盘
10:36:57	57.98	--	5	28990	卖盘
10:36:54	57.98	-0.02	166	962468	卖盘
10:36:51	58.0	-0.02	725	4205000	卖盘
10:36:48	58.02	0.02	33	191466	买盘
10:36:45	58.0	-0.01	41	237800	卖盘
10:36:42	58.01	--	66	382866	卖盘
10:36:39	58.01	--	54	313254	卖盘
10:36:36	58.01	-0.01	96	556896	卖盘
10:36:33	58.02	0.01	2	11604	买盘
10:36:30	58.01	-0.02	150	870150	卖盘
10:36:27	58.03	--	89	516467	买盘
10:36:21	58.03	--	4	23212	买盘
10:36:18	58.03	-0.03	3	19904	卖盘
10:36:15	58.06	-0.01	201	1167006	卖盘
10:36:12	58.07	0.01	5	29035	买盘
10:36:09	58.06	--	1	5806	卖盘
10:36:06	58.06	-0.01	5	29030	卖盘
10:35:54	58.07	0.01	6	34842	买盘
10:35:51	58.06	-0.01	16	92896	卖盘
10:35:48	58.07	-0.01	108	627156	卖盘
10:35:45	58.08	0.01	5	29040	买盘
10:35:39	58.07	-0.01	48	278736	卖盘
10:35:36	58.08	--	6	34848	卖盘
10:35:33	58.08	--	3	17424	卖盘
10:35:30	58.08	--	3	17424	卖盘
10:35:27	58.08	--	1	5808	卖盘
10:35:18	58.08	--	17	98736	卖盘
10:35:15	58.08	0.01	6	34848	中性盘
10:35:12	58.07	--	62	360034	卖盘
10:35:09	58.07	--	15	87105	卖盘
10:35:03	58.07	-0.01	5	29035	卖盘
10:34:57	58.08	-0.01	3	17424	买盘
10:34:54	58.09	0.01	3	17427	买盘
10:34:51	58.08	--	11	63888	买盘
10:34:45	58.08	--	9	52272	卖盘
10:34:42	58.08	--	2	11616	卖盘
10:34:39	58.08	--	11	63888	卖盘
10:34:33	58.08	--	18	104544	买盘
10:34:27	58.08	--	15	87120	卖盘
10:34:24	58.08	--	1	5808	卖盘
10:34:21	58.08	--	1	5808	卖盘
10:34:18	58.08	-0.01	41	238128	卖盘
10:34:15	58.09	0.01	1	5809	买盘
10:34:12	58.08	-0.02	1	5808	卖盘
10:34:09	58.1	0.01	67	389270	买盘
10:34:06	58.09	--	15	87135	买盘
10:34:00	58.09	--	1	5809	买盘
10:33:57	58.09	0.01	4	23236	买盘
10:33:48	58.08	--	10	58080	卖盘
10:33:45	58.08	-0.01	2	11616	卖盘
10:33:42	58.09	0.01	7	40663	买盘
10:33:39	58.08	--	3	17424	卖盘
10:33:33	58.08	--	1	5808	卖盘
10:33:30	58.08	--	2	11616	卖盘
10:33:27	58.08	--	20	116160	卖盘
10:33:24	58.08	--	5	29040	卖盘
10:33:21	58.08	--	5	29040	卖盘
10:33:18	58.08	-0.01	9	52272	卖盘
10:33:12	58.09	--	21	121989	买盘
10:33:06	58.09	-0.01	4	23236	卖盘
10:33:03	58.1	--	5	29050	买盘
10:33:00	58.1	0.01	2	11620	买盘
10:32:57	58.09	--	13	75517	卖盘
10:32:54	58.09	--	1	5809	卖盘
10:32:51	58.09	0.01	16	92944	买盘
10:32:48	58.08	--	26	151008	卖盘
10:32:45	58.08	-0.01	2	11616	卖盘
10:32:36	58.09	0.01	10	58090	买盘
10:32:33	58.08	-0.01	1	5808	卖盘
10:32:27	58.09	-0.01	8	46472	卖盘
10:32:24	58.1	0.01	8	46480	买盘
10:32:21	58.09	-0.01	14	81326	卖盘
10:32:18	58.1	--	10	58100	卖盘
10:32:15	58.1	--	1	5810	卖盘
10:32:12	58.1	0.01	1	5810	卖盘
10:32:06	58.09	-0.01	8	46472	卖盘
10:31:57	58.1	0.01	10	58100	中性盘
10:31:54	58.09	-0.01	5	29045	卖盘
10:31:51	58.1	0.01	1	5810	买盘
10:31:48	58.09	--	9	52281	卖盘
10:31:45	58.09	-0.01	5	29045	卖盘
10:31:42	58.1	--	4	23240	卖盘
10:31:33	58.1	0.01	1	5810	中性盘
10:31:18	58.09	--	11	63899	卖盘
10:30:57	58.09	-0.01	80	464720	卖盘
10:30:48	58.1	-0.04	10	58100	卖盘
10:30:45	58.14	0.02	40	232560	买盘
10:30:33	58.12	-0.02	181	1051972	卖盘
10:30:30	58.14	--	41	238374	卖盘
10:30:27	58.14	--	3	17442	买盘
10:30:24	58.14	--	2	11628	买盘
10:30:21	58.14	0.01	10	58140	买盘
10:30:18	58.13	--	16	93008	卖盘
10:30:06	58.13	-0.01	200	1162600	卖盘
10:29:48	58.14	--	13	75582	卖盘
10:29:45	58.14	--	1	5814	卖盘
10:29:39	58.14	-0.01	16	93024	卖盘
10:29:36	58.15	--	4	23260	卖盘
10:29:24	58.15	-0.03	1	5815	卖盘
10:29:21	58.18	--	4	23272	买盘
10:29:18	58.18	--	10	58180	买盘
10:29:15	58.18	-0.01	29	168722	卖盘
10:29:12	58.19	--	8	46552	买盘
10:29:06	58.19	--	1	5819	买盘
10:29:00	58.19	0.01	2	11638	买盘
10:28:54	58.18	0.04	21	122178	买盘
10:28:51	58.14	-0.01	2	11628	卖盘
10:28:48	58.15	--	11	63965	买盘
10:28:45	58.15	--	1	5815	买盘
10:28:39	58.15	--	2	11630	买盘
10:28:24	58.15	-0.01	3	17445	买盘
10:28:21	58.16	--	1	5816	卖盘
10:28:18	58.16	--	39	226824	买盘
10:28:12	58.16	--	10	58160	买盘
10:28:09	58.16	--	3	17448	买盘
10:28:06	58.16	0.02	6	34896	买盘
10:27:54	58.14	-0.02	14	81396	卖盘
10:27:51	58.16	0.01	29	168664	买盘
10:27:48	58.15	-0.01	2	11630	卖盘
10:27:45	58.16	0.02	5	29080	买盘
10:27:36	58.14	-0.02	5	29070	卖盘
10:27:33	58.16	0.01	19	110504	买盘
10:27:27	58.15	--	2	11630	买盘
10:27:18	58.15	--	2	11630	卖盘
10:27:15	58.15	0.01	10	58150	卖盘
10:27:12	58.14	-0.01	4	23256	卖盘
10:27:06	58.15	--	14	81410	买盘
10:27:03	58.15	0.01	2	11630	买盘
10:26:54	58.14	-0.01	52	302328	中性盘
10:26:51	58.15	0.01	7	40705	买盘
10:26:48	58.14	--	4	23256	中性盘
10:26:45	58.14	-0.01	15	87210	卖盘
10:26:42	58.15	--	12	69780	买盘
10:26:33	58.15	--	1	5815	买盘
10:26:27	58.15	0.01	1	5815	买盘
10:26:18	58.14	0.01	28	162792	买盘
10:26:15	58.13	--	9	52317	买盘
10:26:12	58.13	--	1	5813	中性盘
10:26:09	58.13	-0.01	14	81382	卖盘
10:25:57	58.14	-0.01	7	40698	中性盘
10:25:48	58.15	-0.01	5	29075	卖盘
10:25:45	58.16	0.01	9	52344	买盘
10:25:42	58.15	--	1	5815	卖盘
10:25:39	58.15	--	9	52335	买盘
10:25:36	58.15	--	42	244230	买盘
10:25:33	58.15	-0.01	2	11630	卖盘
10:25:27	58.16	0.04	3	17448	买盘
10:25:18	58.12	-0.04	10	58120	卖盘
10:25:12	58.16	0.01	64	372224	买盘
10:25:09	58.15	--	2	11630	买盘
10:25:06	58.15	0.03	12	69780	买盘
10:25:03	58.12	-0.03	12	69744	卖盘
10:24:51	58.15	0.05	11	63965	买盘
10:24:48	58.1	--	13	75530	买盘
10:24:45	58.1	--	1	5810	买盘
10:24:42	58.1	--	2	11620	买盘
10:24:39	58.1	--	3	17430	中性盘
10:24:33	58.1	--	33	191730	卖盘
10:24:21	58.1	--	1	5810	卖盘
10:24:18	58.1	-0.05	12	69720	卖盘
10:24:12	58.15	0.06	1	5815	买盘
10:24:06	58.09	-0.01	35	203315	卖盘
10:24:00	58.1	--	11	63910	卖盘
10:23:48	58.1	-0.06	14	81340	卖盘
10:23:42	58.16	0.07	30	174480	买盘
10:23:36	58.09	--	16	92944	卖盘
10:23:30	58.09	-0.01	24	139416	卖盘
10:23:24	58.1	--	2	11620	买盘
10:23:21	58.1	--	2	11620	买盘
10:23:18	58.1	--	1	5810	中性盘
10:23:15	58.1	0.01	10	58100	卖盘
10:23:09	58.09	-0.07	3	17427	卖盘
10:23:06	58.16	0.07	37	215192	买盘
10:22:57	58.09	--	2	11618	卖盘
10:22:48	58.09	0.01	195	1133219	买盘
10:22:45	58.08	--	4	23232	卖盘
10:22:42	58.08	-0.01	14	81312	卖盘
10:22:27	58.09	0.03	5	29045	买盘
10:22:24	58.06	-0.01	33	192585	卖盘
10:22:18	58.07	--	1	5807	卖盘
10:22:15	58.07	-0.01	14	81298	卖盘
10:22:12	58.08	--	3	17424	买盘
10:22:09	58.08	-0.01	81	475268	卖盘
10:22:06	58.09	--	32	185888	买盘
10:22:03	58.09	-0.04	69	406165	卖盘
10:22:00	58.13	-0.02	2	11626	买盘
10:21:54	58.15	--	4	23260	卖盘
10:21:51	58.15	-0.01	2	11630	卖盘
10:21:48	58.16	0.03	10	58160	买盘
10:21:45	58.13	0.02	2	11626	卖盘
10:21:36	58.11	-0.01	15	87165	卖盘
10:21:30	58.12	--	42	244568	买盘
10:21:27	58.12	0.02	23	133676	买盘
10:21:21	58.1	--	7	40670	卖盘
10:21:15	58.1	-0.01	10	58100	卖盘
10:21:12	58.11	--	1	5811	买盘
10:21:06	58.11	-0.01	2	11622	中性盘
10:21:00	58.12	--	1	5812	买盘
10:20:51	58.12	0.04	15	87180	买盘
10:20:45	58.08	-0.03	15	87120	卖盘
10:20:42	58.11	0.02	31	180141	买盘
10:20:36	58.09	-0.01	6	34854	卖盘
10:20:33	58.1	-0.01	4	23240	卖盘
10:20:30	58.11	0.02	14	81354	买盘
10:20:24	58.09	-0.02	2	11618	卖盘
10:20:18	58.11	0.02	2	11622	买盘
10:20:15	58.09	-0.01	10	58090	卖盘
10:20:12	58.1	--	2	11620	买盘
10:20:06	58.1	-0.02	0	3021	卖盘
10:20:00	58.12	0.02	2	11624	买盘
10:19:57	58.1	-0.01	22	127820	卖盘
10:19:51	58.11	0.01	2	11622	买盘
10:19:48	58.1	--	1	5810	卖盘
10:19:45	58.1	--	9	52290	卖盘
10:19:42	58.1	--	2	11620	卖盘
10:19:39	58.1	--	3	20218	买盘
10:19:36	58.1	--	1	5810	买盘
10:19:30	58.1	--	10	58100	买盘
10:19:27	58.1	0.01	3	17430	买盘
10:19:24	58.09	--	2	11618	买盘
10:19:21	58.09	--	13	75517	卖盘
10:19:18	58.09	--	35	203315	卖盘
10:19:15	58.09	--	29	168461	卖盘
10:19:12	58.09	-0.01	29	168461	卖盘
10:19:09	58.1	0.01	1	5810	买盘
10:19:06	58.09	-0.01	20	116180	卖盘
10:19:03	58.1	0.01	1	5810	买盘
10:19:00	58.09	-0.01	15	87135	卖盘
10:18:54	58.1	--	1	8134	卖盘
10:18:48	58.1	-0.01	2	11620	卖盘
10:18:45	58.11	--	16	92976	买盘
10:18:42	58.11	--	6	34866	买盘
10:18:39	58.11	0.01	9	52299	买盘
10:18:36	58.1	-0.01	21	126658	卖盘
10:18:30	58.11	0.01	4	23244	买盘
10:18:27	58.1	-0.01	13	80178	卖盘
10:18:24	58.11	--	12	69732	卖盘
10:18:15	58.11	--	6	34866	卖盘
10:18:12	58.11	--	15	87165	卖盘
10:18:09	58.11	-0.01	1	5811	卖盘
10:18:06	58.12	--	12	69744	买盘
10:18:03	58.12	--	8	46496	买盘
10:18:00	58.12	--	1	5812	买盘
10:17:57	58.12	--	2	11624	买盘
10:17:54	58.12	--	5	29060	买盘
10:17:51	58.12	-0.03	6	34872	卖盘
10:17:48	58.15	--	4	23260	买盘
10:17:45	58.15	0.01	12	69780	买盘
10:17:42	58.14	-0.01	5	29070	卖盘
10:17:39	58.15	--	5	29075	买盘
10:17:36	58.15	0.01	4	23260	买盘
10:17:33	58.14	--	4	23256	卖盘
10:17:27	58.14	--	10	58140	买盘
10:17:21	58.14	--	2	11628	买盘
10:17:15	58.14	0.01	6	34884	买盘
10:17:12	58.13	--	3	17439	卖盘
10:17:09	58.13	-0.01	2	11626	中性盘
10:16:54	58.14	0.06	110	639540	买盘
10:16:51	58.08	-0.02	128	744411	卖盘
10:16:48	58.1	-0.02	3	17430	卖盘
10:16:45	58.12	0.02	5	29060	买盘
10:16:42	58.1	-0.02	14	81340	卖盘
10:16:39	58.12	--	4	23248	买盘
10:16:36	58.12	--	10	58120	买盘
10:16:33	58.12	--	17	98804	买盘
10:16:21	58.12	--	1	5812	买盘
10:16:18	58.12	0.03	1	5812	买盘
10:16:15	58.09	-0.01	16	92944	卖盘
10:16:09	58.1	--	41	238210	买盘
10:16:03	58.1	--	10	58100	买盘
10:15:57	58.1	--	5	29050	买盘
10:15:54	58.1	--	8	46480	买盘
10:15:51	58.1	--	10	58100	买盘
10:15:48	58.1	0.02	5	29050	买盘
10:15:45	58.08	--	21	121968	卖盘
10:15:42	58.08	-0.02	76	441408	卖盘
10:15:39	58.1	0.02	3	17430	买盘
10:15:30	58.08	0.01	19	110352	买盘
10:15:24	58.07	-0.01	6	34842	卖盘
10:15:21	58.08	--	19	110352	买盘
10:15:18	58.08	0.01	4	23232	买盘
10:15:15	58.07	--	3	17421	卖盘
10:15:12	58.07	0.01	1	5807	中性盘
10:15:06	58.06	--	3	17418	卖盘
10:15:00	58.06	0.01	2	11612	卖盘
10:14:57	58.05	--	52	301860	卖盘
10:14:54	58.05	-0.02	30	174150	卖盘
10:14:51	58.07	--	1	5807	买盘
10:14:48	58.07	--	4	23228	买盘
10:14:45	58.07	0.01	18	104526	买盘
10:14:42	58.06	--	7	40642	买盘
10:14:39	58.06	-0.01	33	191598	卖盘
10:14:36	58.07	--	9	52263	买盘
10:14:33	58.07	--	14	81298	买盘
10:14:30	58.07	--	5	29035	买盘
10:14:27	58.07	-0.01	22	127754	卖盘
10:14:24	58.08	0.01	25	145200	买盘
10:14:18	58.07	--	7	40649	买盘
10:14:15	58.07	--	17	98719	买盘
10:14:06	58.07	0.01	12	69684	买盘
10:14:03	58.06	-0.01	9	52254	卖盘
10:13:57	58.07	--	4	23228	买盘
10:13:54	58.07	0.01	5	29035	买盘
10:13:51	58.06	-0.01	21	121926	卖盘
10:13:48	58.07	0.01	13	75491	买盘
10:13:42	58.06	--	3	17418	卖盘
10:13:33	58.06	--	16	92896	买盘
10:13:27	58.06	--	35	203210	买盘
10:13:24	58.06	0.01	12	72575	买盘
10:13:21	58.05	-0.01	55	319275	卖盘
10:13:18	58.06	--	3	17418	买盘
10:13:15	58.06	--	4	23224	买盘
10:13:09	58.06	--	4	23224	买盘
10:13:06	58.06	--	38	220628	卖盘
10:13:03	58.06	-0.01	28	162568	卖盘
10:13:00	58.07	--	23	133561	买盘
10:12:57	58.07	--	9	52263	买盘
10:12:48	58.07	0.01	3	17421	买盘
10:12:42	58.06	0.01	27	156762	买盘
10:12:39	58.05	-0.01	20	116100	卖盘
10:12:36	58.06	0.01	8	46448	买盘
10:12:33	58.05	--	1	5805	卖盘
10:12:30	58.05	-0.01	4	23220	卖盘
10:12:27	58.06	0.01	40	232240	买盘
10:12:24	58.05	--	64	376744	买盘
10:12:21	58.05	--	6	34830	买盘
10:12:18	58.05	--	39	226395	买盘
10:12:15	58.05	--	21	121905	买盘
10:12:12	58.05	0.01	1	5805	买盘
10:12:09	58.04	-0.01	76	441104	卖盘
10:12:00	58.05	0.01	5	29025	买盘
10:11:57	58.04	0.02	19	110276	买盘
10:11:54	58.02	0.01	13	75426	卖盘
10:11:51	58.01	-0.03	10	58010	卖盘
10:11:45	58.04	0.04	99	574596	买盘
10:11:39	58.0	-0.03	34	197200	卖盘
10:11:36	58.03	--	2	11606	买盘
10:11:30	58.03	--	5	29015	买盘
10:11:27	58.03	0.02	3	17409	买盘
10:11:24	58.01	-0.03	11	63811	卖盘
10:11:21	58.04	0.01	1	5804	买盘
10:11:18	58.03	0.03	11	63833	买盘
10:11:15	58.0	-0.03	40	232000	卖盘
10:11:12	58.03	0.03	4	23212	卖盘
10:11:09	58.0	-0.04	522	3027600	卖盘
10:11:06	58.04	0.03	14	81256	买盘
10:11:03	58.01	-0.02	30	174030	卖盘
10:11:00	58.03	--	5	29015	买盘
10:10:57	58.03	--	1	5803	买盘
10:10:54	58.03	--	2	11606	买盘
10:10:51	58.03	0.02	10	58030	中性盘
10:10:48	58.01	-0.01	33	191433	卖盘
10:10:45	58.02	-0.03	16	92832	卖盘
10:10:42	58.05	--	17	98685	买盘
10:10:39	58.05	--	3	17415	买盘
10:10:36	58.05	0.04	5	29025	买盘
10:10:33	58.01	-0.04	650	3770650	卖盘
10:10:30	58.05	--	14	81270	买盘
10:10:27	58.05	-0.01	251	1457055	卖盘
10:10:24	58.06	--	31	179986	买盘
10:10:18	58.06	--	3	17418	买盘
10:10:15	58.06	--	11	63866	买盘
10:10:12	58.06	--	10	58060	买盘
10:10:09	58.06	0.01	14	81284	买盘
10:10:06	58.05	-0.01	5	29025	卖盘
10:10:03	58.06	--	24	139344	买盘
10:10:00	58.06	--	27	156762	买盘
10:09:57	58.06	--	15	87090	买盘
10:09:54	58.06	--	2	11612	买盘
10:09:51	58.06	--	16	92896	买盘
10:09:48	58.06	--	2	11612	买盘
10:09:45	58.06	--	6	34836	买盘
10:09:42	58.06	0.01	2	11612	买盘
10:09:39	58.05	-0.01	4	23220	卖盘
10:09:33	58.06	0.02	7	40642	买盘
10:09:30	58.04	-0.01	10	58040	卖盘
10:09:24	58.05	-0.01	3	17415	卖盘
10:09:21	58.06	0.03	1	5806	买盘
10:09:18	58.03	-0.03	5	29015	卖盘
10:09:15	58.06	0.03	2	11612	中性盘
10:09:12	58.03	-0.04	7	40621	卖盘
10:09:06	58.07	--	1	5807	买盘
10:09:00	58.07	0.04	110	638770	买盘
10:08:57	58.03	-0.04	11	63833	卖盘
10:08:54	58.07	0.04	1	5807	买盘
10:08:51	58.03	--	4	23212	买盘
10:08:48	58.03	--	2	11606	买盘
10:08:45	58.03	--	11	63833	买盘
10:08:42	58.03	--	3	17409	买盘
10:08:39	58.03	--	27	156681	买盘
10:08:36	58.03	--	3	17409	买盘
10:08:33	58.03	-0.04	147	853041	卖盘
10:08:30	58.07	--	78	452946	买盘
10:08:27	58.07	0.04	4	23228	买盘
10:08:24	58.03	-0.04	11	63833	卖盘
10:08:21	58.07	--	48	278736	买盘
10:08:18	58.07	0.04	3	17421	买盘
10:08:15	58.03	-0.04	8	46424	卖盘
10:08:12	58.07	0.04	11	63877	买盘
10:08:09	58.03	0.01	225	1311419	中性盘
10:08:06	58.02	-0.05	11	63822	卖盘
10:08:03	58.07	0.04	28	162596	买盘
10:07:57	58.03	0.01	1	5803	买盘
10:07:54	58.02	--	49	284298	卖盘
10:07:48	58.02	--	114	661428	买盘
10:07:45	58.02	--	10	58020	买盘
10:07:42	58.02	--	1	5802	买盘
10:07:39	58.02	0.01	65	381713	买盘
10:07:36	58.01	-0.01	6	34806	卖盘
10:07:33	58.02	-0.01	4	23208	卖盘
10:07:30	58.03	0.01	5	29015	买盘
10:07:27	58.02	--	6	34812	卖盘
10:07:24	58.02	--	1	5802	卖盘
10:07:21	58.02	--	44	255288	卖盘
10:07:18	58.02	0.01	15	87030	卖盘
10:07:12	58.01	-0.06	69	400269	卖盘
10:07:09	58.07	0.06	221	1283347	买盘
10:07:06	58.01	--	100	580100	卖盘
10:07:03	58.01	-0.01	63	365463	卖盘
10:07:00	58.02	--	19	110238	买盘
10:06:57	58.02	--	26	150852	买盘
10:06:54	58.02	--	26	150852	买盘
10:06:51	58.02	--	1	5802	买盘
10:06:48	58.02	-0.05	712	4131024	卖盘
10:06:45	58.07	--	5	29035	买盘
10:06:42	58.07	0.01	16	92912	买盘
10:06:39	58.06	-0.02	23	133538	卖盘
10:06:36	58.08	--	2	11616	买盘
10:06:33	58.08	--	6	34848	买盘
10:06:30	58.08	--	8	46464	买盘
10:06:27	58.08	--	35	203280	买盘
10:06:24	58.08	--	5	29040	买盘
10:06:21	58.08	--	8	46464	买盘
10:06:18	58.08	--	38	220704	卖盘
10:06:15	58.08	-0.01	7	40656	卖盘
10:06:09	58.09	--	15	87135	买盘
10:06:06	58.09	--	29	168461	买盘
10:06:03	58.09	--	5	29045	买盘
10:06:00	58.09	--	1	5809	买盘
10:05:57	58.09	--	1	5809	中性盘
10:05:54	58.09	0.01	31	180079	卖盘
10:05:51	58.08	-0.01	5	29040	卖盘
10:05:48	58.09	--	11	63899	买盘
10:05:45	58.09	--	14	81326	买盘
10:05:42	58.09	--	10	58090	买盘
10:05:39	58.09	0.01	1	5809	买盘
10:05:36	58.08	-0.01	25	145200	卖盘
10:05:33	58.09	-0.01	3	17427	中性盘
10:05:24	58.1	0.02	14	81340	买盘
10:05:21	58.08	-0.02	8	46464	中性盘
10:05:18	58.1	0.02	29	168490	买盘
10:05:15	58.08	--	17	98736	卖盘
10:05:12	58.08	-0.02	5	29040	卖盘
10:05:09	58.1	0.01	6	34860	买盘
10:05:06	58.09	0.01	7	40663	中性盘
10:05:03	58.08	--	36	209088	卖盘
10:05:00	58.08	-0.01	24	139392	卖盘
10:04:57	58.09	0.01	8	46472	买盘
10:04:54	58.08	-0.02	6	34848	卖盘
10:04:51	58.1	0.02	11	63910	买盘
10:04:48	58.08	-0.02	5	29040	卖盘
10:04:45	58.1	--	14	81340	买盘
10:04:42	58.1	--	1	5810	买盘
10:04:39	58.1	0.01	16	92960	买盘
10:04:36	58.09	0.01	32	185888	中性盘
10:04:33	58.08	--	7	40656	卖盘
10:04:30	58.08	--	4	23232	买盘
10:04:27	58.08	--	5	29040	买盘
10:04:24	58.08	--	39	226512	买盘
10:04:21	58.08	0.01	35	203280	买盘
10:04:18	58.07	-0.01	14	81298	卖盘
10:04:15	58.08	--	8	46464	买盘
10:04:12	58.08	--	19	110352	买盘
10:04:09	58.08	--	27	156816	买盘
10:04:06	58.08	--	8	46464	买盘
10:04:03	58.08	--	2	11616	买盘
10:04:00	58.08	-0.01	136	789888	卖盘
10:03:57	58.09	0.01	2	11618	买盘
10:03:54	58.08	--	52	302016	卖盘
10:03:51	58.08	--	39	226512	卖盘
10:03:48	58.08	--	39	226512	卖盘
10:03:45	58.08	0.01	129	749232	买盘
10:03:42	58.07	--	15	87105	买盘
10:03:39	58.07	0.01	67	389069	买盘
10:03:33	58.06	--	7	40642	卖盘
10:03:30	58.06	--	26	150956	买盘
10:03:27	58.06	0.01	25	145150	买盘
10:03:24	58.05	-0.01	35	203175	卖盘
10:03:21	58.06	--	6	34836	买盘
10:03:18	58.06	--	28	162568	买盘
10:03:15	58.06	--	7	40642	买盘
10:03:12	58.06	--	7	40642	买盘
10:03:09	58.06	0.02	6	34836	中性盘
10:03:06	58.04	-0.02	204	1184016	卖盘
10:03:00	58.06	-0.02	62	359972	卖盘
10:02:57	58.08	0.02	21	121968	买盘
10:02:54	58.06	-0.02	245	1422470	卖盘
10:02:51	58.08	--	3	17424	买盘
10:02:48	58.08	--	24	139392	买盘
10:02:45	58.08	-0.01	241	1399728	卖盘
10:02:42	58.09	-0.02	19	110371	卖盘
10:02:39	58.11	0.01	25	145275	买盘
10:02:36	58.1	--	55	319550	卖盘
10:02:33	58.1	0.01	15	87150	买盘
10:02:30	58.09	-0.01	18	104562	卖盘
10:02:27	58.1	--	1	5810	中性盘
10:02:21	58.1	--	35	203350	买盘
10:02:18	58.1	--	17	98770	卖盘
10:02:15	58.1	--	23	133630	买盘
10:02:12	58.1	--	20	116200	买盘
10:02:09	58.1	--	1	5810	买盘
10:02:06	58.1	0.01	10	58100	买盘
10:02:03	58.09	-0.01	3	17427	卖盘
10:02:00	58.1	0.01	3	17430	中性盘
10:01:57	58.09	-0.01	89	517001	卖盘
10:01:54	58.1	--	10	58100	卖盘
10:01:51	58.1	0.01	77	447370	买盘
10:01:48	58.09	--	8	46472	买盘
10:01:45	58.09	--	31	180079	卖盘
10:01:42	58.09	-0.01	10	58090	卖盘
10:01:39	58.1	--	2	11620	买盘
10:01:36	58.1	--	152	883120	卖盘
10:01:33	58.1	-0.06	26	151060	卖盘
10:01:30	58.16	--	1	5816	卖盘
10:01:27	58.16	--	2	11632	卖盘
10:01:24	58.16	0.06	207	1203912	买盘
10:01:21	58.1	--	1	5810	买盘
10:01:18	58.1	--	1	5810	买盘
10:01:15	58.1	-0.07	9	52290	卖盘
10:01:09	58.17	0.09	4	23268	买盘
10:01:06	58.08	-0.09	100	580800	卖盘
10:01:03	58.17	-0.01	3	17451	中性盘
10:01:00	58.18	--	7	40726	买盘
10:00:54	58.18	-0.02	2	11636	买盘
10:00:51	58.2	0.09	12	69840	买盘
10:00:48	58.11	-0.09	590	3428490	卖盘
10:00:45	58.2	0.01	62	360840	买盘
10:00:42	58.19	-0.01	16	93104	卖盘
10:00:39	58.2	--	38	221160	买盘
10:00:27	58.2	-0.01	28	162960	卖盘
10:00:21	58.21	0.01	13	75673	买盘
10:00:18	58.2	--	41	238620	卖盘
10:00:15	58.2	--	2	11640	卖盘
10:00:12	58.2	-0.01	26	151320	卖盘
10:00:06	58.21	--	72	419112	卖盘
10:00:03	58.21	--	9	52389	卖盘
09:59:57	58.21	-0.04	40	232840	卖盘
09:59:54	58.25	0.01	2	11650	买盘
09:59:51	58.24	-0.01	120	698880	中性盘
09:59:48	58.25	0.01	82	477650	买盘
09:59:42	58.24	-0.01	13	75712	卖盘
09:59:33	58.25	--	1	5825	买盘
09:59:30	58.25	--	1	5825	买盘
09:59:27	58.25	-0.01	14	85103	卖盘
09:59:21	58.26	0.01	138	803988	买盘
09:59:18	58.25	--	4	23300	卖盘
09:59:15	58.25	-0.01	45	262125	卖盘
09:59:12	58.26	0.01	16	93216	买盘
09:59:09	58.25	--	2	11650	卖盘
09:59:06	58.25	-0.01	32	186400	卖盘
09:59:03	58.26	-0.01	139	809814	卖盘
09:58:54	58.27	--	20	116540	卖盘
09:58:51	58.27	-0.03	2	11654	卖盘
09:58:48	58.3	0.04	405	2361150	买盘
09:58:42	58.26	--	1	5826	卖盘
09:58:39	58.26	--	6	34956	卖盘
09:58:36	58.26	--	8	46608	卖盘
09:58:33	58.26	-0.01	3	17478	卖盘
09:58:30	58.27	0.01	2	11654	中性盘
09:58:27	58.26	-0.02	108	629208	卖盘
09:58:24	58.28	0.01	6	34968	买盘
09:58:21	58.27	-0.01	6	34962	卖盘
09:58:18	58.28	--	40	233120	买盘
09:58:15	58.28	--	16	93248	买盘
09:58:12	58.28	-0.01	164	955792	卖盘
09:58:09	58.29	--	2	11658	卖盘
09:58:06	58.29	-0.01	11	64119	卖盘
09:58:03	58.3	--	1	5830	买盘
09:58:00	58.3	0.01	5	29150	买盘
09:57:57	58.29	-0.01	30	174870	卖盘
09:57:54	58.3	--	1	5830	买盘
09:57:51	58.3	0.01	9	52470	买盘
09:57:48	58.29	--	6	34974	卖盘
09:57:45	58.29	-0.01	16	93264	卖盘
09:57:42	58.3	--	1	5830	买盘
09:57:39	58.3	0.02	1	5830	买盘
09:57:33	58.28	-0.02	6	34968	卖盘
09:57:30	58.3	--	39	227370	买盘
09:57:27	58.3	--	5	29150	买盘
09:57:24	58.3	--	153	896071	卖盘
09:57:21	58.3	-0.03	1	5830	卖盘
09:57:18	58.33	0.03	1	5833	买盘
09:57:15	58.3	--	4	23320	卖盘
09:57:12	58.3	--	35	204050	卖盘
09:57:09	58.3	-0.03	5	29150	卖盘
09:57:06	58.33	0.03	7	40831	买盘
09:57:03	58.3	--	12	69960	卖盘
09:56:54	58.3	--	7	40810	卖盘
09:56:51	58.3	--	2	11660	卖盘
09:56:48	58.3	0.04	9	54219	买盘
09:56:45	58.26	-0.05	2	11652	卖盘
09:56:42	58.31	0.01	52	303212	买盘
09:56:36	58.3	--	1	5830	买盘
09:56:30	58.3	--	1	5830	买盘
09:56:27	58.3	0.05	3	17490	买盘
09:56:24	58.25	--	1	5825	卖盘
09:56:21	58.25	--	30	174750	卖盘
09:56:18	58.25	-0.05	141	821325	卖盘
09:56:15	58.3	-0.01	25	145750	卖盘
09:56:12	58.31	0.01	19	110789	买盘
09:56:06	58.3	--	29	169070	卖盘
09:56:03	58.3	--	45	262350	卖盘
09:56:00	58.3	0.03	103	600490	卖盘
09:55:57	58.27	0.01	1	5827	中性盘
09:55:54	58.26	-0.02	25	145650	卖盘
09:55:51	58.28	-0.03	5	29140	中性盘
09:55:48	58.31	0.01	31	180761	买盘
09:55:45	58.3	--	6	34980	卖盘
09:55:42	58.3	--	9	52470	卖盘
09:55:39	58.3	-0.01	5	29150	卖盘
09:55:36	58.31	0.01	44	256564	买盘
09:55:30	58.3	--	3	17490	卖盘
09:55:27	58.3	-0.01	2	11660	卖盘
09:55:24	58.31	--	1	5831	买盘
09:55:21	58.31	--	114	664734	卖盘
09:55:18	58.31	--	61	355691	卖盘
09:55:15	58.31	--	2	11662	卖盘
09:55:09	58.31	-0.02	12	69972	卖盘
09:55:06	58.33	--	16	93328	卖盘
09:55:00	58.33	-0.02	4	23332	卖盘
09:54:57	58.35	0.02	9	52515	买盘
09:54:54	58.33	--	5	29165	卖盘
09:54:51	58.33	--	15	87495	卖盘
09:54:45	58.33	--	26	151658	卖盘
09:54:42	58.33	--	20	116660	卖盘
09:54:39	58.33	0.03	18	104994	买盘
09:54:36	58.3	-0.03	15	87450	卖盘
09:54:33	58.33	0.03	2	11666	买盘
09:54:30	58.3	-0.01	19	110770	卖盘
09:54:27	58.31	-0.02	19	110789	卖盘
09:54:24	58.33	0.02	3	17499	买盘
09:54:21	58.31	-0.02	1	5831	卖盘
09:54:18	58.33	0.02	11	64163	买盘
09:54:15	58.31	--	81	472311	卖盘
09:54:12	58.31	--	19	110789	卖盘
09:54:09	58.31	0.01	1	5831	中性盘
09:54:06	58.3	--	84	489720	卖盘
09:54:03	58.3	--	26	151580	卖盘
09:54:00	58.3	-0.01	82	478060	卖盘
09:53:57	58.31	0.01	17	99127	买盘
09:53:54	58.3	0.04	1	5830	买盘
09:53:51	58.26	-0.05	26	151476	卖盘
09:53:48	58.31	0.01	2	11662	买盘
09:53:45	58.3	--	21	122430	卖盘
09:53:42	58.3	--	13	75790	卖盘
09:53:36	58.3	--	24	139920	买盘
09:53:33	58.3	0.02	14	81620	买盘
09:53:30	58.28	--	7	40796	卖盘
09:53:27	58.28	--	24	139872	卖盘
09:53:21	58.28	--	27	157356	卖盘
09:53:15	58.28	-0.05	55	320540	卖盘
09:53:12	58.33	0.02	28	163324	买盘
09:53:09	58.31	--	6	34986	卖盘
09:53:06	58.31	0.01	31	180761	卖盘
09:53:00	58.3	0.01	128	746240	买盘
09:52:57	58.29	--	5	29145	卖盘
09:52:51	58.29	--	3	17487	卖盘
09:52:45	58.29	-0.01	7	40803	卖盘
09:52:42	58.3	-0.03	166	967780	卖盘
09:52:36	58.33	0.03	11	64163	买盘
09:52:33	58.3	-0.02	20	116600	卖盘
09:52:30	58.32	0.04	47	274104	买盘
09:52:27	58.28	-0.02	165	963543	卖盘
09:52:24	58.3	0.01	27	157759	买盘
09:52:21	58.29	-0.01	17	99093	卖盘
09:52:18	58.3	0.01	1	5830	买盘
09:52:15	58.29	-0.01	55	320595	卖盘
09:52:12	58.3	--	8	46640	买盘
09:52:09	58.3	--	8	46640	卖盘
09:52:06	58.3	--	4	23320	卖盘
09:52:03	58.3	-0.01	1	5830	卖盘
09:52:00	58.31	--	9	52479	买盘
09:51:54	58.31	-0.01	110	641410	卖盘
09:51:51	58.32	--	11	64152	买盘
09:51:48	58.32	--	48	279936	卖盘
09:51:45	58.32	-0.01	7	40824	卖盘
09:51:42	58.33	--	18	104994	买盘
09:51:39	58.33	--	3	17499	买盘
09:51:36	58.33	-0.02	16	93328	卖盘
09:51:33	58.35	0.02	3	17505	买盘
09:51:30	58.33	-0.02	11	64163	卖盘
09:51:27	58.35	--	5	29175	买盘
09:51:24	58.35	-0.04	59	349749	卖盘
09:51:21	58.39	0.04	45	262755	买盘
09:51:15	58.35	-0.05	67	390945	卖盘
09:51:12	58.4	--	1	5840	买盘
09:51:09	58.4	-0.01	20	116800	卖盘
09:51:06	58.41	0.01	104	607464	买盘
09:51:03	58.4	--	5	29200	卖盘
09:51:00	58.4	-0.01	3	17520	卖盘
09:50:57	58.41	0.01	2	11682	买盘
09:50:54	58.4	--	81	473040	卖盘
09:50:45	58.4	0.03	3	17520	中性盘
09:50:42	58.37	-0.03	10	58370	卖盘
09:50:39	58.4	0.01	11	64590	买盘
09:50:36	58.39	--	27	157653	卖盘
09:50:33	58.39	--	8	46712	卖盘
09:50:30	58.39	-0.01	14	81746	卖盘
09:50:27	58.4	--	58	338720	买盘
09:50:24	58.4	--	10	58400	买盘
09:50:21	58.4	--	1	5840	买盘
09:50:18	58.4	0.01	2	11680	买盘
09:50:15	58.39	-0.01	15	87585	卖盘
09:50:09	58.4	--	3	17520	买盘
09:50:03	58.4	-0.01	26	151840	卖盘
09:50:00	58.41	--	1	5841	卖盘
09:49:57	58.41	0.01	14	81774	买盘
09:49:54	58.4	-0.01	11	64240	卖盘
09:49:48	58.41	0.01	13	75933	买盘
09:49:45	58.4	--	6	35040	卖盘
09:49:39	58.4	--	6	35040	卖盘
09:49:36	58.4	--	11	64240	卖盘
09:49:30	58.4	--	2	11680	卖盘
09:49:27	58.4	-0.04	7	40880	中性盘
09:49:21	58.44	0.04	20	116880	买盘
09:49:18	58.4	--	6	35040	卖盘
09:49:12	58.4	--	20	116800	卖盘
09:49:06	58.4	-0.01	51	297840	卖盘
09:49:00	58.41	-0.04	10	58410	卖盘
09:48:54	58.45	--	16	93520	买盘
09:48:51	58.45	--	1	5845	买盘
09:48:48	58.45	-0.01	8	46760	卖盘
09:48:42	58.46	-0.04	3	17538	买盘
09:48:39	58.5	--	31	181350	卖盘
09:48:36	58.5	0.07	219	1281150	买盘
09:48:33	58.43	-0.02	4	23372	中性盘
09:48:27	58.45	--	8	46760	卖盘
09:48:24	58.45	-0.01	22	128590	卖盘
09:48:21	58.46	0.01	7	40922	买盘
09:48:18	58.45	0.04	2	11690	买盘
09:48:15	58.41	-0.04	14	81774	卖盘
09:48:12	58.45	--	5	29225	买盘
09:48:06	58.45	--	3	17535	买盘
09:48:03	58.45	-0.02	20	116900	中性盘
09:47:57	58.47	0.02	6	35082	买盘
09:47:54	58.45	-0.02	25	146125	卖盘
09:47:51	58.47	--	10	58470	卖盘
09:47:48	58.47	0.02	8	46776	卖盘
09:47:42	58.45	--	4	23380	卖盘
09:47:39	58.45	--	193	1128085	卖盘
09:47:36	58.45	--	7	40915	卖盘
09:47:33	58.45	--	6	35070	卖盘
09:47:30	58.45	-0.02	21	122745	卖盘
09:47:27	58.47	0.02	2	11694	买盘
09:47:21	58.45	0.02	26	151970	买盘
09:47:18	58.43	--	27	157761	卖盘
09:47:15	58.43	-0.02	21	122703	卖盘
09:47:12	58.45	--	4	23380	买盘
09:47:09	58.45	--	2	11690	买盘
09:47:06	58.45	-0.03	1	5845	中性盘
09:47:03	58.48	0.08	3	17544	买盘
09:46:57	58.4	0.01	35	204400	卖盘
09:46:51	58.39	-0.01	49	286111	卖盘
09:46:48	58.4	0.01	5	32236	买盘
09:46:42	58.39	-0.01	17	99263	卖盘
09:46:39	58.4	--	4	23360	买盘
09:46:36	58.4	0.01	55	321200	买盘
09:46:33	58.39	0.02	23	134297	买盘
09:46:30	58.37	--	20	116740	卖盘
09:46:27	58.37	-0.02	1	5837	中性盘
09:46:24	58.39	0.03	26	151814	买盘
09:46:21	58.36	-0.01	9	52524	中性盘
09:46:18	58.37	0.01	21	122577	买盘
09:46:15	58.36	--	9	52524	卖盘
09:46:12	58.36	--	1	5836	卖盘
09:46:09	58.36	0.03	12	70032	买盘
09:46:06	58.33	-0.02	5	29165	卖盘
09:46:03	58.35	0.04	1	5835	买盘
09:46:00	58.31	-0.01	13	75803	卖盘
09:45:51	58.32	--	2	11664	买盘
09:45:48	58.32	--	7	40824	买盘
09:45:45	58.32	--	12	69984	买盘
09:45:42	58.32	0.01	11	64152	买盘
09:45:39	58.31	-0.01	17	99127	卖盘
09:45:36	58.32	0.02	50	291600	买盘
09:45:33	58.3	0.01	5	29150	中性盘
09:45:30	58.29	-0.01	35	204015	卖盘
09:45:27	58.3	--	12	69960	买盘
09:45:24	58.3	--	2	11660	买盘
09:45:21	58.3	--	65	378950	买盘
09:45:18	58.3	--	21	122430	买盘
09:45:15	58.3	-0.01	156	909480	卖盘
09:45:12	58.31	--	6	34986	买盘
09:45:09	58.31	0.01	13	75803	买盘
09:45:00	58.3	0.01	106	617980	买盘
09:44:57	58.29	--	91	530439	卖盘
09:44:54	58.29	-0.01	5	29145	卖盘
09:44:51	58.3	0.01	1	5830	买盘
09:44:45	58.29	-0.01	10	58290	中性盘
09:44:42	58.3	0.03	31	180730	买盘
09:44:39	58.27	-0.03	1	5827	卖盘
09:44:36	58.3	--	16	93280	买盘
09:44:33	58.3	0.03	6	34980	买盘
09:44:30	58.27	--	29	168983	卖盘
09:44:27	58.27	-0.03	4	23308	卖盘
09:44:24	58.3	--	1	5830	买盘
09:44:21	58.3	--	27	157410	买盘
09:44:18	58.3	0.04	5	29150	买盘
09:44:15	58.26	-0.04	12	69912	卖盘
09:44:12	58.3	--	7	40810	买盘
09:44:09	58.3	--	10	58300	买盘
09:44:06	58.3	--	6	34980	买盘
09:44:03	58.3	0.04	2	11660	买盘
09:44:00	58.26	-0.04	1	5826	中性盘
09:43:54	58.3	0.08	52	303160	买盘
09:43:51	58.22	--	15	87330	买盘
09:43:48	58.22	-0.01	72	419184	卖盘
09:43:45	58.23	0.01	12	69876	卖盘
09:43:42	58.22	-0.01	134	780148	卖盘
09:43:36	58.23	--	23	133929	买盘
09:43:33	58.23	--	2	11646	买盘
09:43:30	58.23	0.01	7	40761	买盘
09:43:27	58.22	--	59	343498	卖盘
09:43:24	58.22	-0.01	5	29110	卖盘
09:43:21	58.23	0.01	10	58230	买盘
09:43:18	58.22	--	10	58220	买盘
09:43:15	58.22	0.02	22	128084	买盘
09:43:12	58.2	--	131	762420	卖盘
09:43:09	58.2	--	3	17460	卖盘
09:43:06	58.2	0.01	16	96728	买盘
09:43:03	58.19	-0.01	21	122199	卖盘
09:43:00	58.2	0.01	40	232800	买盘
09:42:57	58.19	--	5	29095	卖盘
09:42:54	58.19	0.01	42	244398	中性盘
09:42:51	58.18	-0.01	66	383988	卖盘
09:42:48	58.19	0.01	19	110561	买盘
09:42:45	58.18	-0.01	22	127996	卖盘
09:42:42	58.19	0.01	23	133837	买盘
09:42:39	58.18	--	5	29090	卖盘
09:42:33	58.18	-0.01	95	552710	卖盘
09:42:30	58.19	0.01	45	261855	买盘
09:42:27	58.18	0.01	9	52362	买盘
09:42:24	58.17	-0.01	130	756210	卖盘
09:42:21	58.18	0.01	28	162904	买盘
09:42:18	58.17	--	36	209412	卖盘
09:42:15	58.17	--	113	657321	卖盘
09:42:12	58.17	--	50	290850	买盘
09:42:09	58.17	--	6	34902	买盘
09:42:06	58.17	--	12	69804	买盘
09:42:03	58.17	--	56	325752	卖盘
09:42:00	58.17	-0.01	22	127974	卖盘
09:41:57	58.18	0.01	58	337444	买盘
09:41:54	58.17	--	2	11634	卖盘
09:41:51	58.17	--	1	5817	中性盘
