成交时间	成交价	价格变动	成交量(手)	成交额(元)	性质
15:00:03	51.24	-0.02	238	1219512	卖盘
14:57:03	51.26	--	20	102520	买盘
14:56:57	51.26	0.02	4	20504	买盘
14:56:54	51.24	-0.02	1	5124	卖盘
14:56:51	51.26	--	2	10252	买盘
14:56:45	51.26	--	8	41008	买盘
14:56:39	51.26	-0.03	32	164032	卖盘
14:56:36	51.29	--	2	10258	买盘
14:56:33	51.29	--	1	5129	买盘
14:56:30	51.29	0.03	1	5129	中性盘
14:56:27	51.26	-0.04	7	35882	卖盘
14:56:24	51.3	--	6	30780	买盘
14:56:21	51.3	--	2	10260	买盘
14:56:15	51.3	-0.05	2	10260	买盘
14:56:12	51.35	0.05	34	174590	买盘
14:56:06	51.3	--	15	76950	买盘
14:56:00	51.3	-0.05	9	46170	卖盘
14:55:54	51.35	--	6	30810	买盘
14:55:45	51.35	-0.04	11	56485	卖盘
14:55:42	51.39	0.16	5	25695	中性盘
14:55:36	51.23	-0.15	90	461070	卖盘
14:55:33	51.38	0.08	1	5703	中性盘
14:55:21	51.3	-0.09	6	30780	卖盘
14:55:18	51.39	0.01	15	77085	买盘
14:55:15	51.38	0.03	14	71932	买盘
14:55:12	51.35	-0.01	7	35945	卖盘
14:55:09	51.36	0.01	2	10272	中性盘
14:55:00	51.35	--	4	20540	卖盘
14:54:51	51.35	--	21	107835	卖盘
14:54:48	51.35	-0.05	3	15405	卖盘
14:54:45	51.4	0.01	15	77100	买盘
14:54:36	51.39	0.04	2	10278	买盘
14:54:33	51.35	-0.05	9	46215	卖盘
14:54:27	51.4	--	14	71960	买盘
14:54:24	51.4	--	2	10280	买盘
14:54:09	51.4	--	1	5140	买盘
14:54:00	51.4	0.05	3	15420	买盘
14:53:57	51.35	-0.03	11	56485	卖盘
14:53:51	51.38	0.03	3	15414	中性盘
14:53:42	51.35	--	1	5135	卖盘
14:53:36	51.35	-0.03	4	20540	卖盘
14:53:33	51.38	-0.07	1	5138	买盘
14:53:30	51.45	0.1	36	185220	买盘
14:53:27	51.35	--	5	25675	卖盘
14:53:18	51.35	--	3	15405	卖盘
14:53:03	51.35	--	2	10270	卖盘
14:53:00	51.35	0.15	82	421070	买盘
14:52:57	51.2	-0.07	39	199680	卖盘
14:52:54	51.27	--	5	25635	买盘
14:52:51	51.27	--	4	20508	买盘
14:52:45	51.27	--	6	30762	买盘
14:52:42	51.27	0.01	46	235842	买盘
14:52:39	51.26	-0.01	4	20504	中性盘
14:52:27	51.27	--	16	82032	买盘
14:52:15	51.27	--	6	30762	卖盘
14:52:12	51.27	--	6	30762	卖盘
14:52:09	51.27	--	12	61524	卖盘
14:52:06	51.27	--	6	30762	卖盘
14:52:03	51.27	0.04	42	215334	买盘
14:51:57	51.23	-0.03	79	404717	卖盘
14:51:54	51.26	-0.01	1	5126	卖盘
14:51:51	51.27	0.01	1	5127	买盘
14:51:48	51.26	-0.01	8	41008	卖盘
14:51:42	51.27	--	13	66651	买盘
14:51:39	51.27	--	7	35889	买盘
14:51:36	51.27	-0.03	1	5127	卖盘
14:51:30	51.3	--	6	30780	买盘
14:51:21	51.3	--	2	10260	买盘
14:51:15	51.3	--	2	10260	买盘
14:51:12	51.3	-0.04	3	15390	买盘
14:51:03	51.34	--	3	15402	卖盘
14:51:00	51.34	0.01	1	5134	卖盘
14:50:57	51.33	0.07	3	15399	买盘
14:50:54	51.26	0.02	2	10252	卖盘
14:50:45	51.24	-0.01	21	107604	卖盘
14:50:36	51.25	-0.06	7	35875	卖盘
14:50:33	51.31	--	19	97489	买盘
14:50:30	51.31	-0.07	3	15393	卖盘
14:50:27	51.38	0.07	4	20552	买盘
14:50:21	51.31	-0.07	1	5131	卖盘
14:50:18	51.38	--	1	5138	买盘
14:50:15	51.38	--	1	5138	买盘
14:50:06	51.38	-0.07	20	102760	卖盘
14:50:03	51.45	--	4	20580	卖盘
14:49:54	51.45	--	1	5145	卖盘
14:49:51	51.45	--	2	10290	卖盘
14:49:45	51.45	--	1	5145	卖盘
14:49:36	51.45	--	2	10290	卖盘
14:49:33	51.45	-0.04	1	5145	卖盘
14:49:30	51.49	0.04	1	5149	买盘
14:49:27	51.45	--	4	20580	卖盘
14:49:21	51.45	-0.04	5	25725	卖盘
14:49:18	51.49	0.04	5	25745	中性盘
14:48:57	51.45	-0.06	5	25725	卖盘
14:48:51	51.51	-0.01	4	20604	买盘
14:48:42	51.52	0.03	9	46368	买盘
14:48:39	51.49	-0.03	2	10298	买盘
14:48:36	51.52	0.01	8	41216	买盘
14:48:33	51.51	-0.01	5	25755	卖盘
14:48:30	51.52	--	33	170016	卖盘
14:48:24	51.52	--	5	25760	卖盘
14:48:21	51.52	-0.01	2	10304	卖盘
14:48:18	51.53	0.01	2	10306	买盘
14:48:15	51.52	-0.01	35	180320	卖盘
14:48:09	51.53	-0.01	5	25765	卖盘
14:48:03	51.54	0.02	1	5154	买盘
14:47:48	51.52	-0.02	1	5152	卖盘
14:47:45	51.54	0.02	3	15462	买盘
14:47:36	51.52	-0.01	4	20608	卖盘
14:47:33	51.53	0.02	23	118519	买盘
14:47:27	51.51	--	1	5151	卖盘
14:47:24	51.51	--	12	61812	卖盘
14:47:21	51.51	--	1	5151	卖盘
14:47:06	51.51	0.01	1	5151	买盘
14:47:03	51.5	--	5	25750	卖盘
14:47:00	51.5	--	3	15450	卖盘
14:46:54	51.5	0.06	98	504700	买盘
14:46:51	51.44	--	8	41152	卖盘
14:46:48	51.44	--	7	36008	卖盘
14:46:36	51.44	--	1	5144	卖盘
14:46:33	51.44	--	10	51440	买盘
14:46:27	51.44	--	10	51440	买盘
14:46:24	51.44	--	5	25720	买盘
14:46:18	51.44	0.01	12	61728	买盘
14:46:15	51.43	--	1	5143	卖盘
14:46:09	51.43	-0.01	1	5143	卖盘
14:46:03	51.44	0.03	44	226336	买盘
14:46:00	51.41	--	1	5141	卖盘
14:45:54	51.41	-0.03	10	51410	中性盘
14:45:51	51.44	0.04	36	185184	买盘
14:45:33	51.4	--	21	107940	买盘
14:45:30	51.4	0.05	6	30840	买盘
14:45:27	51.35	--	3	15405	卖盘
14:45:15	51.35	0.11	4	20540	买盘
14:45:06	51.24	-0.11	1	5124	卖盘
14:44:54	51.35	--	8	41080	买盘
14:44:51	51.35	--	1	5135	买盘
14:44:48	51.35	--	13	66755	卖盘
14:44:45	51.35	-0.03	6	30810	卖盘
14:44:39	51.38	--	2	10276	买盘
14:44:33	51.38	-0.02	8	41104	卖盘
14:44:30	51.4	0.02	7	35980	买盘
14:44:21	51.38	--	1	5138	卖盘
14:44:15	51.38	--	13	66794	卖盘
14:44:12	51.38	-0.02	4	20552	卖盘
14:44:09	51.4	0.01	7	35980	买盘
14:44:06	51.39	0.01	11	56529	买盘
14:44:03	51.38	--	3	15414	买盘
14:43:57	51.38	0.03	1	5138	买盘
14:43:42	51.35	--	4	20540	卖盘
14:43:33	51.35	0.07	68	349180	买盘
14:43:27	51.28	-0.07	1	5128	卖盘
14:43:18	51.35	--	2	10270	买盘
14:43:15	51.35	--	2	10270	买盘
14:43:12	51.35	-0.03	3	15405	卖盘
14:43:06	51.38	--	2	10276	买盘
14:42:51	51.38	-0.06	5	25690	中性盘
14:42:42	51.44	--	44	226336	卖盘
14:42:39	51.44	--	10	51440	卖盘
14:42:36	51.44	--	23	118312	卖盘
14:42:33	51.44	--	66	339504	卖盘
14:42:30	51.44	--	6	30864	卖盘
14:42:27	51.44	--	9	46296	卖盘
14:42:24	51.44	--	20	102880	卖盘
14:42:18	51.44	--	20	102880	买盘
14:42:15	51.44	-0.01	3	15432	中性盘
14:42:03	51.45	--	158	812910	买盘
14:41:54	51.45	--	5	25725	买盘
14:41:51	51.45	--	19	97755	中性盘
14:41:42	51.45	--	17	87465	卖盘
14:41:39	51.45	-0.01	7	36015	卖盘
14:41:33	51.46	0.01	3	15438	买盘
14:41:24	51.45	0.05	14	72030	买盘
14:41:21	51.4	-0.05	4	20560	卖盘
14:41:18	51.45	--	2	10290	买盘
14:41:12	51.45	-0.04	3	15435	买盘
14:41:09	51.49	--	20	102980	买盘
14:41:03	51.49	0.04	31	159619	买盘
14:41:00	51.45	-0.05	4	20580	卖盘
14:40:48	51.5	0.05	30	154500	买盘
14:40:36	51.45	-0.05	10	51450	卖盘
14:40:33	51.5	0.03	30	154500	买盘
14:40:30	51.47	-0.03	1	5147	中性盘
14:40:18	51.5	--	30	154500	买盘
14:40:15	51.5	--	1	5150	买盘
14:40:09	51.5	--	2	15347	卖盘
14:40:06	51.5	-0.01	16	82400	卖盘
14:40:03	51.51	0.01	15	77368	买盘
14:40:00	51.5	--	15	77250	卖盘
14:39:57	51.5	--	1	5150	卖盘
14:39:51	51.5	--	5	25750	卖盘
14:39:48	51.5	-0.01	6	30900	卖盘
14:39:42	51.51	--	6	30906	买盘
14:39:36	51.51	--	5	25755	买盘
14:39:33	51.51	0.01	10	51510	买盘
14:39:30	51.5	--	3	15450	卖盘
14:39:27	51.5	--	14	72100	卖盘
14:39:24	51.5	--	2	10300	卖盘
14:39:21	51.5	--	4	20600	卖盘
14:39:18	51.5	--	2	10300	卖盘
14:39:15	51.5	--	18	92700	买盘
14:39:03	51.5	--	30	154500	买盘
14:38:42	51.5	-0.02	6	30900	卖盘
14:38:39	51.52	0.02	2	10304	买盘
14:38:36	51.5	-0.04	5	25750	卖盘
14:38:18	51.54	-0.01	33	170082	卖盘
14:38:12	51.55	--	16	82480	买盘
14:38:09	51.55	0.01	1	5155	买盘
14:38:06	51.54	-0.01	1	5154	卖盘
14:38:03	51.55	-0.01	9	46395	卖盘
14:38:00	51.56	-0.01	6	30936	卖盘
14:37:57	51.57	0.02	5	25785	买盘
14:37:54	51.55	0.01	1	5155	卖盘
14:37:51	51.54	--	2	10308	卖盘
14:37:48	51.54	-0.01	8	41232	卖盘
14:37:45	51.55	--	2	10310	卖盘
14:37:42	51.55	--	13	67015	买盘
14:37:39	51.55	0.01	1	5155	买盘
14:37:36	51.54	--	13	67002	卖盘
14:37:33	51.54	--	4	20616	卖盘
14:37:30	51.54	-0.01	1	5154	卖盘
14:37:27	51.55	0.01	1	5155	买盘
14:37:21	51.54	--	1	5154	卖盘
14:37:18	51.54	0.02	2	10308	买盘
14:37:15	51.52	0.02	1	5152	中性盘
14:37:06	51.5	-0.02	10	51500	卖盘
14:37:03	51.52	0.02	4	20608	买盘
14:36:51	51.5	--	1	5150	卖盘
14:36:48	51.5	--	15	77250	买盘
14:36:42	51.5	--	8	41200	卖盘
14:36:39	51.5	--	37	190550	买盘
14:36:33	51.5	--	63	324450	买盘
14:36:27	51.5	--	8	41200	买盘
14:36:18	51.5	0.12	100	515000	买盘
14:36:15	51.38	--	13	66794	卖盘
14:36:09	51.38	--	5	25690	卖盘
14:36:03	51.38	--	1	5138	卖盘
14:36:00	51.38	--	1	5138	卖盘
14:35:57	51.38	--	3	15414	买盘
14:35:51	51.38	0.08	3	15414	买盘
14:35:42	51.3	--	1	5130	卖盘
14:35:39	51.3	0.09	4	20520	买盘
14:35:33	51.21	-0.14	5	25605	卖盘
14:35:30	51.35	--	2	10270	卖盘
14:35:27	51.35	--	5	25675	买盘
14:35:18	51.35	0.05	31	159185	买盘
14:35:15	51.3	0.09	9	46170	买盘
14:35:12	51.21	-0.03	7	35847	卖盘
14:35:03	51.24	-0.01	10	51240	中性盘
14:34:57	51.25	--	2	10250	买盘
14:34:51	51.25	--	8	41000	买盘
14:34:45	51.25	--	12	61500	买盘
14:34:39	51.25	--	16	82000	卖盘
14:34:27	51.25	-0.05	22	112750	卖盘
14:34:18	51.3	0.05	13	66690	买盘
14:34:15	51.25	--	10	51250	卖盘
14:34:03	51.25	--	3	15375	卖盘
14:34:00	51.25	-0.05	1	5125	卖盘
14:33:45	51.3	--	2	10260	买盘
14:33:42	51.3	--	4	20520	卖盘
14:33:27	51.3	-0.05	10	51300	中性盘
14:33:18	51.35	0.05	25	128375	买盘
14:33:12	51.3	--	4	20520	卖盘
14:33:03	51.3	-0.05	1	5130	卖盘
14:33:00	51.35	--	8	41080	买盘
14:32:57	51.35	--	1	5135	买盘
14:32:48	51.35	-0.03	46	236210	卖盘
14:32:42	51.38	--	5	27693	卖盘
14:32:33	51.38	--	5	25690	卖盘
14:32:21	51.38	--	2	10276	卖盘
14:32:18	51.38	-0.02	8	44238	卖盘
14:31:54	51.4	--	1	5140	买盘
14:31:39	51.4	--	3	15420	买盘
14:31:30	51.4	0.02	1	5140	买盘
14:31:24	51.38	-0.02	2	10276	卖盘
14:31:18	51.4	0.05	16	82240	买盘
14:31:06	51.35	-0.03	2	10270	卖盘
14:31:03	51.38	--	2	10276	买盘
14:30:54	51.38	--	6	30828	卖盘
14:30:45	51.38	--	4	20552	卖盘
14:30:39	51.38	0.03	25	128450	买盘
14:30:36	51.35	-0.03	1	5135	卖盘
14:30:27	51.38	--	1	5138	买盘
14:30:18	51.38	--	9	46242	卖盘
14:30:15	51.38	-0.03	1	5138	卖盘
14:29:48	51.41	-0.03	2	10282	中性盘
14:29:27	51.44	-0.01	1	5144	买盘
14:29:18	51.45	0.01	21	108045	买盘
14:29:12	51.44	-0.01	3	15432	中性盘
14:29:06	51.45	0.01	5	25725	买盘
14:28:57	51.44	--	5	25720	买盘
14:28:51	51.44	-0.01	3	15432	卖盘
14:28:33	51.45	0.01	4	20580	买盘
14:28:27	51.44	0.03	5	25720	买盘
14:28:18	51.41	0.06	5	25705	买盘
14:28:06	51.35	--	5	25675	卖盘
14:27:48	51.35	--	6	30810	卖盘
14:27:42	51.35	-0.01	4	20540	卖盘
14:27:39	51.36	--	1	5136	买盘
14:27:36	51.36	--	4	20544	买盘
14:27:33	51.36	--	3	15408	买盘
14:27:24	51.36	-0.01	3	15408	卖盘
14:27:18	51.37	0.01	7	35959	买盘
14:27:12	51.36	--	1	5136	卖盘
14:26:57	51.36	0.01	1	5136	买盘
14:26:39	51.35	--	2	10270	卖盘
14:26:33	51.35	0.12	2	10270	买盘
14:26:24	51.23	-0.02	12	61475	卖盘
14:26:18	51.25	--	14	71750	买盘
14:26:09	51.25	0.02	4	20500	买盘
14:26:00	51.23	--	1	5123	买盘
14:25:45	51.23	-0.02	5	25615	卖盘
14:25:42	51.25	--	8	41000	买盘
14:25:33	51.25	--	10	51250	买盘
14:25:24	51.25	--	4	20500	卖盘
14:25:18	51.25	-0.11	21	107625	卖盘
14:25:12	51.36	-0.01	11	56496	中性盘
14:25:00	51.37	--	5	25685	卖盘
14:24:57	51.37	--	2	10274	卖盘
14:24:42	51.37	-0.08	1	5137	卖盘
14:24:18	51.45	0.04	33	169785	买盘
14:24:15	51.41	-0.04	11	56550	卖盘
14:24:06	51.45	--	7	36015	买盘
14:24:00	51.45	--	1	5145	中性盘
14:23:48	51.45	--	7	36015	卖盘
14:23:45	51.45	--	7	36015	卖盘
14:23:42	51.45	-0.01	4	20580	卖盘
14:23:39	51.46	0.01	5	25730	中性盘
14:23:33	51.45	--	5	25725	卖盘
14:23:30	51.45	--	6	30870	卖盘
14:23:27	51.45	--	3	15435	卖盘
14:23:21	51.45	--	20	102900	卖盘
14:23:18	51.45	--	16	82320	卖盘
14:23:15	51.45	--	19	97755	卖盘
14:23:06	51.45	--	2	10290	卖盘
14:23:00	51.45	--	10	51450	卖盘
14:22:39	51.45	-0.04	2	10290	卖盘
14:22:30	51.49	-0.01	2	10298	买盘
14:22:18	51.5	0.01	34	175100	买盘
14:22:15	51.49	-0.01	6	30894	买盘
14:22:03	51.5	--	2	10300	买盘
14:21:48	51.5	--	10	51500	买盘
14:21:45	51.5	--	2	10300	买盘
14:21:42	51.5	--	60	309000	买盘
14:21:30	51.5	--	6	30900	买盘
14:21:18	51.5	0.04	25	128750	买盘
14:21:15	51.46	--	4	20584	卖盘
14:21:12	51.46	0.01	1	5146	中性盘
14:21:09	51.45	--	9	46305	卖盘
14:21:06	51.45	-0.01	9	46305	卖盘
14:21:03	51.46	0.01	14	72044	买盘
14:20:54	51.45	--	3	15435	卖盘
14:20:51	51.45	--	4	20580	卖盘
14:20:39	51.45	--	4	20580	卖盘
14:20:33	51.45	--	6	30870	卖盘
14:20:30	51.45	-0.01	7	36015	卖盘
14:20:18	51.46	0.01	21	108066	买盘
14:20:15	51.45	-0.01	4	20580	卖盘
14:20:09	51.46	-0.04	1	5146	卖盘
14:20:00	51.5	--	20	103000	卖盘
14:19:57	51.5	--	5	25750	卖盘
14:19:54	51.5	--	1	5150	卖盘
14:19:42	51.5	-0.07	4	20600	卖盘
14:19:39	51.57	0.07	4	20628	买盘
14:19:27	51.5	-0.1	1	5150	卖盘
14:19:18	51.6	--	37	190920	买盘
14:19:12	51.6	--	1	5160	买盘
14:19:09	51.6	0.01	7	36120	买盘
14:19:06	51.59	-0.01	5	25795	卖盘
14:19:03	51.6	0.01	1	5160	买盘
14:19:00	51.59	-0.01	7	36113	卖盘
14:18:57	51.6	0.05	11	56760	买盘
14:18:51	51.55	0.02	5	25775	买盘
14:18:48	51.53	-0.07	8	41224	卖盘
14:18:45	51.6	0.01	5	25800	买盘
14:18:42	51.59	--	12	61908	买盘
14:18:39	51.59	0.04	4	20636	买盘
14:18:36	51.55	-0.05	2	10310	中性盘
14:18:33	51.6	0.05	24	123840	买盘
14:18:18	51.55	0.05	31	159805	买盘
14:18:15	51.5	--	11	56650	买盘
14:18:03	51.5	0.05	65	334750	买盘
14:18:00	51.45	--	4	20580	买盘
14:17:57	51.45	0.05	1	5145	买盘
14:17:42	51.4	0.01	31	159340	买盘
14:17:39	51.39	0.09	11	56529	买盘
14:17:33	51.3	--	7	35910	买盘
14:17:30	51.3	0.01	19	97470	买盘
14:17:27	51.29	0.01	5	25645	买盘
14:17:18	51.28	0.05	10	51280	买盘
14:17:12	51.23	0.03	27	138321	买盘
14:17:03	51.2	--	23	117760	买盘
14:17:00	51.2	--	1	5120	买盘
14:16:54	51.2	--	10	51200	买盘
14:16:51	51.2	-0.03	21	107520	中性盘
14:16:45	51.23	0.06	206	1055338	买盘
14:16:30	51.17	-0.01	11	56287	卖盘
14:16:24	51.18	-0.05	15	76770	卖盘
14:16:18	51.23	0.05	52	266396	买盘
14:16:15	51.18	--	2	10236	买盘
14:16:09	51.18	--	5	25590	买盘
14:16:06	51.18	--	19	97242	买盘
14:16:03	51.18	--	20	102360	买盘
14:16:00	51.18	--	2	10236	买盘
14:15:51	51.18	0.03	1	5118	中性盘
14:15:36	51.15	-0.05	59	301785	卖盘
14:15:33	51.2	0.02	1	5120	买盘
14:15:24	51.18	--	2	10236	卖盘
14:15:21	51.18	--	7	36184	买盘
14:15:18	51.18	0.03	58	296844	买盘
14:15:09	51.15	-0.03	10	51150	卖盘
14:15:06	51.18	--	6	30708	买盘
14:14:57	51.18	--	68	348024	买盘
14:14:51	51.18	--	8	40944	买盘
14:14:48	51.18	--	2	10236	买盘
14:14:45	51.18	0.01	1	5118	买盘
14:14:36	51.17	-0.01	11	56287	卖盘
14:14:30	51.18	--	1	5118	买盘
14:14:27	51.18	--	8	40944	买盘
14:14:24	51.18	--	1	5118	买盘
14:14:18	51.18	--	61	312198	卖盘
14:14:09	51.18	0.01	10	51180	卖盘
14:14:03	51.17	0.01	8	40936	买盘
14:13:51	51.16	-0.01	1	5116	中性盘
14:13:18	51.17	-0.02	11	56287	卖盘
14:13:15	51.19	--	63	322497	买盘
14:13:12	51.19	--	1	5119	买盘
14:12:18	51.19	0.04	15	76785	买盘
14:12:09	51.15	-0.04	1	5115	卖盘
14:11:57	51.19	0.05	1	5119	买盘
14:11:36	51.14	-0.05	4	20456	卖盘
14:11:33	51.19	0.05	29	148451	买盘
14:11:18	51.14	--	8	40912	卖盘
14:11:12	51.14	--	2	10228	卖盘
14:11:00	51.14	-0.03	2	10228	卖盘
14:10:54	51.17	0.03	2	10234	买盘
14:10:24	51.14	-0.03	4	20456	卖盘
14:10:18	51.17	0.02	22	112574	买盘
14:10:03	51.15	--	3	15345	买盘
14:09:57	51.15	--	2	10230	买盘
14:09:48	51.15	--	2	10230	卖盘
14:09:33	51.15	-0.03	2	10230	卖盘
14:09:27	51.18	0.03	3	15354	买盘
14:09:24	51.15	--	2	10230	卖盘
14:09:21	51.15	-0.03	39	199485	中性盘
14:09:18	51.18	0.04	18	92124	买盘
14:09:09	51.14	-0.01	15	76710	卖盘
14:08:51	51.15	0.01	2	10230	中性盘
14:08:39	51.14	--	5	25570	卖盘
14:08:30	51.14	--	4	20456	卖盘
14:08:27	51.14	--	2	10228	卖盘
14:08:21	51.14	-0.04	22	112508	卖盘
14:08:18	51.18	0.04	5	25590	买盘
14:07:57	51.14	--	2	10228	卖盘
14:07:27	51.14	-0.04	6	30684	卖盘
14:07:18	51.18	0.03	11	56298	买盘
14:06:39	51.15	--	3	15345	买盘
14:06:33	51.15	--	3	15345	卖盘
14:06:24	51.15	-0.03	25	127875	卖盘
14:06:18	51.18	--	2	10236	买盘
14:05:54	51.18	--	2	10236	买盘
14:05:18	51.18	--	1	5118	买盘
14:05:06	51.18	--	4	20472	中性盘
14:04:18	51.18	-0.01	3	15354	中性盘
14:03:27	51.19	--	2	10238	买盘
14:03:18	51.19	--	13	66547	买盘
14:03:06	51.19	0.01	4	20476	买盘
14:02:48	51.18	--	1	5118	买盘
14:02:33	51.18	--	1	5118	买盘
14:02:24	51.18	--	1	5118	买盘
14:02:18	51.18	0.05	13	66534	买盘
14:02:15	51.13	-0.05	10	51130	卖盘
14:02:12	51.18	0.05	12	61416	买盘
14:01:24	51.13	--	10	51130	卖盘
14:01:21	51.13	--	20	102260	卖盘
14:01:18	51.13	--	8	40904	卖盘
14:01:15	51.13	--	2	10226	卖盘
14:01:00	51.13	--	4	20452	买盘
14:00:45	51.13	0.02	1	5113	买盘
14:00:33	51.11	-0.02	2	10222	卖盘
14:00:18	51.13	--	4	20452	买盘
13:59:54	51.13	-0.01	6	30678	卖盘
13:59:42	51.14	--	1	5114	买盘
13:59:21	51.14	-0.05	1	5114	卖盘
13:59:18	51.19	0.05	3	15357	买盘
13:59:12	51.14	-0.05	1	5114	卖盘
13:58:57	51.19	--	5	25595	买盘
13:58:54	51.19	--	1	5119	买盘
13:58:18	51.19	0.05	7	35833	买盘
13:57:57	51.14	--	1	5114	买盘
13:57:54	51.14	0.03	4	20456	买盘
13:57:39	51.11	--	1	5111	卖盘
13:57:27	51.11	-0.03	1	5111	卖盘
13:57:18	51.14	0.03	14	71596	买盘
13:57:15	51.11	--	1	5111	买盘
13:57:12	51.11	--	4	20444	买盘
13:57:09	51.11	--	1	5111	买盘
13:56:24	51.11	-0.08	12	61332	卖盘
13:56:18	51.19	0.02	51	261069	买盘
13:56:09	51.17	--	8	40936	卖盘
13:55:54	51.17	-0.02	7	35819	卖盘
13:55:39	51.19	--	127	650113	买盘
13:55:36	51.19	-0.06	2	10238	中性盘
13:55:18	51.25	0.08	3	15375	买盘
13:55:15	51.17	-0.08	2	10234	卖盘
13:54:54	51.25	--	3	15375	买盘
13:54:33	51.25	0.13	5	25625	买盘
13:54:18	51.12	0.01	4	20448	买盘
13:54:03	51.11	-0.01	2	10222	卖盘
13:53:57	51.12	--	7	35784	买盘
13:53:39	51.12	-0.06	19	97128	卖盘
13:53:24	51.18	--	1	5118	买盘
13:53:18	51.18	0.03	4	20472	买盘
13:52:18	51.15	0.07	7	35805	买盘
13:52:12	51.08	--	10	51080	卖盘
13:52:09	51.08	0.01	12	61296	买盘
13:51:57	51.07	-0.01	1	5107	卖盘
13:51:45	51.08	--	1	5108	卖盘
13:51:18	51.08	-0.1	4	20432	卖盘
13:51:03	51.18	--	1	5118	买盘
13:50:36	51.18	-0.1	3	15354	卖盘
13:50:33	51.28	0.08	4	20512	买盘
13:50:15	51.2	0.02	2	10240	买盘
13:50:06	51.18	-0.02	2	10236	卖盘
13:49:33	51.2	-0.09	5	25600	卖盘
13:49:18	51.29	--	7	35903	买盘
13:48:45	51.29	0.09	3	15387	买盘
13:48:39	51.2	0.01	5	25600	卖盘
13:48:33	51.19	--	8	40952	买盘
13:48:18	51.19	--	3	15357	买盘
13:47:45	51.19	-0.11	2	10238	卖盘
13:47:18	51.3	0.11	17	87210	买盘
13:47:03	51.19	-0.11	4	20476	中性盘
13:46:51	51.3	--	36	184680	买盘
13:46:33	51.3	0.06	4	20520	买盘
13:46:18	51.24	0.06	8	40992	买盘
13:46:15	51.18	-0.01	1	5118	卖盘
13:46:03	51.19	-0.11	13	66547	卖盘
13:45:18	51.3	-0.01	29	148770	卖盘
13:45:09	51.31	0.01	1	5131	买盘
13:45:03	51.3	-0.01	5	25650	卖盘
13:44:48	51.31	--	24	123144	卖盘
13:44:39	51.31	--	11	56441	卖盘
13:44:30	51.31	--	2	10262	卖盘
13:44:18	51.31	-0.01	14	71834	卖盘
13:44:15	51.32	--	4	20528	卖盘
13:44:06	51.32	-0.04	4	20528	卖盘
13:43:57	51.36	-0.01	5	25680	中性盘
13:43:42	51.37	0.06	2	10274	买盘
13:43:39	51.31	-0.06	10	51310	卖盘
13:43:18	51.37	0.06	26	133562	买盘
13:43:09	51.31	--	8	41048	卖盘
13:42:48	51.31	-0.01	1	5131	卖盘
13:42:45	51.32	-0.06	15	76980	卖盘
13:42:42	51.38	--	1	5138	买盘
13:42:39	51.38	0.06	8	41104	买盘
13:42:33	51.32	--	5	25660	卖盘
13:42:30	51.32	--	13	66716	卖盘
13:42:24	51.32	--	1	5132	卖盘
13:42:21	51.32	-0.06	5	25660	卖盘
13:42:18	51.38	0.06	30	154140	买盘
13:42:12	51.32	--	1	5132	卖盘
13:42:09	51.32	--	5	25660	卖盘
13:42:06	51.32	--	15	76980	卖盘
13:42:03	51.32	--	10	51320	卖盘
13:42:00	51.32	--	5	25660	卖盘
13:41:57	51.32	--	2	10264	卖盘
13:41:51	51.32	--	5	25660	卖盘
13:41:39	51.32	--	2	10264	卖盘
13:41:36	51.32	-0.07	5	25660	卖盘
13:41:33	51.39	0.06	1	5139	中性盘
13:41:24	51.33	-0.11	9	46197	卖盘
13:41:18	51.44	0.04	32	164608	买盘
13:41:15	51.4	--	4	20560	买盘
13:41:00	51.4	--	8	41120	卖盘
13:40:51	51.4	--	3	15420	卖盘
13:40:45	51.4	--	11	56540	买盘
13:40:39	51.4	--	7	35980	买盘
13:40:33	51.4	--	9	46260	买盘
13:40:24	51.4	0.02	19	97660	买盘
13:40:18	51.38	0.06	17	87346	买盘
13:40:15	51.32	--	33	169356	卖盘
13:40:06	51.32	0.01	18	92376	买盘
13:39:51	51.31	--	1	5131	买盘
13:39:36	51.31	0.01	2	10262	买盘
13:39:30	51.3	--	34	174420	买盘
13:39:27	51.3	--	38	194940	买盘
13:39:21	51.3	--	2	10260	买盘
13:39:18	51.3	--	10	51300	买盘
13:39:09	51.3	0.01	14	71820	买盘
13:39:00	51.29	-0.01	1	5129	卖盘
13:38:57	51.3	0.01	10	51300	买盘
13:38:30	51.29	--	2	10258	卖盘
13:38:27	51.29	-0.01	2	10258	卖盘
13:38:18	51.3	0.01	4	20520	买盘
13:38:06	51.29	--	3	15387	买盘
13:37:57	51.29	0.06	1	5129	买盘
13:37:36	51.23	--	1	5123	卖盘
13:37:33	51.23	-0.07	2	10246	卖盘
13:37:15	51.3	--	6	30780	买盘
13:37:03	51.3	--	6	30780	卖盘
13:37:00	51.3	--	2	10260	买盘
13:36:57	51.3	--	1	5130	买盘
13:36:45	51.3	--	7	35910	买盘
13:36:33	51.3	--	3	15390	买盘
13:36:24	51.3	0.08	1	5130	买盘
13:36:12	51.22	0.02	1	5122	买盘
13:36:03	51.2	--	5	25600	卖盘
13:35:45	51.2	--	2	10240	卖盘
13:35:42	51.2	0.01	7	35840	买盘
13:35:30	51.19	-0.01	1	5119	卖盘
13:35:15	51.2	0.01	5	25600	买盘
13:35:06	51.19	-0.01	2	10238	卖盘
13:35:03	51.2	0.01	53	271360	买盘
13:34:30	51.19	-0.01	1	5119	卖盘
13:34:27	51.2	0.01	22	112640	买盘
13:34:21	51.19	--	1	5119	买盘
13:34:00	51.19	-0.01	9	46071	买盘
13:33:54	51.2	0.02	97	496640	买盘
13:33:39	51.18	--	1	5118	中性盘
13:33:30	51.18	--	4	20472	买盘
13:33:21	51.18	--	1	5118	买盘
13:33:12	51.18	0.05	1	5118	买盘
13:32:45	51.13	-0.05	2	10226	中性盘
13:32:36	51.18	0.12	11	56298	买盘
13:32:21	51.06	0.01	3	15318	中性盘
13:32:09	51.05	-0.01	50	255250	卖盘
13:31:48	51.06	0.02	5	25530	中性盘
13:30:57	51.04	-0.06	1	5104	卖盘
13:30:48	51.1	--	3	15330	买盘
13:30:39	51.1	--	0	2452	卖盘
13:30:27	51.1	--	2	12877	买盘
13:30:09	51.1	0.08	57	291270	买盘
13:30:00	51.02	--	2	10204	卖盘
13:29:45	51.02	--	3	15306	卖盘
13:29:42	51.02	-0.08	8	40816	中性盘
13:28:45	51.1	0.1	6	30660	中性盘
13:27:33	51.0	-0.1	40	204000	卖盘
13:27:30	51.1	--	4	20440	买盘
13:27:24	51.1	0.08	5	25550	买盘
13:27:18	51.02	-0.08	3	15306	卖盘
13:27:09	51.1	--	22	112420	卖盘
13:27:06	51.1	-0.09	9	45990	卖盘
13:26:57	51.19	0.09	127	650113	买盘
13:26:51	51.1	--	1	5110	卖盘
13:26:42	51.1	--	3	15330	卖盘
13:26:39	51.1	--	100	511000	卖盘
13:26:27	51.1	--	2	10220	卖盘
13:25:48	51.1	--	5	25550	卖盘
13:25:03	51.1	-0.06	10	51100	卖盘
13:25:00	51.16	0.06	2	10232	买盘
13:24:36	51.1	-0.05	11	56210	中性盘
13:24:21	51.15	0.03	3	15345	买盘
13:24:09	51.12	0.1	5	25560	中性盘
13:24:00	51.02	--	3	15306	卖盘
13:23:18	51.02	-0.12	2	10204	卖盘
13:22:45	51.14	0.12	2	10228	买盘
13:22:39	51.02	-0.12	3	15306	卖盘
13:22:30	51.14	--	2	10228	买盘
13:22:24	51.14	-0.01	10	51140	买盘
13:21:42	51.15	--	5	25575	卖盘
13:21:36	51.15	--	5	25575	买盘
13:21:33	51.15	--	3	15345	买盘
13:21:24	51.15	--	4	20460	卖盘
13:21:03	51.15	--	3	15345	卖盘
13:20:45	51.15	--	1	5115	卖盘
13:20:36	51.15	-0.01	6	30690	卖盘
13:20:30	51.16	-0.01	10	51160	卖盘
13:20:21	51.17	-0.02	1	5117	卖盘
13:19:48	51.19	--	10	51190	买盘
13:19:27	51.19	--	10	51190	买盘
13:19:24	51.19	--	1	5119	买盘
13:18:48	51.19	0.03	22	112618	买盘
13:18:45	51.16	--	4	20464	卖盘
13:18:42	51.16	--	10	51160	卖盘
13:18:24	51.16	--	5	25580	卖盘
13:18:15	51.16	-0.03	7	35812	卖盘
13:18:09	51.19	0.03	14	71666	买盘
13:18:03	51.16	-0.03	5	25580	卖盘
13:17:54	51.19	--	5	25595	买盘
13:17:45	51.19	0.03	16	81904	买盘
13:17:33	51.16	--	2	10232	卖盘
13:17:15	51.16	-0.02	2	10232	卖盘
13:17:06	51.18	0.03	6	30708	买盘
13:17:00	51.15	--	8	40920	卖盘
13:16:48	51.15	--	10	51150	卖盘
13:16:36	51.15	--	4	20460	卖盘
13:16:33	51.15	0.15	54	276210	买盘
13:16:24	51.0	--	13	66300	买盘
13:16:21	51.0	--	1	5100	买盘
13:16:03	51.0	-0.14	23	117300	卖盘
13:15:12	51.14	-0.01	13	66482	中性盘
13:14:36	51.15	-0.04	16	81840	中性盘
13:14:06	51.19	0.01	1	5119	买盘
13:13:54	51.18	-0.02	5	25590	卖盘
13:13:48	51.2	0.02	11	56320	买盘
13:13:39	51.18	--	7	35826	买盘
13:13:30	51.18	-0.01	2	10236	中性盘
13:13:03	51.19	0.13	1	5119	买盘
13:12:54	51.06	0.05	1	5106	买盘
13:12:48	51.01	0.01	3	15303	买盘
13:12:39	51.0	0.01	2	10200	买盘
13:12:36	50.99	-0.01	4	20396	卖盘
13:12:33	51.0	--	2	10200	买盘
13:12:30	51.0	--	1	5100	买盘
13:12:27	51.0	--	2	10200	买盘
13:12:21	51.0	--	1	5100	买盘
13:12:18	51.0	--	11	56100	买盘
13:12:15	51.0	--	2	10200	买盘
13:12:09	51.0	--	13	66300	买盘
13:11:57	51.0	--	103	525300	买盘
13:11:33	51.0	--	7	35700	买盘
13:11:18	51.0	0.01	4	20400	买盘
13:11:15	50.99	-0.01	1	5099	中性盘
13:11:09	51.0	--	44	224400	买盘
13:11:03	51.0	--	40	204000	买盘
13:10:54	51.0	--	10	51000	买盘
13:10:48	51.0	0.01	2	10200	买盘
13:10:36	50.99	-0.01	20	101980	卖盘
13:10:33	51.0	0.01	30	153000	买盘
13:10:21	50.99	--	2	10198	买盘
13:10:06	50.99	--	3	15297	买盘
13:10:03	50.99	0.01	3	15297	买盘
13:09:48	50.98	0.03	3	15293	中性盘
13:09:24	50.95	--	1	5095	卖盘
13:09:00	50.95	--	4	20380	卖盘
13:08:57	50.95	0.01	42	213990	买盘
13:08:48	50.94	0.24	4	20376	中性盘
13:07:48	50.7	-0.27	1	5070	卖盘
13:07:39	50.97	0.27	1	5097	中性盘
13:07:24	50.7	-0.28	34	172380	卖盘
13:07:00	50.98	--	12	61175	卖盘
13:06:54	50.98	-0.01	6	30587	卖盘
13:06:42	50.99	0.01	2	10198	买盘
13:06:36	50.98	--	3	15293	买盘
13:06:03	50.98	0.17	3	15293	买盘
13:05:54	50.81	0.04	2	10162	中性盘
13:05:30	50.77	-0.03	5	25385	卖盘
13:05:15	50.8	0.03	7	35560	买盘
13:04:48	50.77	-0.03	3	15231	卖盘
13:04:45	50.8	--	4	20320	买盘
13:04:39	50.8	--	20	101600	买盘
13:04:12	50.8	--	4	20320	买盘
13:04:09	50.8	--	10	50800	买盘
13:03:57	50.8	--	1	5080	买盘
13:03:42	50.8	--	1	5080	买盘
13:03:09	50.8	--	5	25400	买盘
13:03:03	50.8	--	5	25400	买盘
13:02:24	50.8	--	1	5080	买盘
13:02:21	50.8	--	5	25400	买盘
13:02:09	50.8	0.05	3	15240	买盘
13:02:00	50.75	-0.05	1	5075	卖盘
13:01:54	50.8	--	1	5080	买盘
13:01:48	50.8	--	3	15240	买盘
13:01:45	50.8	-0.02	19	96520	卖盘
13:01:30	50.82	-0.17	7	35574	卖盘
13:01:12	50.99	-0.01	9	45891	中性盘
13:00:12	51.0	--	2	10200	买盘
13:00:09	51.0	--	4	20400	买盘
13:00:06	51.0	-0.01	56	285600	卖盘
13:00:03	51.01	--	4	20404	卖盘
11:30:03	51.01	--	0	0	卖盘
11:30:00	51.01	-0.11	3	15303	卖盘
11:29:57	51.12	0.11	19	97128	买盘
11:29:51	51.01	--	1	5101	卖盘
11:28:42	51.01	-0.11	1	5101	卖盘
11:28:33	51.12	-0.01	3	15336	买盘
11:28:27	51.13	0.01	10	51130	买盘
11:28:15	51.12	--	2	10224	卖盘
11:28:12	51.12	-0.01	1	5112	中性盘
11:27:42	51.13	0.13	2	10226	中性盘
11:27:03	51.0	-0.13	10	51000	卖盘
11:26:51	51.13	0.13	5	25565	买盘
11:26:45	51.0	--	4	20400	卖盘
11:26:24	51.0	--	1	5100	卖盘
11:26:09	51.0	--	5	25500	买盘
11:26:03	51.0	--	5	25500	买盘
11:25:39	51.0	--	1	5100	买盘
11:25:30	51.0	0.16	26	132600	买盘
11:25:27	50.84	0.01	11	55924	中性盘
11:25:06	50.83	0.02	4	20332	买盘
11:25:03	50.81	--	3	15243	中性盘
11:24:51	50.81	-0.02	6	30486	中性盘
11:24:48	50.83	--	4	20332	卖盘
11:24:39	50.83	-0.17	5	25415	卖盘
11:24:30	51.0	--	2	10200	买盘
11:24:15	51.0	0.28	5	25500	买盘
11:24:12	50.72	-0.28	5	25360	中性盘
11:23:48	51.0	0.19	35	178500	买盘
11:23:36	50.81	0.17	1	5081	中性盘
11:22:48	50.64	-0.3	50	253200	卖盘
11:22:45	50.94	--	1	8965	买盘
11:22:30	50.94	--	1	5094	买盘
11:22:24	50.94	0.04	12	61128	买盘
11:22:21	50.9	--	0	1221	卖盘
11:22:18	50.9	-0.05	1	5090	卖盘
11:22:03	50.95	--	1	5095	卖盘
11:22:00	50.95	0.01	2	10190	买盘
11:21:57	50.94	-0.01	1	5094	卖盘
11:21:36	50.95	--	2	10190	买盘
11:21:33	50.95	--	12	61140	卖盘
11:21:27	50.95	--	23	117185	卖盘
11:21:24	50.95	--	17	86615	卖盘
11:21:21	50.95	--	3	15285	卖盘
11:21:18	50.95	--	2	10190	卖盘
11:21:00	50.95	--	3	15285	卖盘
11:20:57	50.95	--	1	5095	卖盘
11:20:48	50.95	--	16	81520	卖盘
11:20:45	50.95	--	10	50950	卖盘
11:20:42	50.95	--	5	25475	卖盘
11:20:39	50.95	0.01	18	91710	买盘
11:20:36	50.94	-0.01	6	30564	买盘
11:20:24	50.95	--	7	35665	卖盘
11:20:15	50.95	--	4	20380	买盘
11:20:09	50.95	--	3	15285	买盘
11:19:57	50.95	0.01	5	25475	买盘
11:19:51	50.94	--	1	5094	卖盘
11:19:33	50.94	--	1	5094	中性盘
11:19:09	50.94	0.01	3	15282	买盘
11:19:00	50.93	--	0	3870	买盘
11:18:57	50.93	0.06	2	10186	买盘
11:18:51	50.87	-0.06	6	30522	卖盘
11:18:42	50.93	0.13	2	10186	买盘
11:18:21	50.8	--	14	71120	卖盘
11:18:15	50.8	0.09	3	15240	买盘
11:18:00	50.71	0.01	5	25355	买盘
11:17:54	50.7	--	3	15210	买盘
11:17:51	50.7	--	10	50700	买盘
11:17:36	50.7	-0.1	11	55770	买盘
11:17:33	50.8	0.11	11	55880	买盘
11:17:30	50.69	--	17	86173	买盘
11:17:27	50.69	-0.11	12	60828	卖盘
11:17:24	50.8	--	2	10160	买盘
11:17:15	50.8	--	5	25400	买盘
11:17:09	50.8	--	14	71120	卖盘
11:16:57	50.8	-0.06	1	5080	卖盘
11:16:48	50.86	-0.02	2	10172	卖盘
11:16:39	50.88	-0.07	2	10176	卖盘
11:16:24	50.95	-0.04	1	5095	卖盘
11:16:18	50.99	--	7	35693	中性盘
11:16:03	50.99	-0.01	2	10198	中性盘
11:15:54	51.0	--	1	5100	买盘
11:15:48	51.0	--	21	107100	买盘
11:15:36	51.0	--	3	15300	买盘
11:15:33	51.0	-0.2	129	657900	卖盘
11:15:30	51.2	--	5	25600	买盘
11:15:18	51.2	0.06	1	5120	中性盘
11:15:09	51.14	-0.16	5	25570	卖盘
11:14:57	51.3	-0.04	2	10260	买盘
11:14:30	51.34	0.04	7	35938	买盘
11:14:06	51.3	-0.04	8	41040	买盘
11:13:45	51.34	-0.01	8	41072	中性盘
11:13:21	51.35	0.27	18	92430	买盘
11:13:18	51.08	-0.04	39	199212	卖盘
11:13:06	51.12	-0.24	20	102240	中性盘
11:12:57	51.36	0.25	8	41088	买盘
11:12:51	51.11	-0.01	14	71554	卖盘
11:12:39	51.12	-0.11	5	25560	卖盘
11:12:33	51.23	0.03	8	40984	买盘
11:12:18	51.2	--	2	10240	买盘
11:12:12	51.2	-0.05	24	122880	卖盘
11:12:00	51.25	-0.01	2	10250	卖盘
11:11:57	51.26	--	1	5126	买盘
11:11:48	51.26	-0.02	3	15378	卖盘
11:11:45	51.28	--	38	194864	买盘
11:11:27	51.28	-0.01	14	71792	卖盘
11:11:24	51.29	--	10	51290	买盘
11:11:15	51.29	-0.07	54	278196	卖盘
11:11:09	51.36	0.06	10	51360	买盘
11:11:06	51.3	--	10	51300	卖盘
11:11:03	51.3	--	3	15390	卖盘
11:11:00	51.3	--	13	70588	买盘
11:10:51	51.3	-0.06	3	15390	卖盘
11:10:39	51.36	-0.04	31	159216	中性盘
11:10:15	51.4	--	10	51400	买盘
11:10:00	51.4	--	28	143920	卖盘
11:09:48	51.4	--	6	30840	中性盘
11:09:36	51.4	0.04	16	82240	买盘
11:09:18	51.36	-0.02	7	35952	卖盘
11:09:09	51.38	0.02	1	5138	买盘
11:09:06	51.36	--	1	5136	卖盘
11:08:57	51.36	--	9	46224	买盘
11:08:48	51.36	--	1	5136	卖盘
11:08:42	51.36	--	1	5136	卖盘
11:08:30	51.36	--	10	51360	卖盘
11:08:21	51.36	0.01	8	41088	中性盘
11:08:09	51.35	--	1	5135	卖盘
11:08:00	51.35	--	11	56485	买盘
11:07:57	51.35	--	1	5135	买盘
11:07:36	51.35	--	35	179725	卖盘
11:07:27	51.35	--	4	20540	卖盘
11:07:21	51.35	0.05	1	5135	买盘
11:07:18	51.3	-0.05	11	56430	卖盘
11:07:12	51.35	0.05	2	10270	买盘
11:07:09	51.3	--	5	25650	卖盘
11:06:51	51.3	-0.1	4	20520	卖盘
11:06:48	51.4	0.05	7	35980	买盘
11:06:36	51.35	-0.05	1	5135	中性盘
11:06:12	51.4	0.1	6	30840	中性盘
11:06:09	51.3	--	5	25650	卖盘
11:06:06	51.3	-0.1	3	15390	卖盘
11:06:00	51.4	--	6	30840	买盘
11:05:45	51.4	--	2	10280	买盘
11:05:42	51.4	0.09	1	5140	中性盘
11:05:36	51.31	-0.09	10	51310	卖盘
11:05:24	51.4	-0.08	9	46260	买盘
11:05:18	51.48	--	1	5148	卖盘
11:05:15	51.48	--	15	77220	买盘
11:05:09	51.48	0.01	7	36036	买盘
11:05:00	51.47	--	25	128675	卖盘
11:04:33	51.47	--	13	66911	买盘
11:04:21	51.47	--	6	30882	买盘
11:04:18	51.47	--	3	15441	买盘
11:03:48	51.47	0.17	5	25735	买盘
11:03:45	51.3	0.01	1	5130	中性盘
11:03:36	51.29	-0.01	4	20516	买盘
11:03:30	51.3	0.02	3	15390	中性盘
11:03:27	51.28	-0.18	8	41024	卖盘
11:03:15	51.46	0.18	5	25730	中性盘
11:02:48	51.28	-0.07	1	5128	中性盘
11:02:42	51.35	0.07	20	102700	买盘
11:02:39	51.28	0.01	1	5128	买盘
11:02:36	51.27	-0.01	13	66651	卖盘
11:02:27	51.28	--	3	15384	买盘
11:02:24	51.28	--	4	20512	买盘
11:02:09	51.28	--	6	30768	买盘
11:02:03	51.28	--	8	41024	买盘
11:02:00	51.28	-0.02	1	5128	中性盘
11:01:54	51.3	-0.05	8	41040	卖盘
11:01:39	51.35	--	1	5135	买盘
11:01:36	51.35	-0.13	18	92430	卖盘
11:01:24	51.48	-0.02	1	5148	中性盘
11:01:21	51.5	0.02	7	36050	买盘
11:01:15	51.48	--	3	15443	卖盘
11:01:03	51.48	-0.07	10	51480	卖盘
11:00:48	51.55	-0.01	1	5155	卖盘
11:00:39	51.56	0.01	2	10312	中性盘
11:00:36	51.55	-0.05	7	36085	卖盘
11:00:30	51.6	0.04	7	36120	买盘
11:00:24	51.56	--	1	5156	卖盘
11:00:21	51.56	-0.04	1	5156	卖盘
11:00:09	51.6	0.04	5	25800	买盘
11:00:03	51.56	-0.04	1	5156	卖盘
10:59:42	51.6	0.05	7	36120	买盘
10:59:27	51.55	-0.05	8	41240	卖盘
10:59:24	51.6	0.05	6	30960	买盘
10:59:21	51.55	-0.05	3	15465	卖盘
10:59:15	51.6	0.02	15	77400	买盘
10:59:03	51.58	-0.02	13	67054	卖盘
10:58:57	51.6	0.01	8	41280	买盘
10:58:54	51.59	0.01	7	36113	买盘
10:58:48	51.58	-0.01	5	25790	买盘
10:58:36	51.59	--	8	41272	买盘
10:58:21	51.59	0.04	7	36113	买盘
10:58:15	51.55	-0.04	1	5155	卖盘
10:58:12	51.59	0.04	8	41272	买盘
10:58:09	51.55	0.05	8	41240	买盘
10:58:06	51.5	--	2	10300	买盘
10:58:03	51.5	--	2	10300	买盘
10:57:57	51.5	--	5	25750	买盘
10:57:54	51.5	--	11	56650	买盘
10:57:48	51.5	0.01	10	51500	买盘
10:57:36	51.49	-0.01	1	5149	卖盘
10:57:33	51.5	--	5	25750	买盘
10:57:27	51.5	--	8	41200	买盘
10:57:18	51.5	--	2	10300	买盘
10:57:03	51.5	0.01	8	41200	买盘
10:57:00	51.49	0.12	5	25745	买盘
10:56:54	51.37	--	1	5137	卖盘
10:56:45	51.37	-0.12	4	20548	买盘
10:56:42	51.49	-0.01	9	46341	中性盘
10:56:36	51.5	0.01	68	350200	买盘
10:56:30	51.49	0.13	7	36043	买盘
10:56:27	51.36	--	6	30816	卖盘
10:56:24	51.36	-0.01	1	5136	卖盘
10:56:18	51.37	0.01	8	41096	买盘
10:56:03	51.36	-0.01	2	10272	卖盘
10:56:00	51.37	--	5	25685	买盘
10:55:57	51.37	-0.12	1	5137	中性盘
10:55:51	51.49	--	8	41192	买盘
10:55:42	51.49	0.09	7	36043	买盘
10:55:24	51.4	--	2	10280	买盘
10:55:06	51.4	-0.09	10	51400	卖盘
10:55:03	51.49	--	4	20596	买盘
10:54:51	51.49	--	5	25745	买盘
10:54:48	51.49	--	15	77235	买盘
10:54:45	51.49	-0.01	1	5149	中性盘
10:54:30	51.5	0.1	12	61800	买盘
10:54:27	51.4	-0.1	3	15420	卖盘
10:54:21	51.5	--	18	92700	买盘
10:54:15	51.5	--	8	41200	买盘
10:54:06	51.5	--	2	10300	买盘
10:54:00	51.5	0.03	19	97850	买盘
10:53:51	51.47	-0.02	11	56617	卖盘
10:53:48	51.49	--	5	25745	买盘
10:53:39	51.49	--	2	10298	卖盘
10:53:30	51.49	--	7	36043	卖盘
10:53:27	51.49	--	12	61788	买盘
10:53:15	51.49	0.09	1	5149	买盘
10:53:12	51.4	-0.09	5	25700	卖盘
10:53:09	51.49	0.02	6	30894	买盘
10:52:57	51.47	--	13	66911	卖盘
10:52:51	51.47	0.07	6	30882	买盘
10:52:42	51.4	-0.07	20	102800	卖盘
10:52:30	51.47	0.07	4	20588	买盘
10:52:18	51.4	-0.07	3	15420	卖盘
10:52:12	51.47	--	2	10294	买盘
10:52:09	51.47	--	5	25735	中性盘
10:52:00	51.47	--	5	25735	卖盘
10:51:51	51.47	--	2	10294	卖盘
10:51:48	51.47	--	21	108087	中性盘
10:51:21	51.47	0.07	7	36029	买盘
10:51:15	51.4	--	2	10280	卖盘
10:51:12	51.4	--	2	10280	卖盘
10:51:03	51.4	--	1	5140	卖盘
10:51:00	51.4	-0.05	2	10280	卖盘
10:50:51	51.45	-0.03	1	5145	中性盘
10:50:45	51.48	--	1	5148	买盘
10:50:36	51.48	--	7	36036	买盘
10:50:21	51.48	-0.01	1	5148	中性盘
10:50:09	51.49	--	1	5149	买盘
10:49:57	51.49	--	1	5149	中性盘
10:49:48	51.49	0.14	7	36043	买盘
10:49:45	51.35	-0.13	50	256750	卖盘
10:49:33	51.48	0.13	50	257399	买盘
10:49:21	51.35	--	19	97565	买盘
10:49:18	51.35	0.01	1	5135	买盘
10:49:12	51.34	--	10	51340	卖盘
10:49:06	51.34	--	16	82144	买盘
10:48:57	51.34	0.01	8	41072	买盘
10:48:54	51.33	--	10	51330	中性盘
10:48:33	51.33	-0.01	1	5133	买盘
10:48:09	51.34	0.09	7	35938	买盘
10:47:57	51.25	--	5	25625	中性盘
10:47:54	51.25	--	1	5125	买盘
10:47:51	51.25	--	3	15375	买盘
10:47:42	51.25	--	4	20500	买盘
10:47:36	51.25	--	5	25625	买盘
10:47:21	51.25	0.05	7	35875	买盘
10:47:18	51.2	0.01	1	5120	买盘
10:47:09	51.19	-0.01	5	25595	卖盘
10:47:03	51.2	0.09	2	10240	买盘
10:46:39	51.11	--	4	20444	买盘
10:46:33	51.11	0.03	2	10222	买盘
10:46:30	51.08	-0.03	9	45972	中性盘
10:46:27	51.11	--	1	5111	买盘
10:46:24	51.11	--	4	20444	买盘
10:46:15	51.11	0.03	11	56221	买盘
10:46:12	51.08	--	47	240076	中性盘
10:46:06	51.08	-0.03	4	20432	卖盘
10:46:00	51.11	--	15	76665	买盘
10:45:51	51.11	0.05	3	15333	买盘
10:45:48	51.06	-0.05	1	5106	卖盘
10:45:45	51.11	--	7	35777	买盘
10:45:42	51.11	0.06	8	40888	买盘
10:45:33	51.05	-0.06	3	15315	卖盘
10:45:27	51.11	--	5	25555	买盘
10:45:12	51.11	--	1	5111	买盘
10:45:09	51.11	--	1	5111	卖盘
10:45:03	51.11	-0.06	1	5111	卖盘
10:44:57	51.17	-0.01	5	25585	买盘
10:44:39	51.18	-0.16	15	76770	卖盘
10:44:27	51.34	--	2	10268	买盘
10:44:24	51.34	-0.01	9	46206	卖盘
10:44:21	51.35	--	7	35945	卖盘
10:44:15	51.35	-0.01	1	5135	卖盘
10:44:12	51.36	0.01	2	10272	买盘
10:44:09	51.35	-0.01	3	15405	卖盘
10:43:57	51.36	--	7	35952	卖盘
10:43:42	51.36	--	6	30816	卖盘
10:43:33	51.36	-0.06	17	87312	卖盘
10:42:54	51.42	--	5	25710	中性盘
10:42:51	51.42	--	1	5142	卖盘
10:42:45	51.42	--	1	5142	中性盘
10:42:27	51.42	-0.07	11	56562	中性盘
10:42:09	51.49	0.13	50	257450	买盘
10:42:03	51.36	-0.1	3	15408	卖盘
10:42:00	51.46	0.02	2	10292	买盘
10:41:57	51.44	0.08	5	25720	买盘
10:41:54	51.36	-0.03	10	51360	卖盘
10:41:45	51.39	0.04	1	5139	中性盘
10:41:36	51.35	--	2	10270	卖盘
10:41:33	51.35	-0.01	16	82160	卖盘
10:41:27	51.36	--	3	15408	买盘
10:41:24	51.36	0.01	5	25680	买盘
10:41:18	51.35	--	3	15405	卖盘
10:41:15	51.35	--	3	15405	卖盘
10:41:12	51.35	-0.13	2	10270	卖盘
10:41:06	51.48	0.13	7	36036	买盘
10:41:03	51.35	--	9	46215	卖盘
10:40:48	51.35	--	2	10270	卖盘
10:40:45	51.35	--	2	10270	卖盘
10:40:33	51.35	-0.14	5	25675	卖盘
10:40:30	51.49	--	100	514900	买盘
10:40:18	51.49	--	9	46341	买盘
10:40:15	51.49	--	19	97831	买盘
10:40:12	51.49	--	9	46341	买盘
10:40:03	51.49	--	5	25745	卖盘
10:39:57	51.49	--	4	20596	卖盘
10:39:54	51.49	--	4	20596	卖盘
10:39:51	51.49	0.14	87	447963	买盘
10:39:42	51.35	-0.09	4	20540	卖盘
10:39:36	51.44	-0.05	6	30864	卖盘
10:39:33	51.49	0.01	3	15447	买盘
10:39:30	51.48	-0.01	11	56628	卖盘
10:39:24	51.49	--	13	66937	卖盘
10:39:21	51.49	-0.02	3	15447	卖盘
10:39:15	51.51	-0.04	12	61812	卖盘
10:39:03	51.55	--	3	15465	卖盘
10:39:00	51.55	--	13	67015	卖盘
10:38:54	51.55	--	6	30930	卖盘
10:38:48	51.55	-0.07	1	5155	中性盘
10:38:42	51.62	0.1	5	25810	买盘
10:38:36	51.52	--	2	10304	买盘
10:38:33	51.52	-0.08	3	15456	卖盘
10:38:30	51.6	0.08	49	252840	买盘
10:38:27	51.52	-0.07	8	41216	卖盘
10:38:21	51.59	0.04	10	51590	买盘
10:38:18	51.55	--	3	15465	卖盘
10:38:15	51.55	--	1	5155	卖盘
10:38:12	51.55	--	4	20620	卖盘
10:38:09	51.55	--	17	87635	买盘
10:38:06	51.55	0.03	2	10310	买盘
10:38:03	51.52	-0.03	5	25760	卖盘
10:37:57	51.55	0.04	2	10310	买盘
10:37:54	51.51	0.02	58	298758	买盘
10:37:51	51.49	--	2	10298	卖盘
10:37:48	51.49	-0.01	4	20596	卖盘
10:37:45	51.5	0.01	7	36050	买盘
10:37:42	51.49	--	5	25745	买盘
10:37:36	51.49	0.01	12	61788	买盘
10:37:33	51.48	0.05	5	25740	中性盘
10:37:27	51.43	--	8	41144	卖盘
10:37:24	51.43	-0.03	10	51430	卖盘
10:37:21	51.46	--	16	82336	买盘
10:37:15	51.46	0.03	2	10292	买盘
10:37:12	51.43	--	18	92574	卖盘
10:37:09	51.43	0.07	45	231435	买盘
10:37:06	51.36	-0.04	8	41088	卖盘
10:37:03	51.4	0.04	6	30840	买盘
10:36:57	51.36	-0.04	31	159216	卖盘
10:36:48	51.4	0.05	11	56540	买盘
10:36:45	51.35	-0.05	1	5135	卖盘
10:36:33	51.4	--	11	56540	买盘
10:36:27	51.4	-0.06	29	149060	卖盘
10:36:24	51.46	0.03	1	5146	买盘
10:36:21	51.43	-0.03	10	51430	卖盘
10:36:18	51.46	0.04	1	5146	买盘
10:36:12	51.42	--	6	30852	卖盘
10:36:09	51.42	0.02	10	51420	中性盘
10:35:54	51.4	-0.09	22	113080	中性盘
10:35:42	51.49	0.09	5	25745	买盘
10:35:33	51.4	-0.02	2	10280	卖盘
10:35:27	51.42	-0.06	5	25710	卖盘
10:35:24	51.48	0.02	26	133848	买盘
10:35:21	51.46	--	99	509454	卖盘
10:35:18	51.46	--	1	5146	卖盘
10:35:15	51.46	-0.04	2	10292	卖盘
10:35:03	51.5	--	20	103000	卖盘
10:35:00	51.5	--	11	56650	卖盘
10:34:57	51.5	--	1	5150	卖盘
10:34:54	51.5	--	1	5150	卖盘
10:34:51	51.5	--	3	15450	卖盘
10:34:48	51.5	-0.02	9	46350	卖盘
10:34:45	51.52	--	7	36064	买盘
10:34:42	51.52	-0.03	7	36064	卖盘
10:34:36	51.55	0.01	1	5155	中性盘
10:34:33	51.54	-0.06	20	103080	卖盘
10:34:30	51.6	--	9	46440	买盘
10:34:27	51.6	-0.05	28	144480	中性盘
10:34:21	51.65	-0.02	20	103300	中性盘
10:34:15	51.67	-0.01	2	10334	卖盘
10:34:12	51.68	0.01	1	5168	买盘
10:34:09	51.67	-0.03	14	72338	卖盘
10:34:03	51.7	0.02	2	10340	买盘
10:34:00	51.68	--	3	15504	卖盘
10:33:57	51.68	-0.02	24	124032	卖盘
10:33:54	51.7	--	4	20680	卖盘
10:33:51	51.7	--	15	77550	卖盘
10:33:45	51.7	--	20	103400	卖盘
10:33:42	51.7	-0.03	18	93060	卖盘
10:33:39	51.73	0.02	3	15518	买盘
10:33:36	51.71	-0.03	2	10342	卖盘
10:33:30	51.74	0.01	4	20696	买盘
10:33:27	51.73	-0.01	42	217266	卖盘
10:33:24	51.74	0.01	5	25870	中性盘
10:33:18	51.73	-0.01	22	113806	卖盘
10:33:15	51.74	--	56	289744	卖盘
10:33:12	51.74	--	23	119002	卖盘
10:33:06	51.74	0.01	33	170742	买盘
10:33:03	51.73	0.05	3	15518	买盘
10:33:00	51.68	-0.07	12	62016	卖盘
10:32:57	51.75	0.05	35	181125	买盘
10:32:54	51.7	--	56	289520	卖盘
10:32:51	51.7	--	34	175780	卖盘
10:32:48	51.7	--	27	139590	卖盘
10:32:45	51.7	--	11	56870	卖盘
10:32:42	51.7	0.02	21	108570	买盘
10:32:39	51.68	--	28	144704	卖盘
10:32:36	51.68	--	13	67184	卖盘
10:32:33	51.68	--	5	25840	卖盘
10:32:30	51.68	-0.07	5	25840	卖盘
10:32:27	51.75	0.07	51	263925	买盘
10:32:24	51.68	--	5	25840	买盘
10:32:21	51.68	0.03	20	103360	买盘
10:32:18	51.65	--	5	25825	买盘
10:32:15	51.65	-0.03	4	20660	中性盘
10:32:12	51.68	-0.07	9	46512	中性盘
10:32:09	51.75	0.07	22	113850	买盘
10:32:06	51.68	-0.03	70	361760	中性盘
10:32:00	51.71	0.06	17	87907	买盘
10:31:57	51.65	-0.1	5	25825	卖盘
10:31:54	51.75	0.04	10	51750	买盘
10:31:51	51.71	-0.04	27	139617	中性盘
10:31:48	51.75	--	47	243225	卖盘
10:31:45	51.75	--	12	62100	卖盘
10:31:42	51.75	0.04	16	82800	买盘
10:31:39	51.71	-0.05	2	10342	卖盘
10:31:36	51.76	0.05	6	31056	买盘
10:31:33	51.71	--	28	144788	卖盘
10:31:30	51.71	-0.07	2	10342	中性盘
10:31:24	51.78	0.01	4	20712	买盘
10:31:21	51.77	0.08	11	56947	买盘
10:31:18	51.69	-0.09	5	25845	卖盘
10:31:15	51.78	0.01	18	93204	买盘
10:31:12	51.77	0.02	8	41416	买盘
10:31:09	51.75	0.1	9	46575	买盘
10:31:06	51.65	-0.06	32	165280	卖盘
10:31:03	51.71	0.01	9	46539	中性盘
10:31:00	51.7	0.01	50	258500	中性盘
10:30:57	51.69	-0.02	11	56859	卖盘
10:30:54	51.71	0.11	3	15513	中性盘
10:30:48	51.6	--	7	36120	卖盘
10:30:45	51.6	--	40	206400	卖盘
10:30:42	51.6	--	13	67080	卖盘
10:30:39	51.6	--	48	247680	卖盘
10:30:36	51.6	--	18	92880	卖盘
10:30:33	51.6	--	14	72240	卖盘
10:30:30	51.6	0.1	507	2616120	买盘
10:30:27	51.5	0.04	13	66950	买盘
10:30:24	51.46	-0.04	8	41168	卖盘
10:30:21	51.5	0.04	30	154500	买盘
10:30:18	51.46	-0.04	8	41168	卖盘
10:30:15	51.5	--	123	633450	买盘
10:30:12	51.5	--	8	41200	买盘
10:30:09	51.5	0.04	16	82400	买盘
10:30:06	51.46	-0.04	29	149234	卖盘
10:30:03	51.5	--	32	164800	买盘
10:30:00	51.5	--	18	92700	买盘
10:29:57	51.5	0.04	50	257500	买盘
10:29:54	51.46	--	18	92628	卖盘
10:29:51	51.46	-0.04	30	154380	卖盘
10:29:48	51.5	--	5	25750	卖盘
10:29:45	51.5	--	10	51500	卖盘
10:29:42	51.5	--	52	267800	卖盘
10:29:39	51.5	0.22	87	448050	买盘
10:29:36	51.28	-0.06	17	87176	卖盘
10:29:33	51.34	0.06	10	51340	买盘
10:29:30	51.28	-0.12	4	20512	卖盘
10:29:27	51.4	0.14	57	293288	买盘
10:29:24	51.26	-0.02	11	56386	中性盘
10:29:15	51.28	0.21	8	41024	买盘
10:29:09	51.07	0.07	8	40856	中性盘
10:29:06	51.0	--	6	30600	卖盘
10:29:03	51.0	--	56	285600	买盘
10:29:00	51.0	0.01	92	469200	买盘
10:28:57	50.99	-0.01	71	362029	卖盘
10:28:54	51.0	0.02	8	44880	买盘
10:28:51	50.98	-0.02	129	657642	卖盘
10:28:45	51.0	0.01	8	40800	买盘
10:28:42	50.99	0.01	40	203960	买盘
10:28:36	50.98	0.03	10	50980	买盘
10:28:33	50.95	0.2	24	122280	买盘
10:28:27	50.75	-0.04	17	86275	卖盘
10:28:24	50.79	-0.01	1	5079	买盘
10:28:21	50.8	0.11	2	10160	买盘
10:28:12	50.69	0.08	3	15207	买盘
10:28:09	50.61	--	3	15183	卖盘
10:28:06	50.61	0.01	10	50610	买盘
10:28:00	50.6	0.01	1	5060	买盘
10:27:57	50.59	0.03	1	5059	买盘
10:27:54	50.56	--	5	25280	买盘
10:27:51	50.56	--	13	65728	买盘
10:27:48	50.56	0.01	30	151680	买盘
10:27:39	50.55	--	43	217365	买盘
10:27:36	50.55	0.04	18	90990	买盘
10:27:33	50.51	--	13	65663	买盘
10:27:30	50.51	--	13	65663	买盘
10:27:24	50.51	0.01	4	20204	买盘
10:27:21	50.5	-0.01	4	20200	卖盘
10:27:18	50.51	0.01	3	15153	买盘
10:27:12	50.5	--	4	20200	卖盘
10:27:09	50.5	--	1	5050	卖盘
10:27:03	50.5	0.01	6	30300	买盘
10:26:48	50.49	--	13	65637	买盘
10:26:42	50.49	--	4	20196	买盘
10:26:39	50.49	--	1	5049	买盘
10:26:33	50.49	0.01	1	5049	中性盘
10:26:21	50.48	-0.02	72	363456	卖盘
10:26:18	50.5	--	28	141400	买盘
10:26:09	50.5	--	1	5050	买盘
10:26:06	50.5	--	7	35350	买盘
10:26:00	50.5	--	3	15150	买盘
10:25:57	50.5	--	5	25250	买盘
10:25:48	50.5	0.03	1	5050	买盘
10:25:45	50.47	0.04	3	15141	买盘
10:25:42	50.43	-0.04	1	5043	卖盘
10:25:39	50.47	--	2	10094	买盘
10:25:33	50.47	-0.03	10	50470	卖盘
10:25:27	50.5	0.03	50	252500	买盘
10:25:24	50.47	-0.02	6	30282	卖盘
10:25:12	50.49	--	1	5049	卖盘
10:25:09	50.49	0.07	13	65637	买盘
10:25:03	50.42	--	6	30252	买盘
10:24:57	50.42	-0.05	8	40336	卖盘
10:24:54	50.47	0.05	1	5047	买盘
10:24:36	50.42	0.01	2	10084	买盘
10:24:33	50.41	--	7	35287	买盘
10:24:27	50.41	--	2	10082	买盘
10:24:24	50.41	--	3	15122	买盘
10:24:21	50.41	--	1	5041	买盘
10:24:18	50.41	0.03	11	55450	卖盘
10:24:15	50.38	-0.01	10	50380	卖盘
10:24:12	50.39	-0.03	24	120936	卖盘
10:24:06	50.42	0.04	1	5042	买盘
10:24:03	50.38	-0.04	14	70532	卖盘
10:23:57	50.42	--	20	100840	买盘
10:23:51	50.42	0.03	13	65546	买盘
10:23:48	50.39	-0.03	6	30234	卖盘
10:23:45	50.42	0.03	10	50420	买盘
10:23:30	50.39	0.01	25	125975	中性盘
10:23:24	50.38	--	1	5038	卖盘
10:23:18	50.38	0.01	1	5038	买盘
10:23:15	50.37	-0.01	2	10074	卖盘
10:23:09	50.38	-0.04	1	5038	中性盘
10:23:03	50.42	--	15	75630	买盘
10:23:00	50.42	--	1	5042	买盘
10:22:51	50.42	0.04	6	30252	买盘
10:22:48	50.38	-0.04	33	166254	卖盘
10:22:45	50.42	--	1	5042	买盘
10:22:36	50.42	-0.01	26	131092	买盘
10:22:27	50.43	--	14	70602	买盘
10:22:18	50.43	0.04	13	65559	买盘
10:22:15	50.39	--	1	5039	买盘
10:22:12	50.39	-0.04	79	398081	卖盘
10:22:09	50.43	--	2	10086	买盘
10:22:06	50.43	0.01	15	75645	买盘
10:21:57	50.42	0.01	47	236974	买盘
10:21:54	50.41	-0.01	3	15122	卖盘
10:21:48	50.42	0.01	4	20168	买盘
10:21:45	50.41	--	2	10082	买盘
10:21:39	50.41	--	1	5041	买盘
10:21:36	50.41	--	1	5041	买盘
10:21:33	50.41	--	13	65532	买盘
10:21:30	50.41	0.01	1	5041	买盘
10:21:27	50.4	--	2	10080	卖盘
10:21:18	50.4	--	3	15120	买盘
10:21:15	50.4	--	6	30240	买盘
10:21:09	50.4	0.01	14	70560	买盘
10:21:03	50.39	--	3	15117	卖盘
10:20:57	50.39	0.01	2	10078	买盘
10:20:48	50.38	--	4	20152	卖盘
10:20:42	50.38	--	2	10076	卖盘
10:20:39	50.38	0.03	4	20152	买盘
10:20:33	50.35	--	3	15105	卖盘
10:20:24	50.35	-0.03	2	10070	卖盘
10:20:21	50.38	0.01	2	10076	买盘
10:20:18	50.37	0.02	5	25185	买盘
10:20:15	50.35	--	40	201400	卖盘
10:20:09	50.35	--	2	10070	卖盘
10:20:00	50.35	--	2	10070	买盘
10:19:57	50.35	--	3	15105	买盘
10:19:48	50.35	0.05	11	55385	买盘
10:19:42	50.3	0.01	2	10060	买盘
10:19:30	50.29	--	4	20116	买盘
10:19:27	50.29	--	5	25145	买盘
10:19:21	50.29	0.03	10	50290	买盘
10:19:15	50.26	-0.01	8	40208	中性盘
10:19:12	50.27	0.01	30	150810	买盘
10:19:03	50.26	--	2	10052	卖盘
10:18:57	50.26	0.05	10	50260	买盘
10:18:33	50.21	--	32	160672	买盘
10:18:30	50.21	--	11	55231	买盘
10:18:27	50.21	--	2	10042	买盘
10:18:21	50.21	0.01	11	55231	买盘
10:18:18	50.2	-0.01	3	15060	卖盘
10:18:12	50.21	--	3	15063	买盘
10:18:09	50.21	-0.05	1	5021	中性盘
10:18:03	50.26	0.05	6	30156	买盘
10:18:00	50.21	--	12	60252	买盘
10:17:57	50.21	--	10	50210	买盘
10:17:54	50.21	0.01	8	40168	买盘
10:17:51	50.2	-0.05	21	105420	卖盘
10:17:48	50.25	0.05	1	5025	中性盘
10:17:30	50.2	--	56	284132	买盘
10:17:27	50.2	-0.05	54	271080	买盘
10:17:24	50.25	-0.02	13	65325	卖盘
10:17:21	50.27	0.01	3	15081	买盘
10:17:12	50.26	0.01	14	70364	买盘
10:17:00	50.25	0.09	5	25125	中性盘
10:16:54	50.16	0.04	4	20064	中性盘
10:16:42	50.12	-0.14	3	15036	卖盘
10:16:39	50.26	--	1	5026	买盘
10:16:36	50.26	0.16	1	5026	买盘
10:16:21	50.1	-0.16	7	35070	卖盘
10:16:18	50.26	0.16	5	25130	买盘
10:16:15	50.1	0.02	29	145290	卖盘
10:16:09	50.08	-0.02	12	60096	卖盘
10:16:06	50.1	--	2	10020	买盘
10:16:03	50.1	--	5	25050	买盘
10:16:00	50.1	--	2	10020	买盘
10:15:54	50.1	--	1	5010	买盘
10:15:45	50.1	--	1	5010	买盘
10:15:42	50.1	--	1	5010	买盘
10:15:39	50.1	-0.17	193	966930	卖盘
10:15:33	50.27	-0.02	1	5027	买盘
10:15:24	50.29	0.01	5	25145	买盘
10:15:21	50.28	-0.01	2	10056	卖盘
10:15:15	50.29	-0.01	3	15087	卖盘
10:15:03	50.3	--	13	67402	卖盘
10:15:00	50.3	-0.01	3	15090	卖盘
10:14:57	50.31	--	1	5031	买盘
10:14:48	50.31	--	1	5031	买盘
10:14:45	50.31	--	96	485994	买盘
10:14:42	50.31	--	25	125775	卖盘
10:14:36	50.31	-0.04	1	5031	卖盘
10:14:21	50.35	--	4	20140	买盘
10:14:15	50.35	-0.05	4	20140	卖盘
10:14:12	50.4	0.01	20	100800	买盘
10:14:03	50.39	--	4	20156	买盘
10:14:00	50.39	-0.01	8	40312	卖盘
10:13:54	50.4	--	70	352800	卖盘
10:13:51	50.4	-0.01	4	20160	卖盘
10:13:48	50.41	0.01	1	5041	买盘
10:13:45	50.4	-0.01	21	105840	卖盘
10:13:39	50.41	0.01	6	30245	买盘
10:13:36	50.4	--	3	15120	卖盘
10:13:30	50.4	-0.02	22	110880	卖盘
10:13:27	50.42	0.01	53	267226	买盘
10:13:24	50.41	-0.01	4	20164	卖盘
10:13:21	50.42	0.02	2	10084	买盘
10:13:18	50.4	-0.02	20	100800	卖盘
10:13:12	50.42	0.02	34	171428	买盘
10:13:09	50.4	--	11	55440	卖盘
10:13:06	50.4	-0.02	2	10080	卖盘
10:13:03	50.42	--	35	176470	买盘
10:13:00	50.42	0.01	12	60504	买盘
10:12:57	50.41	--	2	10082	买盘
10:12:51	50.41	--	2	10082	买盘
10:12:48	50.41	-0.01	13	65532	卖盘
10:12:45	50.42	--	22	110924	买盘
10:12:42	50.42	--	2	10084	买盘
10:12:39	50.42	--	21	105882	买盘
10:12:36	50.42	-0.01	17	85714	中性盘
10:12:33	50.43	--	4	20172	买盘
10:12:24	50.43	--	6	30258	买盘
10:12:21	50.43	--	1	5043	买盘
10:12:12	50.43	--	1	5043	买盘
10:12:09	50.43	--	8	40344	买盘
10:12:06	50.43	--	1	5043	买盘
10:12:03	50.43	--	2	10086	买盘
10:12:00	50.43	--	50	252150	买盘
10:11:57	50.43	--	12	60516	买盘
10:11:54	50.43	--	3	15129	买盘
10:11:39	50.43	0.02	15	75645	买盘
10:11:36	50.41	-0.01	4	20164	卖盘
10:11:33	50.42	0.01	7	35294	买盘
10:11:30	50.41	-0.01	3	15122	卖盘
10:11:27	50.42	0.01	14	70588	买盘
10:11:24	50.41	-0.01	14	72187	卖盘
10:11:21	50.42	0.01	7	35294	中性盘
10:11:18	50.41	-0.02	1	5041	卖盘
10:11:12	50.43	--	2	10086	买盘
10:11:06	50.43	--	10	50430	买盘
10:11:03	50.43	--	9	45387	买盘
10:11:00	50.43	0.03	33	166419	买盘
10:10:57	50.4	--	6	30240	买盘
10:10:54	50.4	-0.03	23	115920	卖盘
10:10:51	50.43	--	21	105903	买盘
10:10:45	50.43	-0.03	14	70602	卖盘
10:10:42	50.46	0.02	10	50460	买盘
10:10:39	50.44	0.05	5	25220	买盘
10:10:33	50.39	-0.05	3	15117	卖盘
10:10:30	50.44	0.08	1	5044	买盘
10:10:21	50.36	--	1	5036	买盘
10:10:15	50.36	0.06	43	216548	买盘
10:10:12	50.3	--	21	105630	买盘
10:10:09	50.3	-0.05	47	236410	卖盘
10:10:03	50.35	0.05	7	35245	买盘
10:10:00	50.3	--	7	35210	买盘
10:09:57	50.3	--	15	75450	买盘
10:09:51	50.3	--	1	5030	买盘
10:09:45	50.3	0.04	27	135810	买盘
10:09:42	50.26	--	12	60312	买盘
10:09:39	50.26	--	4	20104	买盘
10:09:36	50.26	--	2	10052	买盘
10:09:33	50.26	--	3	15078	买盘
10:09:30	50.26	0.15	1	5026	买盘
10:09:27	50.11	-0.15	14	70154	卖盘
10:09:24	50.26	0.15	17	85442	买盘
10:09:18	50.11	--	10	50110	卖盘
10:09:12	50.11	-0.15	3	15033	中性盘
10:09:06	50.26	0.22	37	185962	买盘
10:09:03	50.04	--	21	105084	卖盘
10:09:00	50.04	--	8	40032	卖盘
10:08:57	50.04	0.02	7	35028	买盘
10:08:54	50.02	--	12	60024	卖盘
10:08:48	50.02	0.01	24	120048	买盘
10:08:45	50.01	0.01	20	100020	买盘
10:08:42	50.0	-0.02	18	90000	卖盘
10:08:39	50.02	--	32	160064	买盘
10:08:36	50.02	0.01	105	525210	买盘
10:08:33	50.01	--	112	560112	卖盘
10:08:30	50.01	-0.01	37	185037	卖盘
10:08:27	50.02	--	4	20008	买盘
10:08:24	50.02	0.02	29	145058	中性盘
10:08:21	50.0	-0.02	166	832500	卖盘
10:08:18	50.02	0.01	114	570228	买盘
10:08:15	50.01	--	20	100020	买盘
10:08:12	50.01	--	33	165033	卖盘
10:08:09	50.01	-0.01	20	100020	卖盘
10:08:06	50.02	--	32	160064	买盘
10:08:03	50.02	0.01	12	60024	买盘
10:08:00	50.01	-0.02	21	105021	卖盘
10:07:57	50.03	--	1	5003	买盘
10:07:54	50.03	0.01	2	10006	买盘
10:07:51	50.02	-0.03	60	300120	卖盘
10:07:48	50.05	-0.01	59	295295	卖盘
10:07:45	50.06	-0.02	9	45054	卖盘
10:07:42	50.08	--	8	40064	买盘
10:07:36	50.08	-0.02	5	25040	卖盘
10:07:33	50.1	--	17	85170	买盘
10:07:30	50.1	--	7	35070	卖盘
10:07:27	50.1	--	2	10020	卖盘
10:07:24	50.1	-0.01	9	45090	卖盘
10:07:21	50.11	0.01	8	40088	中性盘
10:07:18	50.1	-0.03	17	85170	卖盘
10:07:09	50.13	-0.02	1	5013	卖盘
10:07:06	50.15	--	8	40120	买盘
10:07:03	50.15	--	1	5015	买盘
10:07:00	50.15	-0.03	32	160480	卖盘
10:06:57	50.18	-0.02	2	10036	卖盘
10:06:54	50.2	-0.08	57	286140	卖盘
10:06:51	50.28	-0.02	1	5028	中性盘
10:06:45	50.3	--	3	15090	买盘
10:06:42	50.3	--	1	5030	买盘
10:06:39	50.3	--	51	256530	卖盘
10:06:36	50.3	-0.05	6	30180	卖盘
10:06:33	50.35	0.05	16	80560	中性盘
10:06:27	50.3	--	23	115690	卖盘
10:06:18	50.3	-0.15	59	296770	卖盘
10:06:15	50.45	--	1	5045	买盘
10:06:12	50.45	0.05	3	15135	中性盘
10:06:09	50.4	-0.08	52	262080	卖盘
10:06:06	50.48	--	3	15143	买盘
10:06:03	50.48	--	2	10096	买盘
10:06:00	50.48	-0.02	2	10096	买盘
10:05:57	50.5	--	27	136350	买盘
10:05:54	50.5	--	94	474700	买盘
10:05:51	50.5	--	5	25250	买盘
10:05:45	50.5	--	9	45450	买盘
10:05:42	50.5	--	7	35350	买盘
10:05:39	50.5	-0.02	123	624634	卖盘
10:05:36	50.52	0.02	2	10104	买盘
10:05:33	50.5	--	45	227250	卖盘
10:05:30	50.5	--	5	25250	卖盘
10:05:27	50.5	--	15	75750	卖盘
10:05:18	50.5	--	12	60600	卖盘
10:05:15	50.5	-0.03	33	166650	卖盘
10:05:09	50.53	0.03	1	5053	买盘
10:05:06	50.5	--	69	350015	卖盘
10:05:03	50.5	-0.02	137	691850	卖盘
10:05:00	50.52	0.02	5	25260	买盘
10:04:57	50.5	-0.01	55	277750	卖盘
10:04:54	50.51	-0.01	44	222244	卖盘
10:04:48	50.52	-0.01	3	15156	卖盘
10:04:45	50.53	0.01	6	30318	买盘
10:04:42	50.52	--	1	5052	卖盘
10:04:39	50.52	0.01	1	5052	中性盘
10:04:36	50.51	-0.02	24	121224	卖盘
10:04:30	50.53	0.01	6	30318	买盘
10:04:27	50.52	0.01	28	141456	买盘
10:04:24	50.51	-0.02	6	30306	卖盘
10:04:21	50.53	--	1	5053	买盘
10:04:18	50.53	--	3	15159	买盘
10:04:12	50.53	--	9	45477	买盘
10:04:09	50.53	0.01	1	5053	买盘
10:04:03	50.52	-0.01	56	282912	卖盘
10:04:00	50.53	--	35	176855	买盘
10:03:57	50.53	--	16	80848	买盘
10:03:54	50.53	--	4	20212	买盘
10:03:51	50.53	--	1	5053	买盘
10:03:48	50.53	-0.01	64	323392	卖盘
10:03:45	50.54	--	10	50540	买盘
10:03:42	50.54	--	1	5054	买盘
10:03:36	50.54	0.01	1	5054	买盘
10:03:33	50.53	-0.02	12	60636	卖盘
10:03:27	50.55	0.02	3	15165	买盘
10:03:24	50.53	-0.02	5	25265	卖盘
10:03:21	50.55	--	9	45495	买盘
10:03:18	50.55	--	5	25275	买盘
10:03:12	50.55	--	12	64147	卖盘
10:03:09	50.55	--	95	481792	卖盘
10:03:06	50.55	--	1	5055	买盘
10:03:03	50.55	--	1	5055	买盘
10:03:00	50.55	--	2	10110	买盘
10:02:57	50.55	0.03	5	25275	买盘
10:02:54	50.52	-0.03	22	111144	卖盘
10:02:51	50.55	--	10	50550	买盘
10:02:48	50.55	-0.01	1	5055	买盘
10:02:45	50.56	0.01	3	15168	买盘
10:02:42	50.55	-0.01	22	111210	卖盘
10:02:36	50.56	--	8	40448	买盘
10:02:33	50.56	--	10	50560	买盘
10:02:27	50.56	0.03	47	237632	买盘
10:02:24	50.53	--	15	75795	买盘
10:02:21	50.53	--	21	106113	卖盘
10:02:18	50.53	-0.04	84	424452	卖盘
10:02:15	50.57	0.01	1	5057	买盘
10:02:12	50.56	0.01	10	50560	买盘
10:02:06	50.55	--	3	15165	买盘
10:02:03	50.55	-0.01	29	146595	卖盘
10:01:57	50.56	--	5	25280	卖盘
10:01:54	50.56	0.01	18	91008	买盘
10:01:51	50.55	--	1	5055	买盘
10:01:48	50.55	0.01	3	15165	中性盘
10:01:45	50.54	-0.01	21	106134	卖盘
10:01:42	50.55	-0.01	6	30330	卖盘
10:01:39	50.56	--	15	75840	买盘
10:01:36	50.56	--	2	10112	买盘
10:01:33	50.56	--	3	15168	买盘
10:01:24	50.56	--	15	75840	卖盘
10:01:15	50.56	--	1	5056	卖盘
10:01:12	50.56	-0.01	17	85952	卖盘
10:01:09	50.57	--	15	75855	买盘
10:01:06	50.57	--	3	15171	买盘
10:01:00	50.57	-0.01	10	50570	买盘
10:00:57	50.58	0.01	40	202320	买盘
10:00:54	50.57	-0.01	21	106197	卖盘
10:00:51	50.58	--	72	364176	买盘
10:00:48	50.58	--	25	126450	买盘
10:00:45	50.58	--	4	20232	买盘
10:00:42	50.58	--	21	106218	买盘
10:00:39	50.58	--	18	91044	买盘
10:00:36	50.58	--	34	171972	卖盘
10:00:33	50.58	-0.02	1	5058	卖盘
10:00:30	50.6	--	1	5060	买盘
10:00:27	50.6	--	20	101200	买盘
10:00:24	50.6	0.02	14	70840	买盘
10:00:21	50.58	-0.02	22	111276	卖盘
10:00:18	50.6	--	3	15180	买盘
10:00:15	50.6	0.01	6	30360	买盘
10:00:12	50.59	--	30	151770	卖盘
10:00:09	50.59	-0.01	27	136593	卖盘
10:00:06	50.6	--	1	5060	买盘
10:00:03	50.6	0.01	36	182160	买盘
10:00:00	50.59	--	4	20236	买盘
09:59:57	50.59	-0.01	41	210909	卖盘
09:59:54	50.6	-0.01	28	141680	中性盘
09:59:51	50.61	0.02	10	50610	买盘
09:59:48	50.59	-0.01	16	80944	卖盘
09:59:45	50.6	--	22	111320	买盘
09:59:42	50.6	--	13	65780	买盘
09:59:39	50.6	-0.03	41	207460	卖盘
09:59:36	50.63	0.03	5	25315	买盘
09:59:30	50.6	-0.03	61	308660	卖盘
09:59:27	50.63	0.02	5	25315	买盘
09:59:24	50.61	-0.02	8	40488	卖盘
09:59:21	50.63	--	1	5063	买盘
09:59:18	50.63	--	11	55693	买盘
09:59:15	50.63	-0.02	124	627812	卖盘
09:59:12	50.65	-0.07	15	75975	卖盘
09:59:09	50.72	0.03	100	507200	买盘
09:59:06	50.69	0.04	17	86173	买盘
09:59:03	50.65	-0.05	30	151950	卖盘
09:59:00	50.7	--	4	20280	买盘
09:58:57	50.7	-0.02	5	25350	卖盘
09:58:54	50.72	0.02	46	233312	买盘
09:58:51	50.7	-0.02	13	65910	卖盘
09:58:48	50.72	--	9	45648	买盘
09:58:45	50.72	0.02	1	5072	买盘
09:58:42	50.7	--	35	177450	买盘
09:58:39	50.7	--	17	86190	买盘
09:58:36	50.7	--	1	5070	买盘
09:58:33	50.7	--	2	10140	买盘
09:58:30	50.7	--	1	5070	买盘
09:58:27	50.7	-0.05	39	197730	卖盘
09:58:21	50.75	0.05	21	106575	买盘
09:58:15	50.7	-0.03	10	50700	卖盘
09:58:12	50.73	-0.02	3	15218	卖盘
09:58:09	50.75	--	22	111650	买盘
09:58:06	50.75	0.04	25	126875	买盘
09:58:03	50.71	-0.04	25	126775	中性盘
09:58:00	50.75	0.02	20	101500	买盘
09:57:57	50.73	0.03	2	10146	中性盘
09:57:54	50.7	--	21	106470	买盘
09:57:51	50.7	-0.05	62	314340	卖盘
09:57:48	50.75	0.04	25	126875	买盘
09:57:45	50.71	-0.04	25	126775	卖盘
09:57:42	50.75	--	57	289275	买盘
09:57:39	50.75	--	9	45675	买盘
09:57:36	50.75	--	6	30450	买盘
09:57:33	50.75	--	12	60900	买盘
09:57:30	50.75	-0.04	5	25375	中性盘
09:57:27	50.79	0.09	11	55869	中性盘
09:57:24	50.7	-0.05	25	126750	卖盘
09:57:21	50.75	--	24	121800	卖盘
09:57:15	50.75	-0.05	1	5075	中性盘
09:57:09	50.8	0.15	21	106680	买盘
09:57:06	50.65	-0.03	19	96235	卖盘
09:57:03	50.68	0.03	9	45612	买盘
09:56:57	50.65	0.04	2	10130	买盘
09:56:54	50.61	0.02	20	101220	卖盘
09:56:42	50.59	-0.01	45	229223	卖盘
09:56:39	50.6	--	144	728640	买盘
09:56:36	50.6	--	7	35420	买盘
09:56:33	50.6	--	5	25300	买盘
09:56:30	50.6	--	56	283360	买盘
09:56:27	50.6	0.03	30	151800	买盘
09:56:24	50.57	-0.01	55	278135	卖盘
09:56:21	50.58	--	2	10116	买盘
09:56:18	50.58	--	11	55638	卖盘
09:56:15	50.58	0.01	9	45522	买盘
09:56:12	50.57	-0.03	277	1400789	卖盘
09:56:06	50.6	0.03	81	409860	买盘
09:56:03	50.57	0.03	36	182052	买盘
09:56:00	50.54	-0.03	5	25270	卖盘
09:55:57	50.57	--	16	80912	买盘
09:55:54	50.57	--	26	131482	买盘
09:55:51	50.57	-0.01	8	40456	买盘
09:55:48	50.58	0.01	9	45522	买盘
09:55:45	50.57	-0.03	40	202280	卖盘
09:55:42	50.6	0.02	13	65780	买盘
09:55:39	50.58	-0.02	11	55638	中性盘
09:55:36	50.6	0.02	61	308660	买盘
09:55:33	50.58	-0.02	29	146682	卖盘
09:55:30	50.6	--	37	187220	买盘
09:55:27	50.6	--	28	141680	买盘
09:55:24	50.6	--	48	242880	买盘
09:55:21	50.6	--	37	187220	买盘
09:55:18	50.6	--	32	161920	卖盘
09:55:15	50.6	-0.03	88	445280	卖盘
09:55:12	50.63	0.03	22	111386	买盘
09:55:09	50.6	-0.08	80	404800	卖盘
09:55:06	50.68	0.03	6	30408	买盘
09:55:03	50.65	--	33	167145	买盘
09:55:00	50.65	--	124	628060	买盘
09:54:57	50.65	--	13	65845	买盘
09:54:54	50.65	-0.03	9	45585	卖盘
09:54:51	50.68	0.03	14	70952	买盘
09:54:48	50.65	-0.01	22	111430	卖盘
09:54:45	50.66	-0.04	8	40528	中性盘
09:54:42	50.7	0.05	22	111540	买盘
09:54:39	50.65	-0.05	21	106365	卖盘
09:54:36	50.7	--	1	5070	买盘
09:54:33	50.7	--	1	5070	买盘
09:54:30	50.7	0.07	2	10140	买盘
09:54:27	50.63	-0.02	11	55693	中性盘
09:54:24	50.65	-0.05	55	278575	卖盘
09:54:18	50.7	0.04	5	25350	卖盘
09:54:15	50.66	-0.05	15	75990	卖盘
09:54:12	50.71	-0.03	36	182556	卖盘
09:54:09	50.74	--	5	25370	买盘
09:54:06	50.74	-0.01	23	116702	中性盘
09:54:03	50.75	--	16	81200	买盘
09:54:00	50.75	-0.05	14	71050	卖盘
09:53:57	50.8	--	3	15240	买盘
09:53:54	50.8	--	6	30480	买盘
09:53:51	50.8	-0.08	20	101600	卖盘
09:53:48	50.88	0.08	31	157728	买盘
09:53:45	50.8	-0.09	50	254000	卖盘
09:53:42	50.89	-0.09	33	167937	卖盘
09:53:39	50.98	--	26	132548	买盘
09:53:36	50.98	-0.02	2	10196	买盘
09:53:33	51.0	0.02	3	15300	买盘
09:53:30	50.98	-0.02	18	91764	卖盘
09:53:27	51.0	--	7	35700	买盘
09:53:24	51.0	-0.01	26	132600	卖盘
09:53:21	51.01	0.01	5	25505	中性盘
09:53:18	51.0	--	36	183600	卖盘
09:53:15	51.0	--	107	545700	卖盘
09:53:12	51.0	--	5	25500	卖盘
09:53:09	51.0	--	2	10200	卖盘
09:53:06	51.0	--	1	5100	卖盘
09:53:03	51.0	--	7	35700	卖盘
09:52:54	51.0	-0.1	250	1275000	卖盘
09:52:48	51.1	-0.01	17	86870	卖盘
09:52:45	51.11	--	2	10222	卖盘
09:52:36	51.11	-0.04	2	10222	卖盘
09:52:30	51.15	--	7	35805	买盘
09:52:27	51.15	--	4	20460	卖盘
09:52:24	51.15	--	15	76725	卖盘
09:52:21	51.15	--	17	86955	卖盘
09:52:18	51.15	-0.05	6	30690	卖盘
09:52:15	51.2	0.02	4	20480	买盘
09:52:12	51.18	--	1	5118	买盘
09:52:09	51.18	-0.02	8	40944	中性盘
09:52:00	51.2	--	18	92160	买盘
09:51:57	51.2	--	6	30720	卖盘
09:51:54	51.2	--	4	20480	买盘
09:51:51	51.2	--	6	30720	卖盘
09:51:48	51.2	-0.01	10	51200	卖盘
09:51:42	51.21	--	20	102420	买盘
09:51:39	51.21	--	1	5121	买盘
09:51:36	51.21	-0.01	10	51926	卖盘
09:51:33	51.22	--	7	35854	中性盘
09:51:27	51.22	--	8	40976	中性盘
09:51:24	51.22	-0.02	3	15366	卖盘
09:51:21	51.24	--	6	30744	买盘
09:51:18	51.24	--	2	10248	买盘
09:51:12	51.24	--	1	5124	买盘
09:51:09	51.24	-0.01	1	5124	卖盘
09:51:06	51.25	0.01	2	10250	买盘
09:51:03	51.24	-0.01	4	20496	卖盘
09:51:00	51.25	0.01	6	30750	买盘
09:50:57	51.24	--	40	204960	卖盘
09:50:54	51.24	--	5	25620	卖盘
09:50:51	51.24	-0.01	10	51240	卖盘
09:50:45	51.25	0.01	15	76875	中性盘
09:50:39	51.24	-0.01	16	81984	卖盘
09:50:36	51.25	--	2	10250	买盘
09:50:33	51.25	--	3	15375	买盘
09:50:30	51.25	0.01	1	5125	买盘
09:50:27	51.24	0.03	3	15372	中性盘
09:50:24	51.21	-0.04	57	296301	卖盘
09:50:18	51.25	-0.02	16	82000	卖盘
09:50:15	51.27	--	52	266604	买盘
09:50:00	51.27	-0.01	7	35889	中性盘
09:49:57	51.28	0.01	38	194864	买盘
09:49:54	51.27	--	1	5127	卖盘
09:49:51	51.27	-0.01	15	76905	卖盘
09:49:45	51.28	--	32	168198	卖盘
09:49:42	51.28	--	7	35896	卖盘
09:49:39	51.28	-0.03	3	15384	卖盘
09:49:36	51.31	0.02	6	31812	买盘
09:49:33	51.29	--	10	51290	买盘
09:49:30	51.29	--	1	5129	买盘
09:49:27	51.29	-0.01	5	25645	买盘
09:49:21	51.3	0.01	4	20520	卖盘
09:49:18	51.29	--	1	5129	买盘
09:49:15	51.29	--	10	51290	卖盘
09:49:06	51.29	-0.02	6	30774	卖盘
09:49:00	51.31	--	3	15393	买盘
09:48:57	51.31	--	1	5131	中性盘
09:48:48	51.31	-0.01	21	107751	卖盘
09:48:45	51.32	--	27	138564	卖盘
09:48:42	51.32	0.01	2	10264	买盘
09:48:39	51.31	0.01	10	51310	卖盘
09:48:30	51.3	--	7	35910	买盘
09:48:27	51.3	--	1	5130	买盘
09:48:24	51.3	-0.02	143	733590	卖盘
09:48:21	51.32	-0.03	3	15396	卖盘
09:48:12	51.35	--	1	5135	买盘
09:48:06	51.35	0.03	3	15405	买盘
09:48:00	51.32	--	9	46188	卖盘
09:47:57	51.32	-0.04	42	215544	卖盘
09:47:54	51.36	--	1	5136	买盘
09:47:51	51.36	--	2	10272	买盘
09:47:45	51.36	--	3	15408	买盘
09:47:42	51.36	-0.02	11	56496	卖盘
09:47:39	51.38	0.02	6	30828	买盘
09:47:36	51.36	-0.02	3	15408	卖盘
09:47:30	51.38	0.02	6	30828	买盘
09:47:27	51.36	--	9	46224	卖盘
09:47:18	51.36	-0.02	13	66768	卖盘
09:47:15	51.38	--	1	5138	买盘
09:47:12	51.38	--	1	5138	买盘
09:47:09	51.38	-0.12	36	189078	卖盘
09:47:06	51.5	0.1	23	119480	买盘
09:47:03	51.4	--	11	56540	买盘
09:46:57	51.4	--	1	5140	中性盘
09:46:54	51.4	0.05	1	5140	中性盘
09:46:45	51.35	--	57	292695	卖盘
09:46:27	51.35	-0.15	4	20540	卖盘
09:46:24	51.5	0.13	7	36050	买盘
09:46:15	51.37	0.02	7	35959	买盘
09:46:09	51.35	--	15	77025	卖盘
09:46:06	51.35	--	3	15405	买盘
09:46:03	51.35	--	4	20540	买盘
09:46:00	51.35	--	15	77025	买盘
09:45:54	51.35	--	1	5135	买盘
09:45:51	51.35	-0.02	110	564850	卖盘
09:45:48	51.37	--	5	25685	卖盘
09:45:39	51.37	0.06	6	30822	买盘
09:45:33	51.31	-0.04	15	76965	中性盘
09:45:24	51.35	0.04	1	5135	买盘
09:45:21	51.31	0.01	4	20524	中性盘
09:45:12	51.3	--	9	46170	卖盘
09:45:09	51.3	--	37	189810	买盘
09:45:06	51.3	--	4	20520	买盘
09:45:03	51.3	--	7	35910	买盘
09:45:00	51.3	--	15	76950	买盘
09:44:57	51.3	--	22	112860	买盘
09:44:54	51.3	0.04	10	51300	买盘
09:44:51	51.26	-0.04	18	92268	卖盘
09:44:48	51.3	--	9	46170	买盘
09:44:45	51.3	0.02	23	117990	买盘
09:44:42	51.28	-0.02	45	230760	卖盘
09:44:39	51.3	--	1	5130	买盘
09:44:36	51.3	0.02	7	35910	买盘
09:44:33	51.28	0.03	70	358960	中性盘
09:44:27	51.25	-0.01	11	56375	卖盘
09:44:24	51.26	--	37	189662	卖盘
09:44:18	51.26	--	14	71764	卖盘
09:44:15	51.26	-0.02	7	35882	卖盘
09:44:12	51.28	0.01	8	41024	买盘
09:44:06	51.27	--	1	5127	买盘
09:44:03	51.27	--	2	10254	买盘
09:44:00	51.27	0.02	14	71778	买盘
09:43:57	51.25	-0.02	3	15375	卖盘
09:43:54	51.27	-0.01	4	20508	卖盘
09:43:51	51.28	0.02	32	164096	中性盘
09:43:48	51.26	-0.02	28	143528	卖盘
09:43:45	51.28	0.01	9	46152	买盘
09:43:39	51.27	--	2	10254	买盘
09:43:36	51.27	-0.03	6	30762	卖盘
09:43:33	51.3	0.02	5	25650	买盘
09:43:30	51.28	-0.02	5	25640	卖盘
09:43:27	51.3	0.02	11	56430	买盘
09:43:24	51.28	--	8	41024	买盘
09:43:21	51.28	-0.02	8	41024	卖盘
09:43:18	51.3	--	30	153900	卖盘
09:43:15	51.3	-0.05	4	20520	卖盘
09:43:12	51.35	0.02	5	25675	买盘
09:43:09	51.33	0.03	7	35931	买盘
09:43:06	51.3	-0.05	23	117990	卖盘
09:43:03	51.35	-0.02	9	46215	卖盘
09:43:00	51.37	0.02	2	10274	买盘
09:42:54	51.35	-0.02	4	20540	卖盘
09:42:51	51.37	--	18	92466	买盘
09:42:48	51.37	-0.01	2	10274	卖盘
09:42:42	51.38	--	3	15414	买盘
09:42:39	51.38	-0.02	22	113036	卖盘
09:42:36	51.4	--	35	179900	买盘
09:42:33	51.4	--	2	10280	买盘
09:42:30	51.4	--	1	5140	买盘
09:42:27	51.4	--	13	66820	买盘
09:42:24	51.4	--	19	97660	卖盘
09:42:18	51.4	-0.04	19	97660	卖盘
09:42:15	51.44	0.03	1	5144	买盘
09:42:12	51.41	-0.03	3	15422	卖盘
09:42:09	51.44	0.03	9	46296	买盘
09:42:06	51.41	--	10	51410	卖盘
09:42:03	51.41	--	10	51410	卖盘
09:41:57	51.41	-0.01	12	61691	卖盘
09:41:51	51.42	-0.06	6	30852	卖盘
09:41:48	51.48	0.03	7	36036	买盘
09:41:45	51.45	-0.03	7	36015	卖盘
09:41:39	51.48	0.02	31	159588	买盘
09:41:30	51.46	-0.02	10	51460	卖盘
09:41:27	51.48	--	3	15443	买盘
09:41:24	51.48	-0.01	18	92664	卖盘
09:41:18	51.49	-0.03	42	216258	卖盘
09:41:15	51.52	0.02	17	87584	卖盘
09:41:03	51.5	-0.05	91	468650	卖盘
09:40:57	51.55	--	29	149495	买盘
09:40:45	51.55	-0.01	31	159805	中性盘
09:40:33	51.56	--	10	51560	买盘
09:40:21	51.56	-0.02	70	360920	中性盘
09:40:15	51.58	-0.02	3	15474	买盘
09:40:09	51.6	--	8	41280	买盘
09:40:00	51.6	0.02	4	20640	买盘
09:39:57	51.58	-0.02	4	20632	卖盘
09:39:54	51.6	0.04	1	5160	买盘
09:39:48	51.56	-0.04	2	10312	卖盘
09:39:45	51.6	0.03	5	25800	买盘
09:39:42	51.57	--	2	10314	买盘
09:39:39	51.57	-0.03	41	211437	中性盘
09:39:33	51.6	0.09	1	5160	买盘
09:39:27	51.51	-0.06	20	103020	卖盘
09:39:24	51.57	0.04	18	92826	买盘
09:39:21	51.53	-0.02	18	92754	卖盘
09:39:18	51.55	--	22	113410	卖盘
09:39:15	51.55	0.01	5	25775	卖盘
09:39:06	51.54	0.04	12	61848	买盘
09:39:03	51.5	-0.01	74	381100	卖盘
09:39:00	51.51	--	4	20604	卖盘
09:38:57	51.51	0.01	59	303909	中性盘
09:38:54	51.5	-0.01	51	262650	卖盘
09:38:48	51.51	0.01	15	77265	卖盘
09:38:45	51.5	--	7	36050	卖盘
09:38:42	51.5	-0.01	11	56650	卖盘
09:38:39	51.51	0.01	8	41208	买盘
09:38:36	51.5	-0.01	18	92700	卖盘
09:38:33	51.51	--	13	66963	买盘
09:38:30	51.51	--	26	133926	卖盘
09:38:27	51.51	-0.02	10	51510	卖盘
09:38:24	51.53	--	38	195814	买盘
09:38:21	51.53	0.02	2	10306	买盘
09:38:18	51.51	-0.02	10	51510	卖盘
09:38:15	51.53	--	1	5153	买盘
09:38:12	51.53	--	3	15459	买盘
09:38:06	51.53	0.03	2	10306	买盘
09:38:03	51.5	-0.03	113	581950	卖盘
09:38:00	51.53	-0.02	5	25765	卖盘
09:37:57	51.55	-0.01	2	10310	卖盘
09:37:51	51.56	-0.01	9	46404	买盘
09:37:45	51.57	--	15	77355	买盘
09:37:39	51.57	--	70	360990	卖盘
09:37:36	51.57	-0.03	14	72198	卖盘
09:37:30	51.6	--	3	15480	买盘
09:37:27	51.6	--	1	5160	买盘
09:37:24	51.6	--	6	30960	买盘
09:37:21	51.6	-0.02	28	148608	卖盘
09:37:18	51.62	--	5	25810	卖盘
09:37:15	51.62	--	81	418122	卖盘
09:37:12	51.62	--	2	11356	买盘
09:37:09	51.62	--	15	77430	买盘
09:37:06	51.62	--	2	10324	买盘
09:37:03	51.62	--	16	86721	卖盘
09:37:00	51.62	--	18	93948	卖盘
09:36:57	51.62	--	5	25810	卖盘
09:36:51	51.62	--	5	25810	买盘
09:36:48	51.62	0.02	1	5162	买盘
09:36:42	51.6	-0.02	15	77400	卖盘
09:36:36	51.62	-0.01	20	103240	中性盘
09:36:33	51.63	--	2	10326	卖盘
09:36:30	51.63	0.03	1	5163	中性盘
09:36:27	51.6	-0.03	25	129000	卖盘
09:36:24	51.63	--	3	15489	买盘
09:36:21	51.63	-0.01	10	51630	买盘
09:36:18	51.64	--	21	108444	买盘
09:36:15	51.64	0.01	27	139428	买盘
09:36:09	51.63	--	1	5163	卖盘
09:36:06	51.63	--	2	10326	卖盘
09:36:03	51.63	-0.03	15	77445	卖盘
09:36:00	51.66	0.01	7	36162	买盘
09:35:57	51.65	--	2	10330	买盘
09:35:51	51.65	-0.01	33	170445	卖盘
09:35:48	51.66	-0.03	3	15497	卖盘
09:35:45	51.69	0.03	4	20676	买盘
09:35:42	51.66	--	14	72324	卖盘
09:35:39	51.66	-0.03	11	56825	卖盘
09:35:36	51.69	--	6	31014	买盘
09:35:30	51.69	-0.01	2	10338	卖盘
09:35:24	51.7	--	7	36190	买盘
09:35:18	51.7	--	5	25850	卖盘
09:35:15	51.7	-0.01	3	15510	卖盘
09:35:12	51.71	--	3	15513	卖盘
09:35:09	51.71	--	4	20684	卖盘
09:35:06	51.71	--	2	10342	卖盘
09:35:00	51.71	-0.09	2	10342	卖盘
09:34:57	51.8	--	3	15540	买盘
09:34:51	51.8	--	1	5180	买盘
09:34:45	51.8	--	3	15540	买盘
09:34:42	51.8	0.03	19	98420	买盘
09:34:39	51.77	-0.11	17	88009	卖盘
09:34:27	51.88	0.08	20	103760	买盘
09:34:21	51.8	--	4	20720	卖盘
09:34:18	51.8	--	5	25900	卖盘
09:34:12	51.8	-0.08	2	10360	卖盘
09:34:06	51.88	--	10	51880	买盘
09:34:00	51.88	0.12	1	5188	买盘
09:33:57	51.76	-0.13	5	25880	卖盘
09:33:54	51.89	--	6	31134	买盘
09:33:42	51.89	-0.01	1	5189	中性盘
09:33:33	51.9	0.24	1	5190	买盘
09:33:15	51.66	-0.1	16	82656	卖盘
09:33:12	51.76	-0.16	8	41408	卖盘
09:33:06	51.92	0.16	4	20768	买盘
09:32:57	51.76	-0.17	13	67288	中性盘
09:32:30	51.93	--	1	5193	卖盘
09:32:27	51.93	-0.01	4	20772	中性盘
09:32:21	51.94	--	10	51940	买盘
09:31:54	51.94	0.2	19	98686	买盘
09:31:48	51.74	-0.2	3	15522	卖盘
09:31:45	51.94	0.04	15	77910	买盘
09:31:33	51.9	--	1	5190	买盘
09:31:30	51.9	-0.04	20	103800	卖盘
09:31:21	51.94	--	1	5194	买盘
09:31:15	51.94	0.32	7	36358	买盘
09:31:03	51.62	--	2	10324	卖盘
09:31:00	51.62	-0.32	2	10324	卖盘
09:30:57	51.94	-0.04	19	98686	中性盘
09:30:39	51.98	--	16	83168	卖盘
09:30:36	51.98	0.13	22	114356	买盘
09:30:33	51.85	--	2	10370	卖盘
09:30:24	51.85	-0.14	21	108885	中性盘
09:30:12	51.99	0.29	15	77985	买盘
09:30:09	51.7	-0.15	5	25850	卖盘
09:30:06	51.85	-0.18	35	181475	卖盘
09:30:03	52.03	0.03	10	52030	买盘
09:25:03	52.0	52	31	161200	买盘
