成交时间	成交价	价格变动	成交量(手)	成交额(元)	性质
15:00:03	18.15	0.01	1085	1970182	买盘
14:57:03	18.14	--	13	23582	买盘
14:56:57	18.14	0.01	158	286612	买盘
14:56:54	18.13	0.01	4	7252	买盘
14:56:48	18.12	--	2	3624	卖盘
14:56:42	18.12	--	5	9060	卖盘
14:56:36	18.12	0.01	179	324348	买盘
14:56:33	18.11	--	15	27165	买盘
14:56:27	18.11	0.01	28	50708	买盘
14:56:21	18.1	--	3	5430	卖盘
14:56:18	18.1	--	3	5430	卖盘
14:56:06	18.1	--	26	47060	卖盘
14:56:03	18.1	0.01	33	59730	买盘
14:55:51	18.09	-0.02	7	12663	卖盘
14:55:48	18.11	--	26	47086	买盘
14:55:45	18.11	0.01	31	56141	买盘
14:55:39	18.1	--	13	23530	卖盘
14:55:36	18.1	--	52	94120	卖盘
14:55:33	18.1	--	6	10860	卖盘
14:55:30	18.1	--	20	36200	卖盘
14:55:24	18.1	--	3	5430	卖盘
14:55:18	18.1	0.01	10	18100	中性盘
14:55:06	18.09	-0.01	131	236979	卖盘
14:54:54	18.1	--	11	19910	买盘
14:54:45	18.1	0.01	21	38010	买盘
14:54:42	18.09	-0.01	13	23517	卖盘
14:54:36	18.1	-0.01	2	3620	买盘
14:54:27	18.11	0.02	2	3622	买盘
14:54:24	18.09	-0.01	25	45225	卖盘
14:54:21	18.1	0.01	5	9050	中性盘
14:54:15	18.09	-0.01	100	180900	卖盘
14:54:12	18.1	--	51	92310	卖盘
14:54:09	18.1	0.01	91	165615	买盘
14:54:06	18.09	--	5	9045	卖盘
14:54:03	18.09	--	5	9045	卖盘
14:53:57	18.09	--	83	150147	卖盘
14:53:51	18.09	--	2	3618	卖盘
14:53:45	18.09	--	3	5427	卖盘
14:53:42	18.09	--	4	7236	卖盘
14:53:39	18.09	-0.01	20	36180	卖盘
14:53:36	18.1	0.01	3	5430	买盘
14:53:30	18.09	-0.01	5	9045	卖盘
14:53:24	18.1	0.01	1	1810	买盘
14:53:15	18.09	--	2	3618	卖盘
14:53:09	18.09	--	5	9045	卖盘
14:53:00	18.09	--	20	36180	卖盘
14:52:51	18.09	-0.01	10	18090	卖盘
14:52:48	18.1	--	20	36200	买盘
14:52:42	18.1	--	89	161995	卖盘
14:52:39	18.1	-0.01	15	27150	卖盘
14:52:36	18.11	--	50	90550	买盘
14:52:30	18.11	0.01	10	18110	买盘
14:52:27	18.1	--	12	21720	卖盘
14:52:21	18.1	-0.01	17	30770	卖盘
14:52:12	18.11	--	20	36220	买盘
14:52:03	18.11	0.01	30	54330	买盘
14:52:00	18.1	--	69	124890	卖盘
14:51:54	18.1	--	28	50680	卖盘
14:51:48	18.1	-0.01	7	12670	卖盘
14:51:42	18.11	--	2	3622	买盘
14:51:39	18.11	--	14	25354	买盘
14:51:33	18.11	--	13	23543	买盘
14:51:27	18.11	--	1	1811	买盘
14:51:18	18.11	--	20	36220	买盘
14:51:15	18.11	--	25	45275	卖盘
14:51:09	18.11	--	4	7244	卖盘
14:51:00	18.11	-0.01	15	27165	卖盘
14:50:57	18.12	0.01	1	1812	买盘
14:50:54	18.11	-0.01	2	3622	卖盘
14:50:33	18.12	0.01	1	1812	买盘
14:50:21	18.11	--	34	61574	卖盘
14:50:18	18.11	--	10	18110	卖盘
14:50:15	18.11	--	8	14488	卖盘
14:50:03	18.11	-0.01	3	5433	卖盘
14:50:00	18.12	0.01	17	30804	买盘
14:49:33	18.11	--	3	5433	卖盘
14:49:30	18.11	--	42	76062	买盘
14:49:27	18.11	--	5	9055	买盘
14:49:18	18.11	--	8	14488	卖盘
14:49:12	18.11	-0.01	10	18110	卖盘
14:49:09	18.12	0.01	7	12684	买盘
14:49:03	18.11	--	3	5433	卖盘
14:48:33	18.11	0.01	6	10866	买盘
14:48:21	18.1	-0.01	4	7240	卖盘
14:48:18	18.11	--	7	12677	买盘
14:48:06	18.11	--	18	32598	买盘
14:47:57	18.11	--	10	18110	买盘
14:47:48	18.11	--	10	18110	买盘
14:47:33	18.11	--	5	9055	买盘
14:47:30	18.11	--	32	57952	买盘
14:47:21	18.11	--	6	10866	卖盘
14:47:03	18.11	--	1	1811	卖盘
14:46:48	18.11	-0.01	10	18110	卖盘
14:46:42	18.12	0.01	19	34428	买盘
14:46:27	18.11	--	19	34409	卖盘
14:46:12	18.11	0.01	5	9055	买盘
14:46:06	18.1	--	7	12670	卖盘
14:46:00	18.1	--	1	1810	卖盘
14:45:54	18.1	--	1	1810	卖盘
14:45:39	18.1	0.01	44	80545	买盘
14:45:33	18.09	-0.01	8	14472	卖盘
14:45:27	18.1	0.01	96	173760	买盘
14:45:24	18.09	--	1	1809	卖盘
14:45:12	18.09	-0.01	6	10854	卖盘
14:45:06	18.1	0.01	1	1810	买盘
14:45:03	18.09	--	4	7236	卖盘
14:45:00	18.09	-0.01	3	5427	卖盘
14:44:24	18.1	--	2	3620	买盘
14:44:18	18.1	--	50	90500	卖盘
14:44:09	18.1	--	5	9050	卖盘
14:44:00	18.1	--	4	7240	卖盘
14:43:33	18.1	--	1	1810	卖盘
14:43:27	18.1	-0.04	60	108600	卖盘
14:43:18	18.14	--	6	10884	买盘
14:43:03	18.14	--	83	150562	卖盘
14:42:57	18.14	--	96	174144	卖盘
14:42:54	18.14	--	51	92514	卖盘
14:42:51	18.14	--	50	90700	卖盘
14:42:48	18.14	--	11	19954	卖盘
14:42:42	18.14	--	30	54420	卖盘
14:42:39	18.14	--	66	119724	卖盘
14:42:36	18.14	--	10	18140	卖盘
14:42:27	18.14	--	20	36280	卖盘
14:42:21	18.14	-0.01	30	54420	卖盘
14:42:18	18.15	0.01	39	70785	买盘
14:42:15	18.14	--	17	30838	卖盘
14:42:12	18.14	--	9	16326	卖盘
14:41:57	18.14	-0.01	60	108840	卖盘
14:41:51	18.15	--	2	3629	买盘
14:41:48	18.15	--	8	14519	买盘
14:41:42	18.15	0.01	7	12704	买盘
14:41:36	18.14	--	10	18140	卖盘
14:41:30	18.14	--	31	56234	卖盘
14:41:27	18.14	--	6	10884	卖盘
14:41:24	18.14	--	13	23582	卖盘
14:41:21	18.14	--	69	125166	买盘
14:41:00	18.14	--	12	21768	买盘
14:40:54	18.14	--	58	105212	买盘
14:40:42	18.14	--	2	3628	买盘
14:40:24	18.14	--	32	58048	买盘
14:40:21	18.14	0.04	1	1814	买盘
14:40:12	18.1	--	6	10860	卖盘
14:39:54	18.1	--	20	36200	卖盘
14:39:48	18.1	--	1	1810	卖盘
14:39:39	18.1	--	1	1810	买盘
14:39:33	18.1	-0.04	3	5430	卖盘
14:39:18	18.14	--	80	145120	买盘
14:39:06	18.14	--	19	34466	买盘
14:39:03	18.14	--	1	1814	买盘
14:38:39	18.14	--	36	65304	卖盘
14:38:33	18.14	--	15	27210	卖盘
14:38:30	18.14	--	10	18140	卖盘
14:38:27	18.14	--	30	54420	卖盘
14:38:09	18.14	--	7	12698	卖盘
14:38:03	18.14	--	5	9070	卖盘
14:37:57	18.14	--	20	36280	卖盘
14:37:54	18.14	-0.01	31	56234	卖盘
14:37:48	18.15	--	50	90750	买盘
14:37:45	18.15	--	2	3629	买盘
14:37:30	18.15	0.01	32	58079	买盘
14:37:27	18.14	-0.01	3	5442	卖盘
14:37:21	18.15	--	60	108899	买盘
14:37:15	18.15	0.01	36	65339	买盘
14:36:54	18.14	--	10	18140	卖盘
14:36:39	18.14	-0.01	1	1814	中性盘
14:36:30	18.15	0.01	170	308550	买盘
14:36:18	18.14	--	21	38094	买盘
14:36:15	18.14	-0.01	10	18140	中性盘
14:36:12	18.15	0.01	49	88935	买盘
14:35:54	18.14	0.01	132	239448	买盘
14:35:24	18.13	0.04	100	181300	买盘
14:35:09	18.09	-0.01	58	104922	卖盘
14:35:06	18.1	--	4	7240	买盘
14:35:00	18.1	--	59	106790	买盘
14:34:54	18.1	--	5	9050	买盘
14:34:51	18.1	--	10	18100	买盘
14:34:45	18.1	--	1	1810	买盘
14:34:39	18.1	--	61	110410	买盘
14:34:36	18.1	--	11	19910	买盘
14:34:30	18.1	0.01	25	45250	买盘
14:34:27	18.09	-0.01	1	1809	卖盘
14:34:12	18.1	--	3	5430	买盘
14:34:09	18.1	0.01	7	12670	买盘
14:34:03	18.09	--	13	23517	卖盘
14:34:00	18.09	--	29	52461	买盘
14:33:51	18.09	--	3	5427	买盘
14:33:48	18.09	--	10	18090	买盘
14:33:45	18.09	--	14	25326	买盘
14:33:30	18.09	--	23	41607	卖盘
14:33:06	18.09	0.01	87	157383	买盘
14:33:00	18.08	--	17	30735	买盘
14:32:57	18.08	--	10	18080	买盘
14:32:51	18.08	--	23	41583	买盘
14:32:48	18.08	--	2	3615	买盘
14:32:45	18.08	-0.01	48	86783	卖盘
14:32:39	18.09	--	1	1809	买盘
14:32:03	18.09	0.01	11	19899	买盘
14:31:57	18.08	--	24	43391	卖盘
14:31:48	18.08	0.01	8	14463	中性盘
14:31:33	18.07	-0.02	3	5421	卖盘
14:31:27	18.09	0.01	78	141102	买盘
14:31:24	18.08	--	30	54239	买盘
14:31:18	18.08	0.01	10	18080	中性盘
14:31:15	18.07	-0.01	20	36140	卖盘
14:31:12	18.08	--	1	1807	卖盘
14:30:57	18.08	--	8	14463	买盘
14:30:48	18.08	--	11	19887	卖盘
14:30:45	18.08	--	50	90399	卖盘
14:30:30	18.08	--	5	9040	卖盘
14:30:18	18.08	0.01	37	66896	买盘
14:30:12	18.07	-0.01	11	19877	卖盘
14:29:42	18.08	-0.01	6	10847	卖盘
14:29:36	18.09	0.01	45	81405	买盘
14:29:30	18.08	--	17	30735	卖盘
14:29:15	18.08	--	2	3615	卖盘
14:29:03	18.08	--	2	3615	卖盘
14:28:39	18.08	-0.01	2	3615	卖盘
14:28:06	18.09	0.01	15	27135	买盘
14:27:33	18.08	--	11	19887	卖盘
14:27:30	18.08	--	12	21695	买盘
14:27:27	18.08	--	18	32543	卖盘
14:27:15	18.08	--	9	16271	卖盘
14:27:12	18.08	--	1	1807	卖盘
14:26:48	18.08	-0.01	2	3615	卖盘
14:26:18	18.09	--	17	30753	买盘
14:26:15	18.09	--	35	63315	卖盘
14:25:54	18.09	--	16	28944	买盘
14:25:24	18.09	0.02	2	3618	买盘
14:25:12	18.07	-0.01	200	361400	卖盘
14:25:06	18.08	--	15	27119	买盘
14:25:00	18.08	--	1	1807	买盘
14:24:57	18.08	-0.01	60	108479	卖盘
14:24:51	18.09	--	10	18090	买盘
14:24:42	18.09	--	5	9045	买盘
14:24:30	18.09	0.01	57	103113	买盘
14:24:18	18.08	-0.02	150	271200	卖盘
14:24:03	18.1	0.01	100	181000	买盘
14:24:00	18.09	--	0	904	卖盘
14:23:54	18.09	--	2	3618	卖盘
14:23:51	18.09	0.01	5	9045	卖盘
14:23:48	18.08	--	22	39775	卖盘
14:23:42	18.08	--	7	12655	卖盘
14:23:24	18.08	--	41	75032	买盘
14:23:21	18.08	--	20	36160	买盘
14:23:15	18.08	0.01	9	16271	买盘
14:23:09	18.07	--	35	63245	卖盘
14:23:00	18.07	--	1	1807	卖盘
14:22:57	18.07	--	1	1807	卖盘
14:22:48	18.07	-0.01	11	19877	卖盘
14:22:39	18.08	0.01	2	3615	买盘
14:22:27	18.07	-0.01	5	9035	卖盘
14:22:21	18.08	--	4	7231	买盘
14:21:57	18.08	--	133	241367	卖盘
14:21:51	18.08	-0.01	5	9040	卖盘
14:21:39	18.09	--	10	18090	买盘
14:21:36	18.09	--	3	5427	买盘
14:21:30	18.09	--	6	10854	卖盘
14:21:27	18.09	--	10	18090	卖盘
14:21:24	18.09	--	1	1809	买盘
14:21:12	18.09	--	9	16281	卖盘
14:21:00	18.09	--	1	1809	买盘
14:20:54	18.09	0.01	14	25326	买盘
14:20:45	18.08	-0.01	1	1807	卖盘
14:20:42	18.09	0.01	3	5427	买盘
14:20:06	18.08	-0.01	6	10847	卖盘
14:20:03	18.09	--	1	1809	卖盘
14:19:42	18.09	0.01	32	57888	买盘
14:19:39	18.08	-0.01	1	1807	卖盘
14:19:24	18.09	0.01	5	9045	买盘
14:19:21	18.08	--	1	1807	卖盘
14:19:15	18.08	-0.01	10	18080	卖盘
14:19:12	18.09	0.01	3	5427	中性盘
14:19:00	18.08	-0.01	43	77743	卖盘
14:18:54	18.09	0.01	16	29848	买盘
14:18:36	18.08	-0.01	1	1807	卖盘
14:18:24	18.09	--	1	1809	买盘
14:17:54	18.09	--	7	13567	卖盘
14:17:42	18.09	0.01	3	6331	买盘
14:17:30	18.08	-0.01	1	1807	卖盘
14:17:24	18.09	--	3	5427	买盘
14:17:18	18.09	--	2	3618	买盘
14:17:06	18.09	-0.01	4	8140	卖盘
14:17:03	18.1	0.01	2	3620	买盘
14:17:00	18.09	--	6	10854	卖盘
14:16:54	18.09	--	10	18090	卖盘
14:16:24	18.09	--	2	3618	卖盘
14:16:15	18.09	--	12	21708	卖盘
14:16:09	18.09	-0.01	1	1809	卖盘
14:15:57	18.1	0.01	3	5430	买盘
14:15:51	18.09	--	1	1809	卖盘
14:15:24	18.09	--	1	1809	卖盘
14:15:21	18.09	-0.01	1	1809	卖盘
14:15:18	18.1	--	1	1810	买盘
14:15:00	18.1	-0.01	16	29865	卖盘
14:14:18	18.11	-0.01	2	3622	卖盘
14:14:09	18.12	--	11	19932	卖盘
14:13:57	18.12	-0.01	4	7248	中性盘
14:13:27	18.13	--	1	1813	卖盘
14:13:24	18.13	--	2	3626	卖盘
14:13:18	18.13	--	80	145040	卖盘
14:13:12	18.13	--	25	45325	卖盘
14:13:09	18.13	--	1	1813	卖盘
14:13:00	18.13	-0.01	10	18130	卖盘
14:12:54	18.14	--	4	7256	买盘
14:12:27	18.14	0.01	4	7256	买盘
14:12:24	18.13	--	30	54390	卖盘
14:12:03	18.13	-0.01	4	7252	卖盘
14:12:00	18.14	0.01	31	56234	买盘
14:11:42	18.13	--	35	63455	卖盘
14:11:27	18.13	--	50	90650	买盘
14:11:24	18.13	0.01	20	36260	买盘
14:11:18	18.12	--	14	25368	卖盘
14:11:06	18.12	--	4	7248	卖盘
14:11:00	18.12	0.01	41	74292	买盘
14:10:51	18.11	--	2	3622	卖盘
14:10:45	18.11	0.01	16	28976	买盘
14:10:42	18.1	--	5	9050	卖盘
14:10:15	18.1	0.01	78	142085	买盘
14:10:12	18.09	--	14	25326	卖盘
14:09:54	18.09	-0.01	1	1809	卖盘
14:09:51	18.1	0.01	29	52490	买盘
14:09:48	18.09	--	2	3618	卖盘
14:09:42	18.09	--	1	1809	卖盘
14:09:39	18.09	--	3	5427	卖盘
14:09:33	18.09	--	6	10854	卖盘
14:09:00	18.09	0.01	34	62410	买盘
14:08:51	18.08	--	20	37064	卖盘
14:08:48	18.08	--	1	1807	卖盘
14:08:33	18.08	-0.01	7	12655	卖盘
14:08:21	18.09	--	4	7236	买盘
14:07:51	18.09	0.01	5	9045	买盘
14:07:45	18.08	--	1	1807	卖盘
14:07:24	18.08	-0.01	50	90399	卖盘
14:07:21	18.09	0.01	5	9045	买盘
14:07:15	18.08	-0.01	1	1807	卖盘
14:07:06	18.09	--	7	12663	卖盘
14:07:03	18.09	--	24	43416	卖盘
14:06:39	18.09	--	1	1809	卖盘
14:06:00	18.09	-0.01	1	1809	卖盘
14:05:54	18.1	0.01	2	3620	买盘
14:05:51	18.09	--	1	1809	卖盘
14:05:33	18.09	--	11	19899	卖盘
14:05:30	18.09	-0.01	3	5427	卖盘
14:05:27	18.1	0.01	21	38010	买盘
14:05:24	18.09	-0.01	20	36180	卖盘
14:05:21	18.1	--	20	36200	买盘
14:04:39	18.1	0.01	5	9050	买盘
14:04:27	18.09	--	1	1809	卖盘
14:04:03	18.09	--	28	50652	买盘
14:03:57	18.09	0.01	10	18090	买盘
14:03:33	18.08	-0.01	4	7231	卖盘
14:03:27	18.09	0.01	5	9045	买盘
14:03:24	18.08	--	1	1807	卖盘
14:03:15	18.08	0.01	44	80455	买盘
14:03:06	18.07	--	20	36140	卖盘
14:03:00	18.07	--	3	5421	卖盘
14:02:57	18.07	--	5	9035	卖盘
14:02:54	18.07	--	13	23491	卖盘
14:02:48	18.07	-0.01	2	3614	卖盘
14:02:42	18.08	0.01	2	3615	买盘
14:02:36	18.07	-0.01	3	5421	卖盘
14:02:33	18.08	0.01	20	36160	买盘
14:02:24	18.07	--	8	14456	买盘
14:02:21	18.07	0.01	10	18070	买盘
14:02:18	18.06	-0.01	5	9030	卖盘
14:02:12	18.07	--	5	9035	买盘
14:02:03	18.07	-0.01	12	21684	卖盘
14:01:54	18.08	--	2	3615	买盘
14:01:30	18.08	-0.01	8	15367	卖盘
14:01:27	18.09	--	10	18090	买盘
14:01:15	18.09	0.01	40	72360	买盘
14:01:12	18.08	--	25	45199	卖盘
14:00:45	18.08	--	18	33448	卖盘
14:00:42	18.08	--	20	36160	卖盘
14:00:30	18.08	-0.01	10	18080	卖盘
14:00:27	18.09	--	4	7236	买盘
14:00:12	18.09	--	20	36180	卖盘
14:00:09	18.09	--	1	1809	卖盘
14:00:03	18.09	--	8	14472	买盘
13:59:57	18.09	--	10	18090	卖盘
13:59:36	18.09	--	1	1809	买盘
13:59:30	18.09	--	3	5427	中性盘
13:59:03	18.09	--	1	1809	卖盘
13:58:51	18.09	--	16	28944	买盘
13:58:48	18.09	-0.01	17	30753	卖盘
13:58:21	18.1	0.02	10	18100	买盘
13:58:15	18.08	-0.01	10	18080	卖盘
13:58:12	18.09	--	6	10854	卖盘
13:57:57	18.09	--	3	5427	卖盘
13:57:51	18.09	--	2	3618	买盘
13:57:42	18.09	0.01	22	39798	买盘
13:57:36	18.08	--	10	18080	卖盘
13:57:27	18.08	--	1	1807	卖盘
13:57:24	18.08	--	5	9040	卖盘
13:57:18	18.08	--	25	45199	卖盘
13:57:09	18.08	-0.01	9	16271	卖盘
13:57:00	18.09	0.01	10	18090	中性盘
13:56:57	18.08	-0.01	20	36160	卖盘
13:56:51	18.09	-0.01	1	1809	卖盘
13:56:30	18.1	--	79	143895	卖盘
13:55:57	18.1	-0.01	80	144800	卖盘
13:55:54	18.11	--	5	9055	卖盘
13:55:48	18.11	--	1	1811	卖盘
13:55:27	18.11	--	1	1811	卖盘
13:55:21	18.11	--	10	18110	卖盘
13:55:03	18.11	-0.01	21	38031	卖盘
13:54:54	18.12	0.01	6	10872	买盘
13:54:51	18.11	--	5	9055	卖盘
13:54:48	18.11	--	5	9055	卖盘
13:54:45	18.11	--	10	18110	卖盘
13:54:42	18.11	--	1	1811	卖盘
13:54:30	18.11	-0.01	46	83306	卖盘
13:54:27	18.12	--	8	14496	买盘
13:54:18	18.12	--	2	3624	买盘
13:54:06	18.12	--	1	1812	卖盘
13:53:57	18.12	--	4	7248	卖盘
13:53:51	18.12	-0.01	2	3624	卖盘
13:53:48	18.13	0.01	1	1813	买盘
13:53:42	18.12	--	3	5436	买盘
13:53:36	18.12	0.01	25	45300	卖盘
13:53:30	18.11	-0.01	15	27165	卖盘
13:53:18	18.12	-0.01	11	19932	卖盘
13:53:09	18.13	--	20	36260	买盘
13:53:06	18.13	--	274	496762	卖盘
13:52:48	18.13	--	4	7252	卖盘
13:52:30	18.13	--	2	3626	卖盘
13:52:27	18.13	--	2	3626	卖盘
13:52:24	18.13	--	10	18130	卖盘
13:52:21	18.13	--	2	3626	卖盘
13:52:18	18.13	--	20	36260	卖盘
13:51:54	18.13	-0.01	4	7252	卖盘
13:51:39	18.14	--	2	3628	买盘
13:51:27	18.14	--	14	26303	卖盘
13:51:18	18.14	--	20	36280	卖盘
13:51:06	18.14	-0.01	1	1814	卖盘
13:51:00	18.15	0.01	2	3629	买盘
13:50:57	18.14	-0.01	11	19954	卖盘
13:50:42	18.15	0.01	13	23594	买盘
13:50:36	18.14	-0.01	14	25396	卖盘
13:50:33	18.15	0.01	3	5445	买盘
13:50:30	18.14	--	10	18140	卖盘
13:50:27	18.14	--	10	18140	卖盘
13:50:21	18.14	-0.01	1	1814	卖盘
13:50:09	18.15	--	30	54449	买盘
13:50:06	18.15	--	5	9075	买盘
13:50:03	18.15	--	14	25409	买盘
13:49:57	18.15	--	6	11797	卖盘
13:49:54	18.15	--	10	18150	卖盘
13:49:48	18.15	--	1	1814	卖盘
13:49:18	18.15	--	5	9075	卖盘
13:49:15	18.15	--	1	1814	卖盘
13:49:09	18.15	-0.01	5	9075	卖盘
13:49:00	18.16	0.01	6	10896	买盘
13:48:57	18.15	-0.01	1	1814	卖盘
13:48:54	18.16	0.01	12	21792	买盘
13:48:51	18.15	-0.01	9	16334	卖盘
13:48:48	18.16	--	50	90800	买盘
13:48:33	18.16	0.01	3	5448	买盘
13:48:12	18.15	--	1	1814	卖盘
13:48:09	18.15	--	10	18150	卖盘
13:48:03	18.15	-0.01	2	3629	卖盘
13:47:54	18.16	0.01	86	156176	买盘
13:47:51	18.15	--	50	90750	卖盘
13:47:27	18.15	--	20	36300	卖盘
13:47:06	18.15	--	1	1814	卖盘
13:47:00	18.15	0.01	123	224152	买盘
13:46:54	18.14	-0.01	22	39908	卖盘
13:46:36	18.15	--	10	18150	买盘
13:46:15	18.15	0.01	1	1814	买盘
13:46:00	18.14	-0.01	1	1814	卖盘
13:45:57	18.15	0.01	42	76230	买盘
13:45:42	18.14	--	5	9070	卖盘
13:45:33	18.14	--	2	3628	卖盘
13:45:30	18.14	--	10	18140	卖盘
13:45:21	18.14	--	1	1814	卖盘
13:45:09	18.14	-0.01	10	18140	卖盘
13:45:06	18.15	0.01	7	12704	买盘
13:44:54	18.14	-0.01	1	1814	卖盘
13:44:36	18.15	0.01	6	10890	买盘
13:44:30	18.14	-0.01	4	7256	卖盘
13:43:57	18.15	0.01	1	1814	买盘
13:43:51	18.14	--	1	1814	卖盘
13:43:33	18.14	--	124	225843	卖盘
13:43:30	18.14	-0.01	3	5442	卖盘
13:43:24	18.15	--	4	7259	买盘
13:42:48	18.15	0.02	50	90750	买盘
13:42:45	18.13	-0.01	1	1813	卖盘
13:42:42	18.14	--	17	30838	卖盘
13:42:36	18.14	--	8	14512	买盘
13:42:24	18.14	--	16	29024	买盘
13:42:12	18.14	--	11	19954	卖盘
13:42:09	18.14	--	4	7256	卖盘
13:42:03	18.14	--	1	1814	卖盘
13:42:00	18.14	-0.01	1	1814	中性盘
13:41:54	18.15	0.02	56	101639	买盘
13:41:39	18.13	-0.02	1	1813	卖盘
13:41:36	18.15	0.01	45	81675	买盘
13:41:21	18.14	--	9	17233	卖盘
13:41:18	18.14	--	0	907	买盘
13:41:00	18.14	-0.01	0	907	卖盘
13:40:54	18.15	0.01	4	7259	买盘
13:40:51	18.14	--	11	19954	卖盘
13:40:42	18.14	--	11	20861	买盘
13:40:36	18.14	--	28	51699	卖盘
13:40:33	18.14	--	1	1814	卖盘
13:40:24	18.14	--	1	2721	买盘
13:40:09	18.14	--	13	23582	买盘
13:40:00	18.14	--	16	29931	卖盘
13:39:57	18.14	--	20	36280	卖盘
13:39:51	18.14	--	1	1814	卖盘
13:39:30	18.14	--	1	1814	卖盘
13:39:27	18.14	--	2	3628	卖盘
13:39:24	18.14	--	10	18140	卖盘
13:39:21	18.14	--	15	27210	卖盘
13:39:15	18.14	-0.01	286	519711	卖盘
13:39:12	18.15	0.01	1	1814	买盘
13:39:09	18.14	-0.01	2	3628	卖盘
13:39:06	18.15	--	6	10890	买盘
13:39:03	18.15	0.01	2	3629	买盘
13:39:00	18.14	-0.01	36	65304	卖盘
13:38:48	18.15	0.01	2	3629	买盘
13:38:33	18.14	--	6	10884	卖盘
13:38:30	18.14	--	10	18140	中性盘
13:38:15	18.14	0.01	19	34466	买盘
13:37:57	18.13	-0.01	1	1813	卖盘
13:37:54	18.14	-0.01	4	7256	中性盘
13:37:33	18.15	0.02	25	45375	买盘
13:37:18	18.13	--	10	18130	卖盘
13:37:15	18.13	--	2	3626	卖盘
13:36:54	18.13	-0.01	10	18130	卖盘
13:36:42	18.14	--	18	32652	卖盘
13:36:33	18.14	--	5	9070	卖盘
13:36:18	18.14	--	10	18140	卖盘
13:36:12	18.14	--	9	16326	卖盘
13:36:09	18.14	--	14	25396	买盘
13:36:06	18.14	--	18	32652	买盘
13:35:57	18.14	--	36	65304	买盘
13:35:51	18.14	--	1	1814	买盘
13:35:45	18.14	-0.01	30	54420	卖盘
13:35:39	18.15	--	35	63524	买盘
13:35:36	18.15	0.01	3	5445	买盘
13:35:27	18.14	-0.01	10	18140	卖盘
13:35:12	18.15	--	45	81675	买盘
13:35:09	18.15	0.01	5	9075	买盘
13:34:57	18.14	-0.01	5	9070	卖盘
13:34:54	18.15	0.01	10	18150	买盘
13:34:48	18.14	-0.01	10	18140	卖盘
13:34:42	18.15	0.01	2	3629	买盘
13:34:36	18.14	--	40	72560	中性盘
13:33:54	18.14	--	20	36280	卖盘
13:33:48	18.14	--	10	18140	买盘
13:33:42	18.14	0.01	10	18140	中性盘
13:32:51	18.13	0.01	36	65268	买盘
13:32:48	18.12	-0.01	5	9060	卖盘
13:32:27	18.13	--	10	18130	买盘
13:32:21	18.13	-0.02	14	25382	卖盘
13:32:09	18.15	0.02	600	1089000	买盘
13:32:06	18.13	-0.01	1	1813	中性盘
13:31:36	18.14	0.01	43	78909	买盘
13:31:33	18.13	--	1	1813	卖盘
13:31:30	18.13	--	57	103341	卖盘
13:31:15	18.13	--	33	60735	买盘
13:31:09	18.13	--	5	9065	买盘
13:31:06	18.13	--	8	14504	买盘
13:30:57	18.13	--	10	18130	买盘
13:30:54	18.13	0.01	5	9065	买盘
13:30:51	18.12	-0.01	4	7248	卖盘
13:30:39	18.13	--	5	9065	买盘
13:30:18	18.13	0.01	25	45325	买盘
13:30:09	18.12	-0.01	5	9060	卖盘
13:30:06	18.13	0.01	30	54390	买盘
13:30:00	18.12	-0.01	10	18120	卖盘
13:29:57	18.13	--	5	9065	买盘
13:29:30	18.13	0.01	10	18130	买盘
13:29:15	18.12	0.01	4	7248	中性盘
13:29:03	18.11	-0.01	35	63385	卖盘
13:29:00	18.12	--	43	77916	买盘
13:28:57	18.12	0.01	10	18120	买盘
13:28:45	18.11	-0.01	2	3622	卖盘
13:28:39	18.12	--	1	1812	买盘
13:28:36	18.12	0.01	4	7248	买盘
13:28:18	18.11	--	2	3622	卖盘
13:28:12	18.11	--	10	18110	卖盘
13:28:06	18.11	--	6	10866	卖盘
13:27:57	18.11	--	10	18110	卖盘
13:27:48	18.11	0.01	203	367633	买盘
13:27:36	18.1	--	15	27150	卖盘
13:27:33	18.1	--	20	36200	卖盘
13:27:21	18.1	--	6	11765	卖盘
13:27:18	18.1	--	10	18100	卖盘
13:27:15	18.1	-0.01	8	14480	卖盘
13:27:12	18.11	--	10	18110	买盘
13:27:09	18.11	--	10	18110	买盘
13:26:54	18.11	--	102	185627	卖盘
13:26:45	18.11	--	2	4527	卖盘
13:26:42	18.11	--	5	9055	卖盘
13:26:39	18.11	--	10	18110	卖盘
13:26:36	18.11	--	22	39842	卖盘
13:26:27	18.11	--	10	18110	卖盘
13:26:21	18.11	--	18	32598	卖盘
13:26:18	18.11	-0.02	10	18110	中性盘
13:26:15	18.13	0.03	78	141414	买盘
13:26:12	18.1	-0.02	10	18100	卖盘
13:26:09	18.12	0.01	142	258210	买盘
13:26:06	18.11	--	10	18110	卖盘
13:26:03	18.11	--	2	3622	卖盘
13:25:57	18.11	--	20	36220	卖盘
13:25:54	18.11	--	32	57952	卖盘
13:25:51	18.11	--	40	72440	卖盘
13:25:48	18.11	-0.01	4	7244	卖盘
13:25:39	18.12	--	10	18120	买盘
13:25:30	18.12	--	9	16308	买盘
13:25:27	18.12	--	37	67044	卖盘
13:25:18	18.12	-0.01	20	36240	卖盘
13:25:06	18.13	--	13	23569	买盘
13:24:57	18.13	--	38	69800	卖盘
13:24:45	18.13	-0.01	5	9065	卖盘
13:24:39	18.14	0.01	5	9070	买盘
13:24:24	18.13	--	15	27195	卖盘
13:24:18	18.13	--	6	10878	卖盘
13:24:09	18.13	0.01	21	38979	中性盘
13:23:48	18.12	--	14	25368	卖盘
13:23:45	18.12	-0.02	1	1812	卖盘
13:23:42	18.14	0.01	37	67118	买盘
13:23:39	18.13	--	3	5439	买盘
13:23:24	18.13	--	22	39886	卖盘
13:23:12	18.13	-0.01	20	36260	卖盘
13:23:09	18.14	--	13	23582	卖盘
13:22:57	18.14	0.01	74	134236	买盘
13:22:45	18.13	--	8	14504	卖盘
13:22:36	18.13	-0.01	10	18130	卖盘
13:22:24	18.14	0.01	15	27210	买盘
13:22:15	18.13	-0.01	3	5439	卖盘
13:22:09	18.14	--	20	36280	买盘
13:22:06	18.14	0.01	4	7256	买盘
13:21:54	18.13	--	8	14504	买盘
13:21:42	18.13	--	5	9065	买盘
13:21:27	18.13	--	10	18130	买盘
13:21:12	18.13	0.01	37	67081	买盘
13:21:03	18.12	-0.01	1	1812	卖盘
13:20:45	18.13	0.01	54	97902	买盘
13:20:42	18.12	--	12	21744	卖盘
13:20:39	18.12	--	34	61608	卖盘
13:20:30	18.12	--	1	1812	卖盘
13:20:27	18.12	--	6	10872	卖盘
13:20:24	18.12	--	5	9060	卖盘
13:20:00	18.12	--	2	3624	卖盘
13:19:39	18.12	--	20	36240	卖盘
13:19:33	18.12	--	10	18120	卖盘
13:19:30	18.12	-0.01	1	1812	卖盘
13:19:27	18.13	0.01	2	3626	买盘
13:19:21	18.12	--	132	239184	卖盘
13:18:45	18.12	--	2	3624	卖盘
13:18:42	18.12	--	15	27180	卖盘
13:18:21	18.12	0.01	24	43488	买盘
13:18:15	18.11	--	4	7244	卖盘
13:18:00	18.11	--	30	54330	卖盘
13:17:48	18.11	-0.01	3	5433	卖盘
13:17:36	18.12	--	4	7248	买盘
13:17:33	18.12	--	1	1812	卖盘
13:17:24	18.12	-0.01	2	3624	中性盘
13:16:57	18.13	0.02	9	16317	买盘
13:16:39	18.11	--	17	30787	卖盘
13:16:30	18.11	--	2	3622	卖盘
13:16:27	18.11	--	2	3622	卖盘
13:16:18	18.11	--	2	3622	卖盘
13:16:03	18.11	-0.01	120	217320	卖盘
13:16:00	18.12	--	20	36240	卖盘
13:15:57	18.12	--	6	10872	卖盘
13:15:54	18.12	--	2	3624	卖盘
13:15:39	18.12	--	15	27180	卖盘
13:15:36	18.12	--	1	1812	卖盘
13:15:33	18.12	--	12	21744	卖盘
13:15:18	18.12	--	1	1812	卖盘
13:15:09	18.12	-0.01	20	36240	卖盘
13:15:03	18.13	--	5	9065	买盘
13:14:57	18.13	--	1	1813	卖盘
13:14:54	18.13	--	80	145040	卖盘
13:14:51	18.13	--	5	9065	卖盘
13:14:39	18.13	--	12	21756	卖盘
13:14:33	18.13	--	2	3626	卖盘
13:14:27	18.13	-0.02	30	54390	卖盘
13:14:24	18.15	0.02	109	197834	买盘
13:14:15	18.13	-0.01	16	29008	卖盘
13:14:03	18.14	--	5	9070	买盘
13:14:00	18.14	-0.01	11	19954	卖盘
13:13:48	18.15	--	110	200557	卖盘
13:13:42	18.15	--	14	25409	卖盘
13:13:36	18.15	0.01	205	372982	买盘
13:13:33	18.14	--	8	14512	买盘
13:13:24	18.14	--	2	3628	买盘
13:13:18	18.14	--	73	133329	卖盘
13:13:09	18.14	-0.01	114	206796	卖盘
13:12:33	18.15	--	4	7259	卖盘
13:12:21	18.15	--	5	9075	卖盘
13:12:18	18.15	-0.01	4	7259	卖盘
13:12:03	18.16	0.01	5	9080	买盘
13:12:00	18.15	--	7	12704	买盘
13:11:54	18.15	-0.01	16	29039	卖盘
13:11:42	18.16	--	2	3632	买盘
13:11:39	18.16	--	6	10896	买盘
13:11:36	18.16	--	2	3632	买盘
13:11:27	18.16	--	19	34504	卖盘
13:11:21	18.16	--	5	9080	卖盘
13:11:15	18.16	--	50	90800	卖盘
13:11:03	18.16	--	28	50848	卖盘
13:11:00	18.16	0.01	55	99880	买盘
13:10:57	18.15	-0.01	218	395669	卖盘
13:10:42	18.16	0.01	8	14528	买盘
13:10:27	18.15	-0.01	1	1814	卖盘
13:10:18	18.16	--	8	14528	买盘
13:10:12	18.16	--	35	63560	买盘
13:09:54	18.16	--	10	18160	买盘
13:09:51	18.16	0.01	17	30872	买盘
13:09:30	18.15	--	18	32669	卖盘
13:09:27	18.15	--	6	10890	卖盘
13:09:24	18.15	--	12	21780	买盘
13:09:15	18.15	--	12	21780	买盘
13:09:03	18.15	--	5	9075	买盘
13:09:00	18.15	--	1	1814	买盘
13:08:57	18.15	--	11	19965	买盘
13:08:48	18.15	--	28	50819	买盘
13:08:45	18.15	--	2	3629	买盘
13:08:42	18.15	--	10	18150	买盘
13:08:39	18.15	--	35	63524	买盘
13:08:33	18.15	0.01	1	1814	买盘
13:08:30	18.14	-0.01	6	10884	卖盘
13:08:27	18.15	0.01	21	38115	买盘
13:08:24	18.14	--	5	9070	卖盘
13:08:21	18.14	-0.01	1	1814	卖盘
13:08:15	18.15	--	30	54449	买盘
13:08:00	18.15	--	9	16334	买盘
13:07:57	18.15	-0.03	171	310365	卖盘
13:07:54	18.18	0.02	30	54540	买盘
13:07:51	18.16	-0.01	100	181600	卖盘
13:07:42	18.17	--	3	5451	卖盘
13:07:36	18.17	--	1	1817	卖盘
13:07:27	18.17	--	6	10902	买盘
13:07:18	18.17	--	2	3634	买盘
13:07:12	18.17	--	1	1817	买盘
13:07:06	18.17	--	16	29072	卖盘
13:07:00	18.17	--	5	9085	卖盘
13:06:48	18.17	-0.01	1	1817	卖盘
13:06:45	18.18	0.01	47	85446	买盘
13:06:39	18.17	-0.01	2	3634	卖盘
13:06:36	18.18	0.01	18	32724	买盘
13:06:24	18.17	0.01	7	12719	买盘
13:06:18	18.16	-0.01	8	14528	卖盘
13:06:09	18.17	0.01	85	154445	买盘
13:05:57	18.16	--	10	18160	卖盘
13:05:54	18.16	0.01	95	172520	买盘
13:05:48	18.15	--	29	52634	卖盘
13:05:45	18.15	--	21	38115	卖盘
13:05:33	18.15	--	1	1814	买盘
13:05:30	18.15	0.01	13	23594	买盘
13:05:27	18.14	-0.01	4	7256	卖盘
13:05:09	18.15	0.01	10	18150	买盘
13:05:06	18.14	--	2	3628	卖盘
13:05:03	18.14	--	3	5442	卖盘
13:04:54	18.14	-0.01	1	1814	卖盘
13:04:48	18.15	0.01	5	9075	买盘
13:04:33	18.14	-0.01	3	5442	卖盘
13:04:12	18.15	0.01	70	127049	买盘
13:04:09	18.14	-0.01	5	9070	卖盘
13:03:57	18.15	0.01	30	54449	买盘
13:03:51	18.14	--	20	36280	卖盘
13:03:39	18.14	-0.01	5	9070	卖盘
13:03:33	18.15	0.01	10	18150	买盘
13:03:18	18.14	-0.01	5	9070	卖盘
13:03:00	18.15	--	27	49004	买盘
13:02:48	18.15	0.01	8	14519	买盘
13:02:39	18.14	--	0	907	卖盘
13:02:36	18.14	-0.01	49	88886	卖盘
13:02:27	18.15	--	100	181500	买盘
13:02:06	18.15	--	10	18150	买盘
13:01:57	18.15	0.02	15	27224	买盘
13:01:48	18.13	-0.02	1	1813	卖盘
13:01:36	18.15	0.01	16	29039	买盘
13:01:24	18.14	-0.01	5	9070	中性盘
13:01:18	18.15	--	25	45375	买盘
13:01:15	18.15	--	20	36300	买盘
13:00:42	18.15	0.01	22	39930	买盘
13:00:36	18.14	0.01	1	1814	买盘
13:00:18	18.13	-0.01	2	3626	卖盘
13:00:15	18.14	0.02	11	19954	买盘
13:00:12	18.12	-0.02	11	19932	卖盘
13:00:09	18.14	0.03	117	212238	买盘
13:00:06	18.11	--	214	388459	买盘
13:00:03	18.11	--	0	0	买盘
11:30:03	18.11	--	0	0	买盘
11:30:00	18.11	--	18	33503	卖盘
11:29:36	18.11	--	28	51613	买盘
11:29:21	18.11	-0.01	6	11771	卖盘
11:29:12	18.12	--	10	18120	买盘
11:29:09	18.12	0.01	2	3624	买盘
11:29:06	18.11	--	3	5433	卖盘
11:28:57	18.11	--	5	9055	卖盘
11:28:42	18.11	-0.01	1	2716	卖盘
11:28:24	18.12	--	10	18120	买盘
11:28:18	18.12	--	1	1812	买盘
11:28:00	18.12	--	20	36240	买盘
11:27:51	18.12	--	49	88788	卖盘
11:27:45	18.12	--	3	5436	卖盘
11:27:39	18.12	--	25	45300	卖盘
11:27:36	18.12	--	4	7248	买盘
11:27:33	18.12	-0.01	2	3624	中性盘
11:26:36	18.13	--	91	165889	卖盘
11:26:33	18.13	--	23	41699	卖盘
11:26:30	18.13	--	1	1813	卖盘
11:26:27	18.13	--	9	16317	卖盘
11:26:21	18.13	--	10	18130	卖盘
11:26:18	18.13	--	1	1813	卖盘
11:26:12	18.13	--	20	36260	卖盘
11:26:09	18.13	--	20	36260	卖盘
11:26:06	18.13	-0.01	1	1813	卖盘
11:26:03	18.14	0.01	80	145120	买盘
11:26:00	18.13	--	45	81585	卖盘
11:25:57	18.13	--	15	28101	卖盘
11:25:54	18.13	-0.01	63	114219	卖盘
11:25:48	18.14	0.01	11	19954	买盘
11:25:45	18.13	--	11	19943	买盘
11:25:42	18.13	--	2	3626	买盘
11:25:36	18.13	--	12	21756	买盘
11:25:30	18.13	--	2	3626	买盘
11:25:27	18.13	--	2	3626	买盘
11:25:21	18.13	--	16	29008	卖盘
11:25:09	18.13	-0.01	5	9065	卖盘
11:25:06	18.14	-0.01	2	3628	中性盘
11:24:57	18.15	0.01	4	7259	买盘
11:24:54	18.14	-0.01	7	12698	卖盘
11:24:39	18.15	--	6	10890	卖盘
11:24:33	18.15	-0.02	9	16334	卖盘
11:24:30	18.17	0.02	50	90850	买盘
11:24:27	18.15	-0.02	30	54449	卖盘
11:24:21	18.17	-0.01	2	3634	买盘
11:24:18	18.18	--	72	130896	买盘
11:24:09	18.18	--	8	14544	买盘
11:24:00	18.18	0.03	56	101808	买盘
11:23:57	18.15	-0.03	10	18150	卖盘
11:23:54	18.18	0.04	20	36360	买盘
11:23:45	18.14	0.02	16	29024	买盘
11:23:42	18.12	-0.07	5	9060	卖盘
11:23:36	18.19	0.08	406	738514	买盘
11:23:27	18.11	--	3	5433	卖盘
11:23:24	18.11	--	1	1811	卖盘
11:23:18	18.11	0.01	5	9055	买盘
11:23:15	18.1	0.02	279	504990	买盘
11:23:09	18.08	--	3	5423	买盘
11:23:06	18.08	0.01	10	18080	买盘
11:23:03	18.07	--	3	5421	卖盘
11:22:57	18.07	--	6	10842	卖盘
11:22:54	18.07	--	20	36140	卖盘
11:22:48	18.07	--	7	12649	卖盘
11:22:45	18.07	--	1	1807	卖盘
11:22:39	18.07	0.01	299	540293	买盘
11:22:36	18.06	0.01	10	18060	买盘
11:22:27	18.05	--	3	5415	卖盘
11:22:24	18.05	--	20	36100	卖盘
11:22:18	18.05	0.01	186	335730	买盘
11:22:12	18.04	-0.01	5	9020	卖盘
11:21:51	18.05	0.01	1	1805	买盘
11:21:48	18.04	--	11	19844	卖盘
11:21:45	18.04	--	28	50512	买盘
11:21:42	18.04	--	11	19844	买盘
11:21:39	18.04	--	10	18040	买盘
11:21:36	18.04	--	5	9020	买盘
11:21:33	18.04	0.01	11	19844	买盘
11:21:27	18.03	--	4	7212	卖盘
11:21:12	18.03	0.01	62	111786	买盘
11:21:09	18.02	--	2	3604	卖盘
11:21:06	18.02	-0.01	10	18020	卖盘
11:21:03	18.03	0.01	10	18030	买盘
11:20:57	18.02	--	10	18020	卖盘
11:20:42	18.02	0.01	40	72080	买盘
11:20:18	18.01	0.01	12	21612	买盘
11:20:12	18.0	-0.01	6	10800	卖盘
11:20:06	18.01	--	10	18010	买盘
11:19:57	18.01	--	50	90050	买盘
11:19:21	18.01	0.01	5	9005	买盘
11:19:15	18.0	--	5	9000	卖盘
11:19:12	18.0	--	2	3600	卖盘
11:19:00	18.0	--	2	3600	卖盘
11:18:51	18.0	--	1	1800	卖盘
11:18:42	18.0	--	4	7200	卖盘
11:18:36	18.0	--	20	36000	卖盘
11:18:24	18.0	--	10	18000	卖盘
11:17:51	18.0	-0.01	1	1800	卖盘
11:17:48	18.01	0.01	5	9005	买盘
11:17:33	18.0	-0.01	10	18000	卖盘
11:17:15	18.01	-0.01	14	25214	卖盘
11:17:09	18.02	0.01	2	3604	卖盘
11:17:06	18.01	-0.01	3	5403	卖盘
11:17:00	18.02	0.01	5	9010	中性盘
11:16:36	18.01	--	1	1801	卖盘
11:16:30	18.01	--	1	1801	卖盘
11:16:27	18.01	-0.01	1	1801	卖盘
11:16:18	18.02	0.01	24	43248	买盘
11:16:15	18.01	0.01	1	1801	中性盘
11:16:03	18.0	-0.02	102	183600	卖盘
11:15:54	18.02	0.01	8	14416	买盘
11:15:48	18.01	--	22	39622	卖盘
11:15:42	18.01	-0.01	1	1801	卖盘
11:15:33	18.02	--	4	7208	买盘
11:15:27	18.02	--	4	7208	买盘
11:15:06	18.02	0.01	3	5406	买盘
11:15:00	18.01	-0.01	1	1801	卖盘
11:14:54	18.02	0.01	7	12614	买盘
11:14:36	18.01	--	1	1801	卖盘
11:14:27	18.01	-0.02	6	10806	卖盘
11:14:21	18.03	0.02	7	12621	中性盘
11:14:03	18.01	-0.03	3	5403	卖盘
11:13:57	18.04	0.03	30	54120	买盘
11:13:54	18.01	--	1	1801	卖盘
11:13:33	18.01	0.01	20	36020	买盘
11:13:27	18.0	--	1	1800	卖盘
11:13:21	18.0	--	2	3600	卖盘
11:13:15	18.0	--	45	81000	买盘
11:13:12	18.0	--	50	90000	买盘
11:13:03	18.0	--	16	28800	买盘
11:12:45	18.0	--	3	5400	买盘
11:12:42	18.0	--	5	9000	买盘
11:12:30	18.0	0.02	5	9000	买盘
11:12:21	17.98	-0.02	10	17980	中性盘
11:12:18	18.0	0.02	154	277200	买盘
11:12:00	17.98	--	3	5394	买盘
11:11:51	17.98	--	5	8990	卖盘
11:11:48	17.98	--	11	19778	卖盘
11:11:42	17.98	-0.02	34	61132	卖盘
11:11:33	18.0	0.02	22	39600	买盘
11:11:30	17.98	-0.02	10	17980	卖盘
11:11:09	18.0	--	2	3600	卖盘
11:11:06	18.0	-0.01	30	54000	卖盘
11:11:03	18.01	--	7	12607	卖盘
11:11:00	18.01	--	2	3602	卖盘
11:10:54	18.01	--	21	37821	卖盘
11:10:51	18.01	--	3	5403	卖盘
11:10:45	18.01	--	2	3602	卖盘
11:10:39	18.01	--	1	1801	卖盘
11:10:36	18.01	0.01	184	331384	买盘
11:10:33	18.0	--	271	487800	卖盘
11:10:30	18.0	-0.01	10	18000	卖盘
11:10:24	18.01	0.01	44	79244	买盘
11:10:18	18.0	-0.01	4	7200	卖盘
11:10:12	18.01	0.01	10	18010	买盘
11:10:09	18.0	-0.01	6	10800	卖盘
11:10:06	18.01	--	26	46826	卖盘
11:09:54	18.01	--	22	39622	买盘
11:09:51	18.01	0.01	155	279155	买盘
11:09:48	18.0	-0.01	136	244800	卖盘
11:09:39	18.01	-0.03	13	23413	卖盘
11:09:33	18.04	0.04	55	99220	买盘
11:09:21	18.0	-0.02	166	298800	卖盘
11:09:18	18.02	-0.03	5	9010	卖盘
11:09:12	18.05	-0.02	2	3610	买盘
11:09:09	18.07	--	10	18070	买盘
11:09:06	18.07	0.02	5	9035	买盘
11:09:03	18.05	-0.01	22	39710	中性盘
11:08:54	18.06	0.01	16	28895	买盘
11:08:51	18.05	-0.02	5	9025	卖盘
11:08:48	18.07	--	8	14456	买盘
11:08:45	18.07	0.02	9	16263	买盘
11:08:39	18.05	-0.02	1	1805	中性盘
11:08:33	18.07	0.02	50	90350	买盘
11:08:30	18.05	--	5	9025	买盘
11:08:27	18.05	--	5	9025	买盘
11:08:24	18.05	--	30	54150	买盘
11:08:21	18.05	0.02	161	290605	买盘
11:08:12	18.03	-0.02	2	3606	卖盘
11:08:09	18.05	0.02	50	90250	买盘
11:08:03	18.03	0.02	3	5409	买盘
11:08:00	18.01	--	2	3602	卖盘
11:07:45	18.01	0.01	20	36020	买盘
11:07:39	18.0	--	35	63000	卖盘
11:07:36	18.0	0.01	23	41400	买盘
11:07:33	17.99	--	9	16190	卖盘
11:07:30	17.99	-0.01	6	10793	卖盘
11:07:27	18.0	0.01	70	126000	买盘
11:07:21	17.99	-0.01	1	1798	卖盘
11:07:18	18.0	0.02	106	190800	买盘
11:07:15	17.98	-0.01	92	165416	卖盘
11:07:12	17.99	--	3	5396	卖盘
11:07:09	17.99	--	50	89949	卖盘
11:07:03	17.99	-0.01	51	91748	卖盘
11:07:00	18.0	0.01	350	630000	买盘
11:06:54	17.99	-0.01	14	25185	卖盘
11:06:48	18.0	0.01	8	14400	买盘
11:06:30	17.99	--	62	111537	买盘
11:06:24	17.99	0.01	5	8995	买盘
11:06:21	17.98	-0.01	6	10788	卖盘
11:06:03	17.99	0.01	40	71960	买盘
11:06:00	17.98	-0.01	16	28768	卖盘
11:05:57	17.99	--	1	1798	买盘
11:05:48	17.99	-0.01	44	79156	中性盘
11:05:42	18.0	--	30	54000	买盘
11:05:39	18.0	0.01	50	90000	买盘
11:05:36	17.99	-0.01	23	41377	卖盘
11:05:30	18.0	0.01	200	360000	买盘
11:05:27	17.99	--	16	28783	卖盘
11:05:24	17.99	--	2	3597	卖盘
11:05:21	17.99	--	17	30582	卖盘
11:05:15	17.99	--	56	100743	卖盘
11:05:12	17.99	--	1	1798	卖盘
11:05:06	17.99	0.04	85	152915	买盘
11:04:45	17.95	--	21	37695	卖盘
11:04:42	17.95	-0.03	38	68210	卖盘
11:04:36	17.98	0.03	232	417136	买盘
11:04:30	17.95	--	13	23335	卖盘
11:04:18	17.95	--	24	43080	买盘
11:04:06	17.95	--	5	8975	买盘
11:04:03	17.95	--	15	26925	买盘
11:03:54	17.95	--	5	8975	买盘
11:03:45	17.95	0.01	20	35900	买盘
11:03:42	17.94	--	2	3588	买盘
11:03:36	17.94	-0.01	3	5382	卖盘
11:03:21	17.95	--	3	5385	买盘
11:03:09	17.95	--	22	39490	买盘
11:03:03	17.95	0.01	8	14360	买盘
11:03:00	17.94	0.01	47	84318	买盘
11:02:48	17.93	-0.01	17	30481	卖盘
11:02:42	17.94	--	16	28704	买盘
11:02:24	17.94	--	3	5382	买盘
11:02:12	17.94	0.02	2	3588	买盘
11:02:06	17.92	--	34	60928	买盘
11:01:54	17.92	-0.02	17	30464	卖盘
11:01:51	17.94	--	33	59202	买盘
11:01:48	17.94	0.02	5	8970	买盘
11:01:39	17.92	-0.02	3	5376	卖盘
11:01:27	17.94	0.03	145	260130	买盘
11:01:24	17.91	--	21	37611	卖盘
11:01:21	17.91	-0.01	54	96714	卖盘
11:01:12	17.92	--	21	37632	卖盘
11:01:06	17.92	-0.01	12	21504	中性盘
11:00:45	17.93	--	5	8965	买盘
11:00:39	17.93	0.01	7	12551	卖盘
11:00:33	17.92	--	3	5376	买盘
11:00:27	17.92	-0.02	22	39424	卖盘
11:00:24	17.94	0.01	31	55614	买盘
11:00:21	17.93	--	1	1793	买盘
11:00:18	17.93	--	3	5379	买盘
11:00:15	17.93	--	5	8965	买盘
11:00:00	17.93	--	36	64548	买盘
10:59:54	17.93	--	4	7172	买盘
10:59:36	17.93	0.01	3	5379	买盘
10:59:30	17.92	-0.01	30	53760	卖盘
10:59:18	17.93	--	30	53790	买盘
10:58:54	17.93	--	30	53790	买盘
10:58:51	17.93	--	10	17930	买盘
10:58:42	17.93	-0.01	104	186472	卖盘
10:58:36	17.94	0.01	24	43056	买盘
10:58:33	17.93	--	1	1793	卖盘
10:58:18	17.93	--	7	12551	买盘
10:57:57	17.93	--	1	1793	买盘
10:57:33	17.93	0.01	17	30481	买盘
10:57:30	17.92	--	8	14336	卖盘
10:57:18	17.92	--	30	53760	卖盘
10:57:12	17.92	--	2	3584	卖盘
10:56:54	17.92	--	1	1792	卖盘
10:56:48	17.92	--	20	35840	卖盘
10:56:45	17.92	-0.02	10	17920	卖盘
10:56:30	17.94	--	10	17940	买盘
10:56:18	17.94	--	11	19734	买盘
10:56:15	17.94	0.01	4	7176	买盘
10:56:06	17.93	--	2	3586	卖盘
10:55:57	17.93	-0.01	7	12551	中性盘
10:55:33	17.94	0.02	5	8970	买盘
10:55:15	17.92	--	3	5376	卖盘
10:55:12	17.92	--	5	8960	卖盘
10:55:06	17.92	-0.02	15	26880	中性盘
10:54:54	17.94	0.03	14	25116	买盘
10:54:51	17.91	-0.03	29	51939	卖盘
10:54:42	17.94	--	4	7176	买盘
10:54:24	17.94	--	20	35880	买盘
10:54:12	17.94	-0.01	8	14352	中性盘
10:53:45	17.95	--	3	5385	买盘
10:53:42	17.95	--	40	71800	买盘
10:53:30	17.95	--	2	3590	买盘
10:53:27	17.95	--	105	188475	买盘
10:53:24	17.95	0.01	20	35900	买盘
10:53:21	17.94	-0.01	1	1794	卖盘
10:53:18	17.95	--	12	21540	买盘
10:53:12	17.95	--	3	5385	买盘
10:53:03	17.95	0.01	10	17950	买盘
10:53:00	17.94	--	16	28704	卖盘
10:52:57	17.94	-0.01	2	3588	卖盘
10:52:54	17.95	0.01	20	35900	买盘
10:52:48	17.94	--	13	23322	卖盘
10:52:45	17.94	--	5	8970	卖盘
10:52:33	17.94	--	8	14352	卖盘
10:52:27	17.94	--	10	17940	卖盘
10:52:24	17.94	-0.01	5	8970	卖盘
10:52:21	17.95	--	7	12565	买盘
10:52:09	17.95	0.01	10	17950	买盘
10:52:06	17.94	0.02	22	39468	买盘
10:51:57	17.92	-0.02	30	53760	卖盘
10:51:54	17.94	--	44	78936	买盘
10:51:51	17.94	0.01	10	17940	买盘
10:51:39	17.93	--	42	75306	卖盘
10:51:36	17.93	-0.01	1	1793	卖盘
10:51:30	17.94	0.02	30	53820	买盘
10:51:15	17.92	0.01	123	220416	买盘
10:51:12	17.91	--	4	7164	买盘
10:51:09	17.91	--	10	17910	买盘
10:51:03	17.91	--	12	21492	买盘
10:51:00	17.91	--	30	53730	买盘
10:50:45	17.91	--	27	48357	买盘
10:50:42	17.91	0.01	192	343872	买盘
10:50:39	17.9	-0.01	5	8950	卖盘
10:50:33	17.91	0.01	2	3582	买盘
10:50:30	17.9	--	27	48329	卖盘
10:50:27	17.9	--	54	96659	卖盘
10:50:18	17.9	--	41	73390	买盘
10:50:15	17.9	--	15	26849	买盘
10:49:54	17.9	--	25	44750	买盘
10:49:48	17.9	-0.01	2	3579	卖盘
10:49:33	17.91	--	1	1791	买盘
10:49:21	17.91	-0.01	10	17910	卖盘
10:49:15	17.92	--	8	14336	买盘
10:49:09	17.92	--	3	5376	卖盘
10:49:06	17.92	-0.01	14	25088	卖盘
10:49:03	17.93	0.03	19	34067	买盘
10:48:57	17.9	--	10	17900	买盘
10:48:48	17.9	--	6	10740	买盘
10:48:45	17.9	--	16	28639	买盘
10:48:42	17.9	-0.02	68	121719	卖盘
10:48:36	17.92	--	10	17920	买盘
10:48:33	17.92	0.02	25	44800	买盘
10:48:30	17.9	--	24	42960	买盘
10:48:27	17.9	--	39	69810	买盘
10:48:24	17.9	--	15	26849	买盘
10:48:21	17.9	--	31	55489	买盘
10:48:18	17.9	0.01	19	34010	买盘
10:48:15	17.89	--	5	8945	卖盘
10:48:00	17.89	--	12	21468	买盘
10:47:54	17.89	0.02	13	23257	买盘
10:47:48	17.87	-0.03	2	3574	中性盘
10:47:24	17.9	0.03	19	34010	买盘
10:47:15	17.87	--	20	35740	卖盘
10:47:03	17.87	-0.03	14	25018	卖盘
10:46:57	17.9	--	17	30429	买盘
10:46:51	17.9	--	9	16109	卖盘
10:46:39	17.9	-0.03	5	8950	卖盘
10:46:36	17.93	0.03	33	59169	买盘
10:46:30	17.9	-0.03	2	3579	卖盘
10:46:18	17.93	0.03	19	34067	买盘
10:46:12	17.9	-0.02	10	17900	卖盘
10:46:06	17.92	0.01	13	23296	买盘
10:46:00	17.91	-0.01	1	1791	卖盘
10:45:57	17.92	--	37	66304	买盘
10:45:48	17.92	0.01	12	21504	买盘
10:45:42	17.91	--	2	3582	卖盘
10:45:33	17.91	-0.01	10	17910	卖盘
10:45:27	17.92	--	44	78848	买盘
10:45:24	17.92	-0.01	17	30464	卖盘
10:45:21	17.93	0.02	12	21516	买盘
10:45:15	17.91	-0.02	20	35820	卖盘
10:45:12	17.93	0.01	19	34067	买盘
10:45:09	17.92	--	14	25088	买盘
10:45:06	17.92	0.01	13	23296	买盘
10:45:00	17.91	--	10	17910	卖盘
10:44:57	17.91	--	3	5373	买盘
10:44:54	17.91	-0.01	2	3582	买盘
10:44:27	17.92	0.01	29	51968	买盘
10:44:24	17.91	-0.01	9	16119	卖盘
10:44:21	17.92	0.01	14	25088	买盘
10:44:18	17.91	0.01	5	8955	中性盘
10:43:57	17.9	-0.03	13	23269	卖盘
10:43:48	17.93	--	13	23309	买盘
10:43:45	17.93	0.03	17	30481	买盘
10:43:39	17.9	--	35	62649	买盘
10:43:36	17.9	--	32	57279	买盘
10:43:30	17.9	--	5	8950	买盘
10:43:21	17.9	--	20	35800	买盘
10:43:18	17.9	--	37	66230	买盘
10:43:15	17.9	--	59	105609	买盘
10:42:54	17.9	-0.03	46	82340	卖盘
10:42:51	17.93	--	5	8965	卖盘
10:42:48	17.93	-0.02	3	5379	卖盘
10:42:45	17.95	--	14	25130	买盘
10:42:42	17.95	--	13	23335	买盘
10:42:39	17.95	0.05	16	28720	买盘
10:42:36	17.9	-0.05	21	37590	卖盘
10:42:33	17.95	0.05	100	179500	买盘
10:42:27	17.9	-0.03	5	8950	卖盘
10:42:21	17.93	--	12	21516	买盘
10:42:18	17.93	-0.01	20	35860	卖盘
10:42:15	17.94	--	17	30498	买盘
10:42:03	17.94	--	22	39468	买盘
10:42:00	17.94	--	11	19734	卖盘
10:41:54	17.94	--	2	3588	卖盘
10:41:45	17.94	--	1	1794	卖盘
10:41:42	17.94	--	36	64584	卖盘
10:41:30	17.94	--	10	17940	卖盘
10:41:27	17.94	--	7	13455	卖盘
10:41:24	17.94	--	49	87906	买盘
10:41:12	17.94	--	17	30498	买盘
10:41:09	17.94	0.01	60	107640	买盘
10:41:06	17.93	--	5	8965	卖盘
10:41:03	17.93	--	1	1793	卖盘
10:41:00	17.93	0.01	19	34067	买盘
10:40:57	17.92	-0.01	128	229376	卖盘
10:40:51	17.93	--	13	23309	买盘
10:40:42	17.93	-0.01	24	43032	卖盘
10:40:39	17.94	--	10	17940	买盘
10:40:36	17.94	--	10	17940	买盘
10:40:33	17.94	0.01	51	91494	买盘
10:40:30	17.93	-0.01	39	69927	卖盘
10:40:27	17.94	--	3	5382	买盘
10:40:18	17.94	0.01	15	26910	买盘
10:40:09	17.93	-0.01	2	3586	中性盘
10:40:06	17.94	0.02	3	5382	中性盘
10:39:57	17.92	-0.03	106	189952	卖盘
10:39:54	17.95	--	4	7180	买盘
10:39:51	17.95	0.03	100	179500	买盘
10:39:48	17.92	--	10	17920	买盘
10:39:39	17.92	0.02	21	37632	买盘
10:39:36	17.9	--	2	3579	卖盘
10:39:33	17.9	-0.04	5	8950	卖盘
10:39:30	17.94	0.04	56	100464	买盘
10:39:27	17.9	--	36	64439	买盘
10:39:24	17.9	--	17	30429	买盘
10:39:15	17.9	--	22	39380	买盘
10:39:12	17.9	--	10	17900	买盘
10:39:09	17.9	0.03	10	17900	买盘
10:39:03	17.87	-0.03	30	53610	卖盘
10:39:00	17.9	0.02	300	537000	买盘
10:38:57	17.88	0.01	2	3576	买盘
10:38:54	17.87	-0.01	18	32166	卖盘
10:38:51	17.88	0.01	20	35760	买盘
10:38:48	17.87	0.01	5	8935	买盘
10:38:39	17.86	-0.01	3	5358	卖盘
10:38:36	17.87	--	13	23231	买盘
10:38:33	17.87	--	30	53610	买盘
10:38:21	17.87	0.02	23	41101	买盘
10:38:18	17.85	-0.01	4	7140	卖盘
10:38:12	17.86	0.01	37	66082	买盘
10:38:03	17.85	--	1	2677	买盘
10:38:00	17.85	0.01	14	24990	买盘
10:37:54	17.84	-0.01	5	8920	中性盘
10:37:48	17.85	0.02	200	357000	买盘
10:37:45	17.83	--	30	53489	卖盘
10:37:39	17.83	0.01	28	49923	买盘
10:37:24	17.82	--	66	117612	卖盘
10:37:09	17.82	--	10	17820	卖盘
10:36:54	17.82	--	48	85536	卖盘
10:36:51	17.82	--	5	8910	卖盘
10:36:45	17.82	--	1	1782	卖盘
10:36:21	17.82	-0.01	1	1782	卖盘
10:36:06	17.83	0.01	16	28527	买盘
10:35:51	17.82	--	10	17820	卖盘
10:35:48	17.82	--	1	1782	卖盘
10:35:45	17.82	--	10	17820	卖盘
10:35:30	17.82	--	8	14256	卖盘
10:35:27	17.82	--	2	3564	卖盘
10:35:21	17.82	--	12	21384	卖盘
10:35:15	17.82	-0.01	2	3564	中性盘
10:35:06	17.83	0.01	11	19612	买盘
10:35:03	17.82	-0.02	3	5346	中性盘
10:34:30	17.84	0.01	83	148072	买盘
10:34:27	17.83	0.01	19	33877	买盘
10:34:21	17.82	0.02	8	14256	买盘
10:34:15	17.8	-0.02	20	35600	卖盘
10:34:12	17.82	0.02	57	101574	买盘
10:34:09	17.8	-0.02	6	10680	卖盘
10:33:51	17.82	0.02	47	85090	买盘
10:33:48	17.8	--	5	8900	买盘
10:33:42	17.8	--	27	48060	买盘
10:33:33	17.8	-0.02	22	39605	卖盘
10:33:12	17.82	--	12	21384	买盘
10:33:03	17.82	0.02	28	49896	买盘
10:32:57	17.8	--	5	8900	卖盘
10:32:42	17.8	--	30	53400	卖盘
10:32:30	17.8	--	1	1780	卖盘
10:32:24	17.8	-0.01	14	24920	卖盘
10:32:21	17.81	0.01	8	14247	买盘
10:32:06	17.8	--	10	17800	卖盘
10:31:54	17.8	-0.01	2	3560	卖盘
10:31:51	17.81	0.01	2	3561	买盘
10:31:30	17.8	--	9	17355	买盘
10:31:15	17.8	--	10	17800	买盘
10:31:03	17.8	--	15	27145	卖盘
10:30:51	17.8	--	13	24475	买盘
10:30:45	17.8	--	10	17800	买盘
10:30:39	17.8	--	23	40940	买盘
10:30:36	17.8	--	1	1780	买盘
10:30:27	17.8	--	20	35600	买盘
10:30:24	17.8	0.02	30	54290	买盘
10:30:21	17.78	--	58	103124	买盘
10:30:15	17.78	--	34	60452	买盘
10:30:12	17.78	--	20	35560	买盘
10:30:09	17.78	--	40	71120	买盘
10:30:00	17.78	0.01	20	35560	买盘
10:29:57	17.77	-0.01	10	17770	卖盘
10:29:54	17.78	--	45	80010	买盘
10:29:51	17.78	--	14	24892	买盘
10:29:42	17.78	--	43	76454	买盘
10:29:39	17.78	--	9	16891	卖盘
10:29:33	17.78	--	7	12446	卖盘
10:29:18	17.78	-0.02	7	12446	卖盘
10:29:15	17.8	0.02	23	40940	买盘
10:29:06	17.78	-0.02	4	7112	卖盘
10:29:03	17.8	--	17	30260	买盘
10:29:00	17.8	--	16	28480	买盘
10:28:57	17.8	0.01	5	8900	买盘
10:28:45	17.79	--	17	30243	买盘
10:28:30	17.79	--	17	30243	买盘
10:28:09	17.79	--	20	35580	买盘
10:27:54	17.79	0.01	5	8895	买盘
10:27:51	17.78	-0.01	3	5334	卖盘
10:27:48	17.79	--	10	17790	买盘
10:27:33	17.79	--	12	21348	卖盘
10:27:27	17.79	-0.01	5	8895	卖盘
10:27:24	17.8	0.01	1	1780	买盘
10:27:06	17.79	-0.01	3	5337	卖盘
10:26:54	17.8	--	5	8900	买盘
10:26:42	17.8	--	1	1780	买盘
10:26:21	17.8	0.01	100	178000	买盘
10:26:18	17.79	-0.01	11	19569	中性盘
10:26:12	17.8	0.01	5	8900	买盘
10:26:09	17.79	--	5	8895	卖盘
10:26:03	17.79	-0.01	6	10674	卖盘
10:25:54	17.8	--	40	71200	买盘
10:25:51	17.8	--	10	17800	买盘
10:25:45	17.8	--	15	26700	买盘
10:25:42	17.8	--	7	12460	买盘
10:25:09	17.8	--	2	3560	买盘
10:25:00	17.8	--	31	55180	买盘
10:24:48	17.8	--	8	14240	卖盘
10:24:36	17.8	0.02	2	3560	中性盘
10:24:33	17.78	-0.01	9	16891	卖盘
10:24:30	17.79	-0.02	5	8895	卖盘
10:24:21	17.81	0.01	47	83707	买盘
10:24:18	17.8	--	20	35600	买盘
10:24:12	17.8	--	11	19580	卖盘
10:23:48	17.8	--	71	126380	买盘
10:23:45	17.8	--	7	12460	买盘
10:23:42	17.8	--	55	97900	买盘
10:23:39	17.8	0.04	1	1780	买盘
10:23:30	17.76	-0.04	81	143856	卖盘
10:23:21	17.8	0.01	10	17800	买盘
10:23:12	17.79	--	5	8895	卖盘
10:23:06	17.79	--	21	38248	买盘
10:23:03	17.79	--	17	30243	买盘
10:23:00	17.79	--	36	64044	买盘
10:22:42	17.79	--	45	80944	卖盘
10:22:36	17.79	-0.02	3	5337	卖盘
10:22:24	17.81	--	71	126450	买盘
10:22:18	17.81	--	10	17810	买盘
10:22:15	17.81	0.02	6	10686	买盘
10:22:09	17.79	-0.02	16	29353	卖盘
10:21:57	17.81	0.01	1	1780	买盘
10:21:54	17.8	--	3	5340	卖盘
10:21:36	17.8	--	12	21360	买盘
10:21:33	17.8	--	10	17800	卖盘
10:21:30	17.8	--	13	23140	买盘
10:21:15	17.8	-0.02	37	65860	卖盘
10:21:12	17.82	0.02	4	7128	买盘
10:21:09	17.8	-0.02	5	8900	卖盘
10:21:06	17.82	0.01	18	32076	中性盘
10:20:54	17.81	0.01	10	17810	买盘
10:20:36	17.8	0.01	116	206480	买盘
10:20:33	17.79	--	9	16011	卖盘
10:20:30	17.79	--	11	19569	卖盘
10:20:27	17.79	--	10	17790	卖盘
10:20:24	17.79	-0.01	5	8895	卖盘
10:20:21	17.8	0.01	1	1780	买盘
10:20:18	17.79	-0.01	3	5337	卖盘
10:20:15	17.8	--	23	40940	买盘
10:20:09	17.8	0.01	17	31150	买盘
10:20:06	17.79	--	60	106740	买盘
10:19:57	17.79	--	10	17790	买盘
10:19:51	17.79	0.01	15	26685	买盘
10:19:42	17.78	--	78	138684	买盘
10:19:30	17.78	--	12	21336	买盘
10:19:18	17.78	0.01	13	23114	买盘
10:19:09	17.77	--	18	31986	买盘
10:19:03	17.77	0.01	5	8885	买盘
10:19:00	17.76	-0.01	17	30192	卖盘
10:18:57	17.77	0.01	6	10662	买盘
10:18:51	17.76	--	31	55056	买盘
10:18:39	17.76	0.01	15	26640	买盘
10:18:36	17.75	--	6	10650	卖盘
10:18:24	17.75	-0.01	5	8875	卖盘
10:18:21	17.76	--	3	5328	卖盘
10:18:18	17.76	-0.01	6	10656	卖盘
10:18:15	17.77	0.02	11	19547	买盘
10:18:12	17.75	--	9	15975	卖盘
10:18:06	17.75	--	20	35500	卖盘
10:18:03	17.75	-0.02	17	30175	卖盘
10:17:27	17.77	-0.01	15	26655	中性盘
10:17:15	17.78	0.01	30	53340	买盘
10:17:12	17.77	--	7	12439	买盘
10:17:09	17.77	--	2	3554	卖盘
10:17:03	17.77	0.02	18	31986	买盘
10:16:57	17.75	--	5	8875	卖盘
10:16:54	17.75	--	17	30175	卖盘
10:16:51	17.75	-0.01	10	17750	卖盘
10:16:45	17.76	0.01	31	55056	买盘
10:16:24	17.75	-0.01	5	8875	卖盘
10:16:18	17.76	--	5	8880	买盘
10:16:09	17.76	-0.01	24	42624	卖盘
10:16:06	17.77	0.01	7	12439	买盘
10:16:03	17.76	--	5	8880	卖盘
10:15:39	17.76	--	93	165168	买盘
10:15:27	17.76	--	3	5328	买盘
10:15:21	17.76	0.01	3	5328	买盘
10:15:15	17.75	-0.01	20	35500	中性盘
10:15:06	17.76	0.02	20	35520	买盘
10:15:03	17.74	--	11	19514	卖盘
10:15:00	17.74	--	2	3547	卖盘
10:14:57	17.74	-0.01	3	5534	卖盘
10:14:39	17.75	-0.01	0	1562	卖盘
10:14:33	17.76	-0.01	5	8880	卖盘
10:14:24	17.77	--	5	8885	买盘
10:14:21	17.77	0.01	15	26655	买盘
10:14:18	17.76	-0.02	9	15984	卖盘
10:14:15	17.78	0.01	45	80010	买盘
10:14:12	17.77	0.01	6	10662	买盘
10:14:09	17.76	-0.01	5	8880	卖盘
10:14:06	17.77	--	11	19547	中性盘
10:14:03	17.77	--	5	8885	买盘
10:14:00	17.77	--	5	8885	卖盘
10:13:54	17.77	--	2	3554	卖盘
10:13:48	17.77	--	25	44425	买盘
10:13:42	17.77	--	30	53310	买盘
10:13:36	17.77	--	26	46202	买盘
10:13:30	17.77	0.02	33	58641	买盘
10:13:27	17.75	-0.01	38	67450	卖盘
10:13:18	17.76	--	4	7104	卖盘
10:13:15	17.76	0.01	8	14208	买盘
10:13:06	17.75	--	1	1775	卖盘
10:13:00	17.75	--	8	14413	卖盘
10:12:57	17.75	0.05	39	69225	买盘
10:12:51	17.7	--	13	23010	买盘
10:12:45	17.7	--	9	15930	买盘
10:12:24	17.7	--	5	8850	买盘
10:12:09	17.7	0.05	129	228330	买盘
10:12:00	17.65	-0.04	1	1764	卖盘
10:11:54	17.69	0.02	19	33611	买盘
10:11:45	17.67	--	5	8835	买盘
10:11:42	17.67	-0.02	45	79515	卖盘
10:11:36	17.69	--	13	22997	买盘
10:11:27	17.69	0.02	10	17690	买盘
10:11:15	17.67	--	6	10602	卖盘
10:11:12	17.67	-0.01	1	1767	卖盘
10:11:06	17.68	0.01	11	19448	买盘
10:11:03	17.67	--	25	44175	买盘
10:11:00	17.67	0.01	3	5301	买盘
10:10:54	17.66	--	1	1766	卖盘
10:10:45	17.66	--	4	7064	买盘
10:10:36	17.66	0.01	12	21192	买盘
10:10:24	17.65	0.03	32	56479	买盘
10:10:18	17.62	0.01	13	22906	中性盘
10:09:48	17.61	-0.01	1	1761	中性盘
10:09:33	17.62	0.02	10	17620	中性盘
10:09:15	17.6	-0.03	12	21120	卖盘
10:08:57	17.63	0.03	1	1763	买盘
10:08:45	17.6	--	1	1760	卖盘
10:08:18	17.6	--	44	77440	买盘
10:08:15	17.6	--	38	66880	买盘
10:08:12	17.6	--	20	35200	买盘
10:07:48	17.6	--	16	28160	买盘
10:07:39	17.6	0.01	23	40480	中性盘
10:07:15	17.59	--	11	19349	卖盘
10:07:00	17.59	--	72	126648	卖盘
10:06:57	17.59	--	7	12313	买盘
10:06:48	17.59	--	8	14072	买盘
10:06:33	17.59	-0.04	80	140720	卖盘
10:06:24	17.63	--	14	24682	卖盘
10:06:18	17.63	0.01	11	19393	中性盘
10:05:48	17.62	-0.04	3	5286	卖盘
10:05:33	17.66	-0.01	10	17660	中性盘
10:04:30	17.67	0.06	100	176700	买盘
10:04:27	17.61	0.01	2	3522	中性盘
10:04:15	17.6	-0.01	16	28160	卖盘
10:03:54	17.61	-0.05	5	8805	卖盘
10:03:51	17.66	-0.01	9	15894	中性盘
10:03:15	17.67	--	3	5301	买盘
10:03:09	17.67	--	42	74214	卖盘
10:03:06	17.67	--	2	3534	卖盘
10:03:00	17.67	--	14	24738	卖盘
10:02:54	17.67	--	28	49476	卖盘
10:02:48	17.67	-0.02	15	26505	卖盘
10:02:42	17.69	0.02	2	3538	买盘
10:02:27	17.67	--	9	15903	卖盘
10:02:24	17.67	0.07	290	512430	买盘
10:02:09	17.6	--	1	1760	卖盘
10:01:18	17.6	-0.01	4	7040	卖盘
10:01:03	17.61	--	3	5283	买盘
10:00:48	17.61	-0.04	7	12327	卖盘
10:00:39	17.65	0.04	14	24709	买盘
10:00:36	17.61	-0.06	10	17610	卖盘
10:00:21	17.67	--	21	37107	买盘
10:00:03	17.67	--	24	42408	卖盘
09:59:48	17.67	--	1	1767	卖盘
09:59:36	17.67	0.07	43	75981	买盘
09:59:12	17.6	-0.02	3	5280	卖盘
09:59:00	17.62	0.02	6	10572	买盘
09:58:54	17.6	0.01	5	8800	卖盘
09:58:30	17.59	--	1	1759	中性盘
09:58:18	17.59	0.03	1	1759	中性盘
09:57:54	17.56	-0.03	200	351200	卖盘
09:57:48	17.59	--	40	70360	卖盘
09:57:30	17.59	-0.01	45	79155	卖盘
09:57:24	17.6	--	8	14080	买盘
09:57:21	17.6	--	52	91520	卖盘
09:57:15	17.6	-0.01	5	8800	卖盘
09:57:12	17.61	0.01	4	7044	买盘
09:56:54	17.6	--	1	1760	买盘
09:56:51	17.6	0.01	2	3520	买盘
09:56:48	17.59	-0.01	1	1759	卖盘
09:56:45	17.6	0.01	7	12320	买盘
09:56:39	17.59	-0.01	18	31662	卖盘
09:56:30	17.6	--	10	17600	买盘
09:56:24	17.6	-0.01	22	38720	卖盘
09:56:15	17.61	0.01	1	1761	中性盘
09:56:09	17.6	--	4	7040	卖盘
09:55:45	17.6	--	1	1760	卖盘
09:55:33	17.6	-0.02	9	15840	卖盘
09:55:06	17.62	0.02	6	10572	买盘
09:55:00	17.6	--	3	5280	卖盘
09:54:51	17.6	0.01	5	8800	卖盘
09:54:45	17.59	--	1	1759	卖盘
09:54:39	17.59	--	6	10554	卖盘
09:54:33	17.59	--	9	15831	买盘
09:54:30	17.59	--	5	8795	买盘
09:54:24	17.59	--	4	7036	卖盘
09:54:21	17.59	--	12	21108	卖盘
09:54:15	17.59	0.01	5	8795	中性盘
09:53:45	17.58	-0.02	11	19337	卖盘
09:53:39	17.6	--	20	35200	卖盘
09:53:18	17.6	-0.03	100	176000	卖盘
09:53:15	17.63	--	11	19393	卖盘
09:52:54	17.63	--	18	31734	卖盘
09:52:45	17.63	-0.01	11	19393	卖盘
09:52:33	17.64	--	11	19404	卖盘
09:52:27	17.64	--	6	10584	卖盘
09:52:18	17.64	--	4	7056	卖盘
09:52:06	17.64	0.01	1	1764	卖盘
09:51:54	17.63	-0.01	24	42312	卖盘
09:51:48	17.64	--	44	77616	卖盘
09:51:36	17.64	-0.01	117	206388	卖盘
09:51:24	17.65	-0.01	33	58244	卖盘
09:51:06	17.66	-0.01	0	883	卖盘
09:51:03	17.67	0.01	6	10602	买盘
09:50:54	17.66	--	19	34437	卖盘
09:50:45	17.66	--	4	7064	卖盘
09:50:39	17.66	--	3	5298	卖盘
09:50:36	17.66	--	38	67108	卖盘
09:50:33	17.66	-0.01	7	12362	卖盘
09:50:12	17.67	-0.02	14	25621	卖盘
09:50:03	17.69	0.01	20	35380	买盘
09:49:57	17.68	0.01	6	10608	买盘
09:49:51	17.67	--	20	35340	卖盘
09:49:42	17.67	--	1	2650	卖盘
09:49:36	17.67	0.01	10	17670	买盘
09:49:30	17.66	-0.01	30	52980	卖盘
09:49:18	17.67	--	21	37107	卖盘
09:48:57	17.67	--	20	35340	卖盘
09:48:51	17.67	0.02	171	302157	买盘
09:48:48	17.65	--	1	1764	卖盘
09:48:36	17.65	--	100	176500	卖盘
09:48:12	17.65	--	10	17650	卖盘
09:48:06	17.65	--	16	28239	买盘
09:48:00	17.65	--	4	7059	买盘
09:47:57	17.65	-0.02	23	40595	卖盘
09:47:48	17.67	0.03	20	35340	买盘
09:47:42	17.64	-0.01	16	28224	卖盘
09:47:33	17.65	--	2	3529	卖盘
09:47:30	17.65	0.01	3	5295	买盘
09:47:12	17.64	-0.01	10	17640	卖盘
09:47:03	17.65	--	45	79425	卖盘
09:46:45	17.65	-0.02	4	7059	卖盘
09:46:42	17.67	--	13	22971	卖盘
09:46:39	17.67	--	4	7068	卖盘
09:46:36	17.67	--	5	8835	卖盘
09:46:30	17.67	-0.01	30	53010	卖盘
09:46:27	17.68	--	60	106080	买盘
09:46:15	17.68	-0.01	23	40664	卖盘
09:46:03	17.69	--	10	17690	买盘
09:46:00	17.69	-0.01	4	7076	卖盘
09:45:51	17.7	--	8	14160	买盘
09:45:42	17.7	-0.02	88	155760	卖盘
09:45:33	17.72	--	11	19492	买盘
09:45:27	17.72	-0.01	20	35440	卖盘
09:45:24	17.73	--	1	1773	买盘
09:45:21	17.73	--	2	3546	买盘
09:45:18	17.73	--	4	7092	买盘
09:45:12	17.73	-0.02	30	53190	卖盘
09:44:51	17.75	0.01	1	1775	买盘
09:44:30	17.74	--	5	8870	卖盘
09:44:24	17.74	0.01	3	5321	买盘
09:44:21	17.73	--	4	7092	卖盘
09:44:15	17.73	--	6	10638	卖盘
09:44:03	17.73	-0.01	38	67374	卖盘
09:43:57	17.74	--	8	14191	买盘
09:43:48	17.74	--	10	17740	卖盘
09:43:42	17.74	--	10	17740	卖盘
09:43:21	17.74	--	8	14191	卖盘
09:43:18	17.74	--	11	19514	买盘
09:43:12	17.74	--	3	5321	买盘
09:43:09	17.74	--	46	81604	卖盘
09:42:54	17.74	--	13	23061	卖盘
09:42:27	17.74	0.01	5	8870	买盘
09:42:18	17.73	-0.01	16	28368	卖盘
09:42:15	17.74	-0.01	5	8870	中性盘
09:41:54	17.75	-0.03	23	40825	中性盘
09:41:51	17.78	0.03	51	90678	买盘
09:41:45	17.75	-0.01	6	10650	卖盘
09:41:42	17.76	-0.02	3	5328	卖盘
09:41:30	17.78	0.02	23	40894	买盘
09:41:18	17.76	--	69	122544	卖盘
09:41:15	17.76	-0.02	50	88800	卖盘
09:41:12	17.78	--	16	28448	卖盘
09:41:09	17.78	-0.01	30	53340	卖盘
09:40:57	17.79	--	9	16011	买盘
09:40:39	17.79	--	20	35580	卖盘
09:40:36	17.79	--	8	14232	买盘
09:40:33	17.79	--	2	3558	卖盘
09:40:24	17.79	0.01	1	1779	买盘
09:40:15	17.78	--	10	17780	卖盘
09:39:54	17.78	0.01	25	44450	中性盘
09:39:45	17.77	-0.01	11	19547	卖盘
09:39:36	17.78	--	3	5334	买盘
09:39:33	17.78	--	5	8890	买盘
09:39:27	17.78	0.02	10	17780	买盘
09:39:24	17.76	-0.02	3	5328	卖盘
09:39:12	17.78	-0.07	17	30226	卖盘
09:39:06	17.85	--	1	1785	买盘
09:38:48	17.85	-0.03	1	1785	中性盘
09:38:39	17.88	0.03	25	44700	买盘
09:38:30	17.85	0.05	25	44625	买盘
09:38:27	17.8	--	5	8900	买盘
09:38:03	17.8	0.04	16	28480	买盘
09:37:54	17.76	0.01	5	8880	买盘
09:37:51	17.75	--	3	5325	卖盘
09:37:39	17.75	--	7	13312	买盘
09:37:36	17.75	--	11	19525	买盘
09:37:24	17.75	--	12	21300	买盘
09:37:15	17.75	--	5	8875	买盘
09:37:06	17.75	0.01	11	19525	买盘
09:37:03	17.74	-0.01	4	7095	卖盘
09:37:00	17.75	0.01	34	60350	买盘
09:36:51	17.74	-0.01	5	8870	卖盘
09:36:48	17.75	--	19	33725	买盘
09:36:36	17.75	0.01	23	40825	买盘
09:36:24	17.74	--	23	40802	买盘
09:36:15	17.74	0.01	3	5321	买盘
09:36:00	17.73	--	1	1773	卖盘
09:35:57	17.73	--	6	10638	卖盘
09:35:54	17.73	-0.02	11	19503	卖盘
09:35:51	17.75	0.01	41	72775	买盘
09:35:42	17.74	0.01	1	1773	中性盘
09:35:33	17.73	-0.02	15	26595	卖盘
09:35:30	17.75	0.02	15	26625	买盘
09:35:24	17.73	-0.02	2	3546	卖盘
09:35:21	17.75	0.01	31	55025	买盘
09:35:18	17.74	0.01	44	78056	买盘
09:35:12	17.73	-0.01	1	1773	卖盘
09:35:09	17.74	--	19	33706	买盘
09:35:00	17.74	--	19	33706	买盘
09:34:48	17.74	--	14	24835	买盘
09:34:39	17.74	--	10	17740	买盘
09:34:33	17.74	--	67	118857	卖盘
09:34:18	17.74	--	15	26609	买盘
09:34:15	17.74	0.01	4	7095	买盘
09:34:12	17.73	--	2	3546	卖盘
09:34:03	17.73	-0.01	3	5319	卖盘
09:33:57	17.74	0.01	11	19514	买盘
09:33:48	17.73	--	5	8865	卖盘
09:33:45	17.73	--	6	10638	买盘
09:33:42	17.73	--	44	78012	买盘
09:33:39	17.73	-0.01	5	8865	中性盘
09:33:36	17.74	-0.01	17	30157	中性盘
09:33:21	17.75	0.02	430	763250	买盘
09:33:18	17.73	-0.01	6	11471	卖盘
09:33:12	17.74	--	16	28383	买盘
09:33:06	17.74	0.04	4	7095	买盘
09:33:03	17.7	--	9	16868	买盘
09:33:00	17.7	-0.04	33	59932	卖盘
09:32:57	17.74	0.01	46	81604	买盘
09:32:54	17.73	-0.01	16	28368	中性盘
09:32:48	17.74	--	16	28383	买盘
09:32:36	17.74	--	3	5321	买盘
09:32:30	17.74	--	21	37254	买盘
09:32:18	17.74	--	11	19514	卖盘
09:32:12	17.74	-0.01	10	17740	卖盘
09:32:09	17.75	0.01	60	106500	买盘
09:32:00	17.74	0.04	4	7095	买盘
09:31:54	17.7	--	1	1770	卖盘
09:31:36	17.7	--	4	7080	卖盘
09:31:18	17.7	--	10	17700	卖盘
09:31:09	17.7	-0.05	14	25027	卖盘
09:30:51	17.75	--	1	2715	卖盘
09:30:48	17.75	--	27	47925	卖盘
09:30:42	17.75	--	1	1775	卖盘
09:30:39	17.75	0.07	27	48759	卖盘
09:30:09	17.68	--	20	35360	卖盘
09:30:06	17.68	--	21	37128	卖盘
09:30:03	17.68	0.05	12	21216	买盘
09:25:03	17.63	17.63	8	14104	买盘
