成交时间	成交价	价格变动	成交量(手)	成交额(元)	性质
15:00:03	53.0	0.15	110	583000	买盘
14:57:03	52.85	--	0	0	卖盘
14:56:54	52.85	--	6	31710	卖盘
14:56:51	52.85	-0.01	20	105700	卖盘
14:56:45	52.86	--	6	31716	买盘
14:56:42	52.86	0.01	1	5286	买盘
14:56:39	52.85	--	4	21140	卖盘
14:56:27	52.85	-0.01	7	36995	卖盘
14:56:21	52.86	--	2	10572	卖盘
14:56:18	52.86	--	3	15858	卖盘
14:56:12	52.86	--	6	31716	卖盘
14:56:06	52.86	0.01	1	5286	中性盘
14:56:00	52.85	--	2	10570	卖盘
14:55:51	52.85	-0.03	30	158550	卖盘
14:55:24	52.88	--	1	5288	买盘
14:55:21	52.88	0.03	7	37016	买盘
14:55:12	52.85	-0.03	8	42280	卖盘
14:55:09	52.88	-0.01	1	5288	卖盘
14:55:00	52.89	--	3	15867	买盘
14:54:54	52.89	0.01	2	10578	买盘
14:54:51	52.88	-0.01	4	21152	卖盘
14:54:45	52.89	--	9	47601	买盘
14:54:42	52.89	0.01	2	10578	买盘
14:54:39	52.88	-0.01	15	79320	卖盘
14:54:27	52.89	0.01	8	42312	买盘
14:54:21	52.88	0.02	6	31728	买盘
14:54:06	52.86	-0.02	1	5286	中性盘
14:53:54	52.88	0.03	3	15864	中性盘
14:53:27	52.85	0.04	23	121555	买盘
14:53:21	52.81	-0.04	1	5281	卖盘
14:53:12	52.85	--	3	15855	买盘
14:52:57	52.85	--	3	15855	买盘
14:52:30	52.85	0.06	28	147980	买盘
14:52:15	52.79	-0.01	1	5279	中性盘
14:51:57	52.8	--	3	15840	买盘
14:51:54	52.8	--	51	269280	卖盘
14:51:48	52.8	0.02	12	63360	中性盘
14:51:24	52.78	-0.06	10	52780	卖盘
14:51:21	52.84	0.04	4	21136	买盘
14:51:18	52.8	--	2	10560	买盘
14:51:03	52.8	0.02	2	10560	买盘
14:50:54	52.78	-0.02	4	21112	买盘
14:50:39	52.8	--	2	10560	买盘
14:50:30	52.8	0.02	12	63360	买盘
14:50:27	52.78	-0.02	2	10556	卖盘
14:50:24	52.8	--	10	52800	买盘
14:50:18	52.8	-0.05	7	36960	卖盘
14:50:12	52.85	0.01	18	95130	买盘
14:50:00	52.84	0.04	1	5284	中性盘
14:49:57	52.8	-0.04	1	5280	卖盘
14:49:48	52.84	-0.01	1	5284	买盘
14:49:45	52.85	0.1	10	52850	买盘
14:49:36	52.75	-0.14	7	36925	卖盘
14:49:15	52.89	0.19	8	42312	中性盘
14:48:57	52.7	-0.11	32	168640	卖盘
14:48:45	52.81	0.06	2	10562	中性盘
14:48:39	52.75	-0.05	50	263750	卖盘
14:48:18	52.8	-0.15	22	116160	卖盘
14:48:15	52.95	--	8	42360	买盘
14:48:12	52.95	0.15	2	10590	买盘
14:48:09	52.8	-0.16	109	575520	卖盘
14:47:51	52.96	--	5	26480	买盘
14:47:36	52.96	--	24	127104	买盘
14:47:33	52.96	--	1	5296	买盘
14:47:30	52.96	-0.01	20	105920	卖盘
14:47:21	52.97	--	9	47673	卖盘
14:46:57	52.97	-0.02	20	105940	卖盘
14:46:48	52.99	-0.01	2	10598	中性盘
14:46:27	53.0	0.04	21	111300	中性盘
14:46:09	52.96	-0.06	2	10592	卖盘
14:45:57	53.02	0.03	84	445368	买盘
14:45:36	52.99	-0.01	10	52990	中性盘
14:45:33	53.0	0.01	14	74200	买盘
14:45:30	52.99	-0.01	14	74186	卖盘
14:44:51	53.0	--	2	10600	买盘
14:44:48	53.0	-0.02	12	63600	卖盘
14:44:36	53.02	--	2	10604	中性盘
14:43:54	53.02	0.02	2	10604	买盘
14:43:15	53.0	0.01	6	31800	买盘
14:43:00	52.99	-0.01	2	10598	卖盘
14:42:18	53.0	0.01	10	53000	买盘
14:41:54	52.99	--	2	10598	买盘
14:41:36	52.99	0.04	2	10598	买盘
14:40:51	52.95	--	6	31770	卖盘
14:40:27	52.95	-0.06	4	21180	卖盘
14:39:30	53.01	0.01	10	53010	买盘
14:39:27	53.0	-0.01	38	201400	卖盘
14:39:24	53.01	-0.01	15	79515	卖盘
14:39:12	53.02	--	1	5302	卖盘
14:39:00	53.02	-0.01	4	21208	卖盘
14:38:48	53.03	0.01	3	15909	买盘
14:38:45	53.02	--	5	26510	卖盘
14:38:36	53.02	--	2	10604	卖盘
14:38:33	53.02	-0.01	5	26510	卖盘
14:38:27	53.03	0.01	1	5303	买盘
14:38:03	53.02	--	13	68926	买盘
14:38:00	53.02	0.01	1	5302	买盘
14:37:15	53.01	-0.01	2	10602	卖盘
14:36:57	53.02	--	30	159060	中性盘
14:36:42	53.02	0.01	2	10604	买盘
14:36:18	53.01	0.01	1	5301	买盘
14:36:15	53.0	--	7	37100	卖盘
14:35:42	53.0	--	1	5300	卖盘
14:35:39	53.0	0.05	37	196100	买盘
14:35:18	52.95	--	3	15885	卖盘
14:35:03	52.95	--	10	52950	卖盘
14:34:51	52.95	--	15	79425	卖盘
14:34:09	52.95	-0.05	2	10590	卖盘
14:33:42	53.0	--	30	159000	卖盘
14:33:09	53.0	--	2	10600	买盘
14:33:06	53.0	0.02	6	31800	买盘
14:32:57	52.98	0.03	1	5298	中性盘
14:32:12	52.95	--	10	52950	卖盘
14:32:09	52.95	--	10	52950	卖盘
14:31:54	52.95	-0.01	68	360060	卖盘
14:31:00	52.96	--	1	5296	买盘
14:30:54	52.96	--	3	15888	卖盘
14:30:45	52.96	-0.09	2	10592	卖盘
14:30:39	53.05	0.1	2	10610	买盘
14:30:27	52.95	-0.01	8	42360	卖盘
14:30:03	52.96	--	4	21184	卖盘
14:29:51	52.96	-0.1	27	142992	卖盘
14:29:42	53.06	0.01	4	21224	买盘
14:29:24	53.05	-0.01	1	5305	卖盘
14:29:18	53.06	--	7	39211	卖盘
14:28:51	53.06	--	12	63672	卖盘
14:28:39	53.06	--	5	26530	卖盘
14:28:15	53.06	-0.01	1	5306	卖盘
14:28:03	53.07	--	1	5307	卖盘
14:27:42	53.07	--	10	53070	卖盘
14:27:36	53.07	--	5	26535	卖盘
14:26:54	53.07	--	13	68991	买盘
14:26:42	53.07	-0.03	4	21228	卖盘
14:26:39	53.1	0.03	1	5310	买盘
14:26:33	53.07	-0.03	2	10614	卖盘
14:26:15	53.1	-0.01	3	15930	卖盘
14:26:09	53.11	0.01	4	21244	买盘
14:26:03	53.1	--	9	47790	卖盘
14:25:48	53.1	--	1	5310	卖盘
14:25:45	53.1	--	2	10620	卖盘
14:25:36	53.1	--	6	31860	卖盘
14:25:15	53.1	-0.01	1	5310	卖盘
14:25:12	53.11	--	2	10622	买盘
14:25:03	53.11	--	33	175263	卖盘
14:24:48	53.11	-0.02	8	42488	卖盘
14:24:33	53.13	--	3	15939	卖盘
14:24:03	53.13	--	4	21252	中性盘
14:23:57	53.13	0.02	2	10626	买盘
14:23:42	53.11	--	4	21244	卖盘
14:23:36	53.11	--	1	5311	卖盘
14:23:06	53.11	--	4	21244	卖盘
14:22:57	53.11	--	8	42488	卖盘
14:22:24	53.11	--	5	26555	卖盘
14:22:18	53.11	-0.03	2	10622	卖盘
14:22:00	53.14	-0.01	2	12753	卖盘
14:21:39	53.15	-0.02	22	116930	卖盘
14:21:21	53.17	--	3	15951	卖盘
14:21:15	53.17	--	6	31902	卖盘
14:21:06	53.17	-0.01	8	42536	中性盘
14:20:45	53.18	0.01	28	148904	买盘
14:20:42	53.17	--	2	10634	卖盘
14:20:39	53.17	--	1	5317	卖盘
14:20:36	53.17	--	10	53170	卖盘
14:20:33	53.17	--	1	5317	卖盘
14:20:18	53.17	--	7	37219	卖盘
14:20:15	53.17	--	11	58487	买盘
14:20:03	53.17	0.02	5	26585	买盘
14:19:45	53.15	-0.02	5	26575	卖盘
14:19:42	53.17	0.03	22	116974	买盘
14:19:33	53.14	--	0	3188	卖盘
14:19:30	53.14	-0.02	1	5314	卖盘
14:19:27	53.16	0.02	10	53160	买盘
14:19:18	53.14	--	7	37198	卖盘
14:19:12	53.14	--	6	31884	卖盘
14:18:57	53.14	--	2	10628	卖盘
14:18:54	53.14	0.03	8	42512	买盘
14:18:42	53.11	-0.02	20	106220	卖盘
14:18:36	53.13	--	1	5313	买盘
14:18:24	53.13	--	5	26565	买盘
14:18:21	53.13	--	20	106260	买盘
14:18:15	53.13	--	1	5313	买盘
14:18:00	53.13	-0.01	6	31878	卖盘
14:17:15	53.14	--	1	5314	买盘
14:17:06	53.14	0.04	5	26570	买盘
14:16:57	53.1	-0.03	2	10620	卖盘
14:16:48	53.13	0.03	1	5313	买盘
14:16:39	53.1	0.01	6	31860	买盘
14:16:33	53.09	0.02	3	15927	中性盘
14:16:21	53.07	0.01	8	42456	买盘
14:16:15	53.06	--	4	21224	卖盘
14:16:00	53.06	--	10	56296	买盘
14:15:51	53.06	0.04	42	222852	买盘
14:15:36	53.02	0.02	3	15906	买盘
14:15:15	53.0	--	15	79500	卖盘
14:14:36	53.0	0.05	3	15900	中性盘
14:13:18	52.95	--	1	5295	卖盘
14:13:15	52.95	--	1	5295	卖盘
14:12:57	52.95	--	0	4712	卖盘
14:12:33	52.95	-0.08	8	42942	卖盘
14:12:30	53.03	0.03	20	106060	买盘
14:12:03	53.0	0.05	1	5300	中性盘
14:11:45	52.95	-0.08	10	52950	卖盘
14:11:24	53.03	-0.01	3	15909	卖盘
14:11:09	53.04	0.01	4	21216	买盘
14:11:06	53.03	--	1	5303	卖盘
14:10:54	53.03	-0.01	1	5303	中性盘
14:10:06	53.04	-0.01	5	26520	中性盘
14:08:54	53.05	--	7	37135	买盘
14:07:51	53.05	--	1	5305	买盘
14:07:42	53.05	-0.01	2	10610	买盘
14:07:36	53.06	--	10	53060	买盘
14:07:18	53.06	0.01	10	53060	买盘
14:07:15	53.05	--	5	26525	卖盘
14:07:00	53.05	--	3	15915	买盘
14:06:48	53.05	-0.01	2	10610	中性盘
14:06:24	53.06	0.03	7	37142	买盘
14:06:09	53.03	0.06	7	37121	买盘
14:06:00	52.97	--	2	10594	买盘
14:05:48	52.97	0.05	26	137722	买盘
14:05:42	52.92	-0.01	10	52920	卖盘
14:05:33	52.93	--	1	5293	买盘
14:05:30	52.93	--	2	10586	卖盘
14:05:15	52.93	--	19	100567	卖盘
14:04:15	52.93	0.01	2	10586	中性盘
14:03:57	52.92	--	11	58212	卖盘
14:03:27	52.92	-0.05	1	5292	卖盘
14:03:06	52.97	0.02	24	127128	买盘
14:02:54	52.95	-0.02	2	10590	卖盘
14:02:39	52.97	--	7	37079	卖盘
14:02:36	52.97	--	3	15891	卖盘
14:02:30	52.97	--	5	26485	卖盘
14:02:00	52.97	-0.01	2	10594	卖盘
14:01:42	52.98	--	3	15893	卖盘
14:00:51	52.98	-0.03	1	5298	卖盘
14:00:30	53.01	--	5	26505	卖盘
14:00:27	53.01	--	5	26505	卖盘
14:00:21	53.01	--	1	5301	卖盘
14:00:09	53.01	-0.02	33	174933	卖盘
14:00:00	53.03	--	2	10606	买盘
13:59:15	53.03	--	1	5303	买盘
13:59:12	53.03	--	0	2068	卖盘
13:58:42	53.03	-0.04	20	106060	卖盘
13:56:27	53.07	0.04	1	5307	买盘
13:56:03	53.03	-0.07	7	37121	卖盘
13:55:30	53.1	--	2	10620	买盘
13:55:24	53.1	--	3	15930	买盘
13:55:21	53.1	-0.04	10	53100	卖盘
13:55:18	53.14	--	9	47826	买盘
13:55:09	53.14	-0.04	20	106280	买盘
13:54:48	53.18	0.03	19	101042	买盘
13:54:09	53.15	0.08	37	196655	买盘
13:54:03	53.07	-0.03	30	159210	卖盘
13:54:00	53.1	0.03	3	15930	买盘
13:53:57	53.07	--	1	5307	卖盘
13:53:51	53.07	0.02	1	5307	买盘
13:53:24	53.05	-0.01	9	47745	卖盘
13:53:21	53.06	-0.01	3	15918	卖盘
13:53:12	53.07	0.01	5	26535	买盘
13:53:06	53.06	-0.01	1	5306	卖盘
13:53:03	53.07	--	1	5307	买盘
13:52:48	53.07	-0.03	4	21228	卖盘
13:52:45	53.1	--	15	79650	买盘
13:52:24	53.1	0.03	17	90270	买盘
13:52:21	53.07	-0.08	1	5307	卖盘
13:51:24	53.15	--	5	26575	买盘
13:51:00	53.15	--	2	10630	中性盘
13:50:48	53.15	-0.01	6	31890	卖盘
13:50:42	53.16	0.01	2	10632	买盘
13:50:39	53.15	--	3	15945	卖盘
13:50:30	53.15	--	5	26575	卖盘
13:50:18	53.15	--	5	26575	中性盘
13:50:15	53.15	--	3	15945	买盘
13:50:12	53.15	0.02	10	53150	买盘
13:50:03	53.13	0.03	4	21252	买盘
13:49:48	53.1	0.05	45	238950	买盘
13:49:42	53.05	--	0	3236	买盘
13:49:39	53.05	--	3	15915	买盘
13:49:30	53.05	--	4	21220	买盘
13:49:27	53.05	--	1	5305	买盘
13:49:03	53.05	0.02	3	15915	买盘
13:48:42	53.03	--	2	10606	买盘
13:48:03	53.03	0.03	1	5303	买盘
13:48:00	53.0	--	1	5300	中性盘
13:47:42	53.0	--	31	164300	买盘
13:47:30	53.0	--	1	5300	买盘
13:47:18	53.0	--	8	42400	买盘
13:47:12	53.0	--	1	5300	中性盘
13:46:18	53.0	0.03	37	196100	买盘
13:46:15	52.97	-0.02	5	26485	卖盘
13:45:54	52.99	0.02	9	47691	买盘
13:45:18	52.97	0.04	3	15891	买盘
13:44:30	52.93	--	24	131795	买盘
13:44:21	52.93	--	8	42344	买盘
13:44:09	52.93	-0.02	6	32287	卖盘
13:43:12	52.95	0.02	2	10590	买盘
13:42:51	52.93	-0.01	4	25935	买盘
13:42:21	52.94	--	10	52940	卖盘
13:42:15	52.94	0.03	3	15882	买盘
13:42:06	52.91	-0.02	1	5291	卖盘
13:41:09	52.93	-0.01	1	5293	卖盘
13:40:42	52.94	0.03	5	26470	买盘
13:40:21	52.91	--	1	5291	卖盘
13:40:06	52.91	-0.03	1	5291	卖盘
13:40:00	52.94	0.05	2	10588	买盘
13:39:21	52.89	--	2	10578	买盘
13:39:12	52.89	--	8	42312	卖盘
13:39:03	52.89	-0.01	1	5289	卖盘
13:38:57	52.9	--	1	5290	买盘
13:38:54	52.9	--	2	10580	买盘
13:38:45	52.9	--	5	26450	买盘
13:38:42	52.9	--	3	15870	买盘
13:38:24	52.9	--	2	10580	买盘
13:38:09	52.9	0.01	4	21160	买盘
13:37:57	52.89	-0.01	6	31734	卖盘
13:37:48	52.9	0.01	2	10580	买盘
13:37:45	52.89	--	1	5289	卖盘
13:37:39	52.89	--	4	25069	卖盘
13:37:33	52.89	--	6	33109	卖盘
13:37:18	52.89	--	1	5289	卖盘
13:37:15	52.89	-0.01	1	5289	卖盘
13:37:09	52.9	-0.02	20	105800	卖盘
13:37:03	52.92	--	3	19792	卖盘
13:36:57	52.92	--	1	6667	卖盘
13:36:54	52.92	0.01	1	5292	中性盘
13:36:42	52.91	-0.04	9	47619	卖盘
13:36:09	52.95	0.03	1	5295	买盘
13:35:54	52.92	-0.02	20	105840	卖盘
13:35:51	52.94	-0.01	1	5294	卖盘
13:35:42	52.95	0.01	4	21180	买盘
13:35:39	52.94	--	1	5294	卖盘
13:35:36	52.94	-0.01	4	21176	卖盘
13:35:33	52.95	0.01	2	10590	买盘
13:35:15	52.94	--	1	5294	卖盘
13:35:06	52.94	--	1	5294	卖盘
13:34:48	52.94	-0.02	1	5294	卖盘
13:34:42	52.96	--	7	37072	卖盘
13:34:33	52.96	-0.01	1	5296	卖盘
13:34:30	52.97	-0.01	1	5297	卖盘
13:34:24	52.98	0.02	6	31787	买盘
13:34:15	52.96	-0.02	3	15888	卖盘
13:34:09	52.98	-0.01	10	52980	卖盘
13:34:00	52.99	--	5	26495	买盘
13:33:48	52.99	0.03	1	5299	买盘
13:33:45	52.96	-0.02	1	5296	卖盘
13:33:30	52.98	-0.01	2	10596	卖盘
13:33:18	52.99	--	1	5299	买盘
13:33:00	52.99	0.01	1	5299	买盘
13:32:42	52.98	--	1	5298	卖盘
13:32:33	52.98	--	9	47682	卖盘
13:32:30	52.98	0.02	5	26490	买盘
13:32:21	52.96	-0.02	1	5296	卖盘
13:32:15	52.98	0.02	17	90066	买盘
13:31:54	52.96	0.01	15	79440	买盘
13:31:45	52.95	--	1	5295	卖盘
13:31:36	52.95	--	1	5295	卖盘
13:31:33	52.95	-0.01	1	5295	中性盘
13:31:27	52.96	--	6	31776	买盘
13:31:12	52.96	0.02	50	264800	买盘
13:31:03	52.94	0.02	10	52940	中性盘
13:29:51	52.92	0.01	5	26460	买盘
13:29:30	52.91	-0.01	10	52910	卖盘
13:29:15	52.92	--	4	21168	买盘
13:29:09	52.92	0.01	21	111132	中性盘
13:28:30	52.91	--	1	5291	卖盘
13:28:12	52.91	--	1	5291	卖盘
13:27:45	52.91	--	4	21164	卖盘
13:27:24	52.91	-0.05	5	26455	卖盘
13:27:15	52.96	0.05	5	26480	买盘
13:27:06	52.91	-0.05	2	10582	卖盘
13:26:45	52.96	--	1	5296	买盘
13:26:39	52.96	0.01	7	37072	买盘
13:26:33	52.95	-0.02	42	222390	卖盘
13:26:21	52.97	--	1	5297	中性盘
13:26:06	52.97	--	3	15891	买盘
13:25:48	52.97	--	1	5297	买盘
13:25:27	52.97	0.01	1	5297	买盘
13:24:57	52.96	0.01	6	31776	买盘
13:24:30	52.95	0.01	18	95310	买盘
13:24:12	52.94	-0.01	5	26470	卖盘
13:23:54	52.95	--	5	26475	买盘
13:22:51	52.95	0.04	1	5295	买盘
13:22:21	52.91	-0.02	7	37037	卖盘
13:22:18	52.93	-0.01	5	26465	卖盘
13:22:15	52.94	--	1	5294	卖盘
13:22:12	52.94	--	2	10588	买盘
13:22:03	52.94	0.01	1	5294	中性盘
13:21:45	52.93	--	1	5293	卖盘
13:21:42	52.93	-0.02	1	5293	卖盘
13:21:39	52.95	0.02	1	5295	买盘
13:21:15	52.93	--	3	15879	卖盘
13:21:12	52.93	--	1	5293	卖盘
13:20:48	52.93	-0.02	1	5293	卖盘
13:20:45	52.95	0.02	20	105900	买盘
13:20:42	52.93	--	1	5293	卖盘
13:20:24	52.93	0.03	4	21172	买盘
13:20:00	52.9	-0.03	1	5290	卖盘
13:19:48	52.93	0.03	12	63516	买盘
13:19:45	52.9	-0.04	7	37030	卖盘
13:19:15	52.94	--	1	5294	买盘
13:19:12	52.94	--	1	5294	买盘
13:18:54	52.94	0.02	1	5294	买盘
13:18:27	52.92	--	1	5292	买盘
13:18:18	52.92	--	10	52920	买盘
13:18:03	52.92	0.02	1	5292	中性盘
13:16:54	52.9	-0.05	7	37030	卖盘
13:16:45	52.95	--	4	21180	买盘
13:16:42	52.95	--	3	15885	买盘
13:16:30	52.95	--	4	21180	买盘
13:16:18	52.95	--	5	26475	买盘
13:15:48	52.95	--	1	5295	买盘
13:15:33	52.95	0.05	10	52950	买盘
13:15:21	52.9	--	1	5290	卖盘
13:15:06	52.9	--	2	10580	买盘
13:15:03	52.9	--	2	10580	买盘
13:14:51	52.9	0.01	2	10580	买盘
13:14:45	52.89	--	13	68757	买盘
13:14:33	52.89	0.01	3	15867	买盘
13:14:27	52.88	-0.01	1	5288	卖盘
13:14:12	52.89	--	1	5289	买盘
13:13:51	52.89	--	2	10578	买盘
13:13:48	52.89	--	4	21156	买盘
13:13:21	52.89	0.05	6	31734	买盘
13:12:48	52.84	-0.05	5	26420	卖盘
13:12:00	52.89	0.05	2	10578	买盘
13:11:48	52.84	--	10	52840	卖盘
13:11:45	52.84	--	1	5284	卖盘
13:11:30	52.84	--	12	63408	卖盘
13:11:15	52.84	-0.06	1	5284	中性盘
13:10:51	52.9	0.07	2	10580	中性盘
13:10:45	52.83	0.01	1	5283	中性盘
13:09:51	52.82	--	1	5282	卖盘
13:08:57	52.82	--	2	10564	卖盘
13:08:54	52.82	--	1	5282	卖盘
13:07:45	52.82	--	3	15846	卖盘
13:07:33	52.82	0.01	2	10564	中性盘
13:06:06	52.81	--	1	5281	卖盘
13:05:57	52.81	--	2	10562	买盘
13:05:45	52.81	--	6	31686	卖盘
13:05:42	52.81	0.01	2	10562	中性盘
13:04:54	52.8	-0.11	60	316800	卖盘
13:04:42	52.91	--	1	5291	卖盘
13:04:36	52.91	--	1	5291	卖盘
13:03:54	52.91	--	10	52910	卖盘
13:03:42	52.91	--	1	5291	卖盘
13:03:09	52.91	0.01	24	126983	买盘
13:02:27	52.9	--	1	5290	卖盘
13:02:15	52.9	--	1	5290	卖盘
13:02:06	52.9	--	5	26450	买盘
13:01:51	52.9	--	3	15870	买盘
13:01:21	52.9	0.04	3	15870	买盘
13:01:06	52.86	--	1	5286	卖盘
13:00:12	52.86	--	2	10572	卖盘
13:00:09	52.86	0.03	1	5286	中性盘
13:00:06	52.83	--	87	459621	卖盘
13:00:03	52.83	--	0	0	卖盘
11:30:03	52.83	--	0	0	卖盘
11:29:21	52.83	--	1	5283	买盘
11:29:18	52.83	--	2	10566	买盘
11:29:06	52.83	-0.02	25	132075	卖盘
11:28:42	52.85	--	1	5285	买盘
11:28:09	52.85	-0.04	1	5285	卖盘
11:26:45	52.89	--	1	5289	卖盘
11:26:33	52.89	-0.02	1	5289	中性盘
11:25:00	52.91	0.01	2	10582	买盘
11:24:45	52.9	-0.01	1	5290	卖盘
11:24:00	52.91	0.01	8	42328	买盘
11:23:57	52.9	--	2	10580	中性盘
11:23:18	52.9	0.08	2	10580	买盘
11:22:54	52.82	--	2	10564	买盘
11:22:42	52.82	-0.02	3	15846	卖盘
11:22:09	52.84	0.03	1	5284	中性盘
11:21:51	52.81	--	8	42248	卖盘
11:21:30	52.81	-0.15	3	15843	卖盘
11:20:27	52.96	0.15	7	37072	买盘
11:20:18	52.81	--	3	16687	卖盘
11:20:15	52.81	-0.02	2	10562	卖盘
11:19:51	52.83	-0.01	2	10671	卖盘
11:19:24	52.84	-0.01	1	9616	卖盘
11:19:18	52.85	--	6	31710	卖盘
11:18:57	52.85	-0.01	7	36995	卖盘
11:18:51	52.86	-0.02	1	5286	卖盘
11:18:42	52.88	0.02	10	52880	买盘
11:18:33	52.86	-0.02	1	5286	卖盘
11:18:12	52.88	-0.1	2	10576	卖盘
11:18:00	52.98	--	1	5298	买盘
11:17:42	52.98	-0.01	1	5298	卖盘
11:17:27	52.99	0.01	1	5299	买盘
11:17:15	52.98	--	1	5298	卖盘
11:17:03	52.98	--	1	5298	卖盘
11:16:33	52.98	--	2	10596	卖盘
11:16:30	52.98	0.12	7	37086	买盘
11:16:06	52.86	-0.12	6	31716	卖盘
11:16:00	52.98	0.01	2	10596	中性盘
11:15:30	52.97	-0.01	10	52970	卖盘
11:15:09	52.98	0.01	5	26490	买盘
11:14:51	52.97	-0.01	1	5297	中性盘
11:14:24	52.98	0.12	3	15893	买盘
11:14:15	52.86	0.01	1	5286	卖盘
11:13:48	52.85	0.01	1	5285	中性盘
11:12:30	52.84	-0.14	1	5284	卖盘
11:12:24	52.98	-0.01	1	5298	中性盘
11:12:00	52.99	0.15	29	153671	买盘
11:11:51	52.84	--	1	5284	买盘
11:11:36	52.84	0.03	1	5284	买盘
11:11:03	52.81	--	9	47529	买盘
11:10:57	52.81	--	5	26405	买盘
11:10:54	52.81	--	1	5281	买盘
11:10:51	52.81	--	4	21124	买盘
11:10:45	52.81	--	1	5281	买盘
11:10:42	52.81	--	9	47529	买盘
11:10:33	52.81	0.01	4	21124	买盘
11:10:30	52.8	-0.01	12	63360	卖盘
11:10:18	52.81	0.01	5	26405	买盘
11:10:15	52.8	-0.01	1	5280	卖盘
11:10:06	52.81	--	4	21124	中性盘
11:09:45	52.81	--	7	36967	买盘
11:09:27	52.81	-0.04	15	79215	卖盘
11:09:24	52.85	--	3	15855	卖盘
11:09:09	52.85	0.04	2	10570	买盘
11:08:42	52.81	-0.04	26	137306	卖盘
11:08:39	52.85	-0.01	1	5285	中性盘
11:08:09	52.86	0.02	2	10572	买盘
11:07:15	52.84	0.01	1	5284	中性盘
11:07:09	52.83	-0.01	5	26415	卖盘
11:07:06	52.84	--	1	5284	卖盘
11:06:57	52.84	-0.02	1	5284	卖盘
11:06:39	52.86	-0.02	1	5286	卖盘
11:06:36	52.88	0.01	2	10576	买盘
11:06:27	52.87	-0.01	1	5287	卖盘
11:06:06	52.88	-0.03	17	89896	卖盘
11:06:00	52.91	--	1	5291	买盘
11:05:33	52.91	--	2	10582	买盘
11:05:27	52.91	-0.08	1	5291	卖盘
11:05:21	52.99	--	5	26495	买盘
11:05:06	52.99	0.07	24	127176	买盘
11:05:00	52.92	0.02	10	52920	买盘
11:04:54	52.9	-0.02	10	52900	卖盘
11:04:42	52.92	-0.02	1	5292	卖盘
11:04:09	52.94	--	4	21176	卖盘
11:03:45	52.94	0.01	1	5294	卖盘
11:03:27	52.93	--	2	10586	卖盘
11:03:15	52.93	0.01	1	5293	中性盘
11:01:57	52.92	-0.02	56	296352	卖盘
11:01:51	52.94	--	7	37058	卖盘
11:01:12	52.94	--	2	10588	卖盘
11:01:09	52.94	0.02	7	37058	中性盘
10:58:51	52.92	--	13	68796	卖盘
10:58:00	52.92	-0.08	28	148176	卖盘
10:57:06	53.0	--	8	42400	中性盘
10:56:33	53.0	--	6	31800	买盘
10:55:54	53.0	0.08	3	15900	中性盘
10:54:54	52.92	-0.08	1	5292	中性盘
10:53:57	53.0	--	2	10600	买盘
10:53:24	53.0	0.11	1	5300	买盘
10:51:18	52.89	-0.16	7	37023	卖盘
10:51:09	53.05	0.05	24	127320	买盘
10:51:06	53.0	0.07	8	42400	买盘
10:50:03	52.93	0.05	9	47637	买盘
10:49:54	52.88	--	2	10576	卖盘
10:49:09	52.88	--	1	5288	卖盘
10:48:48	52.88	-0.02	3	15864	卖盘
10:48:39	52.9	--	5	26450	买盘
10:48:30	52.9	--	2	10580	买盘
10:48:27	52.9	--	11	58190	买盘
10:48:21	52.9	-0.03	3	16399	卖盘
10:48:09	52.93	0.03	1	5293	买盘
10:47:57	52.9	--	1	5290	卖盘
10:47:54	52.9	--	2	15341	买盘
10:47:48	52.9	--	5	26450	买盘
10:47:42	52.9	--	8	42320	买盘
10:47:39	52.9	-0.01	21	111619	卖盘
10:47:36	52.91	--	3	15872	买盘
10:47:24	52.91	--	1	5291	买盘
10:47:03	52.91	--	2	10582	中性盘
10:46:36	52.91	--	3	15872	卖盘
10:46:33	52.91	--	4	21164	卖盘
10:45:57	52.91	--	6	31745	卖盘
10:45:42	52.91	-0.04	9	47619	卖盘
10:45:39	52.95	--	2	10590	买盘
10:45:03	52.95	--	5	26475	买盘
10:44:48	52.95	--	22	116490	买盘
10:44:42	52.95	-0.01	23	121785	卖盘
10:44:09	52.96	0.01	5	26480	中性盘
10:43:42	52.95	-0.05	2	10590	卖盘
10:42:45	53.0	0.03	24	127200	买盘
10:42:36	52.97	--	7	37079	买盘
10:42:33	52.97	-0.01	9	47673	买盘
10:42:30	52.98	0.01	13	68874	买盘
10:42:24	52.97	--	19	100643	买盘
10:42:09	52.97	-0.01	14	76223	卖盘
10:42:03	52.98	0.01	9	47682	买盘
10:41:54	52.97	--	5	26485	卖盘
10:41:36	52.97	0.01	17	93280	买盘
10:41:30	52.96	--	2	12657	卖盘
10:41:09	52.96	-0.01	1	5296	卖盘
10:41:06	52.97	--	1	5297	买盘
10:41:00	52.97	--	5	26485	买盘
10:40:57	52.97	--	2	10594	买盘
10:40:42	52.97	0.01	1	5297	买盘
10:40:30	52.96	--	1	5296	卖盘
10:40:18	52.96	-0.01	11	58256	卖盘
10:40:09	52.97	--	7	37079	买盘
10:39:57	52.97	0.01	1	5297	买盘
10:39:51	52.96	--	10	52960	卖盘
10:39:30	52.96	0.01	11	61486	买盘
10:39:27	52.95	-0.01	5	26475	卖盘
10:39:24	52.96	--	3	15888	买盘
10:39:06	52.96	0.01	3	15888	买盘
10:38:45	52.95	--	6	31770	买盘
10:38:42	52.95	--	24	127080	买盘
10:38:18	52.95	-0.01	2	10590	卖盘
10:38:15	52.96	--	2	10592	买盘
10:38:06	52.96	0.05	1	5296	买盘
10:37:51	52.91	--	19	100529	买盘
10:37:48	52.91	-0.05	41	216931	卖盘
10:37:45	52.96	0.01	30	158880	买盘
10:37:30	52.95	--	1	5295	卖盘
10:37:27	52.95	0.03	6	31770	买盘
10:37:21	52.92	0.01	4	21168	中性盘
10:36:57	52.91	-0.05	9	47619	卖盘
10:36:51	52.96	--	3	15888	买盘
10:36:45	52.96	--	16	84736	买盘
10:36:39	52.96	--	11	60321	卖盘
10:36:33	52.96	--	1	5296	卖盘
10:36:30	52.96	--	1	5296	卖盘
10:36:24	52.96	0.01	0	3230	买盘
10:36:15	52.95	-0.01	10	52950	中性盘
10:36:09	52.96	--	4	23249	卖盘
10:35:57	52.96	-0.01	1	5296	卖盘
10:35:54	52.97	-0.01	2	10594	卖盘
10:35:51	52.98	0.02	1	5298	买盘
10:35:33	52.96	-0.02	1	5296	卖盘
10:35:30	52.98	--	9	47682	卖盘
10:35:27	52.98	-0.02	11	58278	卖盘
10:35:09	53.0	--	21	111300	卖盘
10:35:03	53.0	--	1	5300	卖盘
10:34:57	53.0	-0.08	6	31800	卖盘
10:34:51	53.08	0.08	8	42464	买盘
10:34:42	53.0	-0.01	10	53000	卖盘
10:34:39	53.01	0.01	3	15903	买盘
10:34:27	53.0	--	50	265000	卖盘
10:34:18	53.0	--	5	26500	卖盘
10:34:15	53.0	0.02	8	42400	买盘
10:33:54	52.98	-0.01	7	37086	卖盘
10:33:42	52.99	-0.01	1	5299	卖盘
10:33:39	53.0	--	1	5300	卖盘
10:33:36	53.0	--	6	31800	卖盘
10:33:30	53.0	--	2	10600	卖盘
10:33:27	53.0	-0.02	17	90100	卖盘
10:33:06	53.02	0.01	8	42416	买盘
10:33:00	53.01	--	5	26505	卖盘
10:32:57	53.01	-0.01	3	15903	卖盘
10:32:39	53.02	--	8	42416	卖盘
10:32:24	53.02	-0.01	11	58322	卖盘
10:32:09	53.03	-0.02	2	10606	卖盘
10:31:45	53.05	-0.03	7	37135	卖盘
10:31:33	53.08	-0.07	6	31848	卖盘
10:31:24	53.15	0.07	1	5315	买盘
10:30:42	53.08	--	10	53080	卖盘
10:30:27	53.08	--	6	31848	买盘
10:30:24	53.08	-0.02	7	37156	卖盘
10:30:18	53.1	0.01	9	47790	买盘
10:29:45	53.09	--	11	58399	买盘
10:29:42	53.09	0.03	2	10618	买盘
10:29:33	53.06	--	2	10612	中性盘
10:29:06	53.06	-0.03	5	26530	卖盘
10:29:03	53.09	0.03	2	10618	买盘
10:28:45	53.06	0.01	1	5306	中性盘
10:28:39	53.05	--	2	10610	卖盘
10:28:30	53.05	--	2	10610	卖盘
10:28:12	53.05	--	2	10610	卖盘
10:27:57	53.05	-0.04	1	5305	中性盘
10:27:48	53.09	-0.01	5	26545	中性盘
10:27:33	53.1	--	2	10620	买盘
10:27:21	53.1	0.01	2	10620	买盘
10:27:00	53.09	-0.06	5	26545	中性盘
10:26:51	53.15	0.14	23	122245	买盘
10:26:48	53.01	-0.04	47	249147	卖盘
10:25:39	53.05	-0.03	6	31830	卖盘
10:25:33	53.08	0.04	4	21232	中性盘
10:24:18	53.04	0.03	2	10608	买盘
10:24:12	53.01	-0.03	1	5301	中性盘
10:23:51	53.04	-0.01	1	5304	买盘
10:23:45	53.05	0.05	2	10610	中性盘
10:23:39	53.0	-0.04	8	44891	卖盘
10:23:36	53.04	-0.05	5	26520	卖盘
10:23:33	53.09	0.05	27	143343	买盘
10:23:06	53.04	-0.05	10	53040	中性盘
10:22:54	53.09	--	2	10618	买盘
10:22:48	53.09	0.09	1	5309	买盘
10:22:24	53.0	-0.17	1	5300	卖盘
10:22:09	53.17	0.07	3	15951	买盘
10:22:03	53.1	--	2	10620	卖盘
10:21:48	53.1	0.12	10	53100	中性盘
10:21:33	52.98	-0.12	7	37086	卖盘
10:21:30	53.1	0.12	35	185850	买盘
10:21:12	52.98	-0.03	6	31787	中性盘
10:21:03	53.01	--	5	26505	买盘
10:21:00	53.01	0.01	36	190836	买盘
10:20:57	53.0	--	4	21200	买盘
10:20:48	53.0	--	3	15900	买盘
10:20:30	53.0	0.04	24	127200	买盘
10:20:21	52.96	0.04	0	3230	卖盘
10:20:18	52.92	-0.08	2	10584	中性盘
10:19:51	53.0	0.08	8	42400	买盘
10:19:48	52.92	--	2	10584	买盘
10:19:36	52.92	-0.08	15	81443	卖盘
10:19:21	53.0	--	11	58300	卖盘
10:19:15	53.0	--	1	5300	卖盘
10:19:09	53.0	--	19	100700	买盘
10:19:06	53.0	-0.01	1	5300	卖盘
10:18:54	53.01	--	5	26505	买盘
10:18:33	53.01	--	3	15903	卖盘
10:18:30	53.01	-0.01	10	53010	卖盘
10:18:27	53.02	0.01	2	10604	买盘
10:18:24	53.01	0.01	5	26505	中性盘
10:18:18	53.0	-0.01	20	106000	卖盘
10:18:15	53.01	--	1	5301	卖盘
10:18:12	53.01	--	3	15903	卖盘
10:18:03	53.01	--	5	26505	卖盘
10:18:00	53.01	--	6	31806	卖盘
10:17:48	53.01	-0.01	4	21204	卖盘
10:17:45	53.02	0.01	4	21208	买盘
10:17:36	53.01	-0.01	2	10602	卖盘
10:17:33	53.02	--	1	5302	买盘
10:17:30	53.02	-0.01	13	68926	中性盘
10:17:24	53.03	0.02	2	10606	中性盘
10:17:06	53.01	--	1	5301	卖盘
10:17:00	53.01	-0.01	5	26505	卖盘
10:16:51	53.02	0.01	5	26510	卖盘
10:16:48	53.01	0.01	20	106020	中性盘
10:16:42	53.0	--	10	53000	卖盘
10:16:39	53.0	--	3	15900	卖盘
10:16:33	53.0	-0.05	3	15900	卖盘
10:16:30	53.05	0.05	1	5305	买盘
10:16:24	53.0	--	2	10600	卖盘
10:16:15	53.0	--	5	26500	卖盘
10:15:57	53.0	0.08	5	26500	中性盘
10:15:39	52.92	--	9	47628	卖盘
10:15:33	52.92	-0.01	6	31752	卖盘
10:15:30	52.93	0.01	1	5293	中性盘
10:15:21	52.92	--	4	21168	卖盘
10:15:06	52.92	--	1	8520	买盘
10:15:03	52.92	-0.01	1	5292	买盘
10:14:54	52.93	-0.06	19	102631	卖盘
10:14:45	52.99	0.06	15	82717	买盘
10:14:33	52.93	-0.06	7	37051	卖盘
10:14:30	52.99	0.06	1	5299	买盘
10:14:21	52.93	--	5	26465	卖盘
10:13:39	52.93	--	5	29111	买盘
10:13:36	52.93	--	6	31758	买盘
10:13:30	52.93	--	3	15879	买盘
10:13:24	52.93	--	7	37051	买盘
10:13:15	52.93	--	3	15879	买盘
10:13:06	52.93	--	1	5293	买盘
10:12:48	52.93	--	1	5293	买盘
10:12:45	52.93	-0.06	4	21172	买盘
10:12:42	52.99	0.06	11	60355	买盘
10:12:21	52.93	-0.06	13	68809	卖盘
10:12:15	52.99	--	7	37093	卖盘
10:12:09	52.99	-0.01	5	26495	卖盘
10:12:03	53.0	--	5	26500	卖盘
10:12:00	53.0	--	28	148400	卖盘
10:11:57	53.0	-0.01	2	10600	卖盘
10:11:45	53.01	--	12	63612	卖盘
10:11:42	53.01	--	1	5301	卖盘
10:11:30	53.01	--	10	53010	卖盘
10:11:18	53.01	--	12	63612	卖盘
10:10:51	53.01	-0.04	3	15903	卖盘
10:10:42	53.05	-0.03	16	84880	卖盘
10:10:27	53.08	0.07	12	63696	买盘
10:10:15	53.01	-0.04	5	26505	卖盘
10:10:12	53.05	--	3	15915	买盘
10:10:03	53.05	0.04	2	10610	中性盘
10:09:33	53.01	--	19	100719	买盘
10:09:21	53.01	--	1	5301	买盘
10:09:18	53.01	-0.08	5	26505	卖盘
10:09:15	53.09	0.01	7	37163	买盘
10:09:09	53.08	--	11	58388	买盘
10:09:03	53.08	-0.02	3	15924	买盘
10:09:00	53.1	0.01	1	5310	卖盘
10:08:57	53.09	--	3	15927	买盘
10:08:54	53.09	--	3	15927	买盘
10:08:48	53.09	--	2	10618	买盘
10:08:30	53.09	-0.01	5	26545	卖盘
10:08:27	53.1	0.09	3	15930	买盘
10:08:15	53.01	-0.08	49	259749	卖盘
10:08:06	53.09	0.07	13	69017	买盘
10:07:48	53.02	--	2	10604	卖盘
10:07:45	53.02	0.02	5	26510	中性盘
10:07:24	53.0	-0.09	2	10600	卖盘
10:07:12	53.09	0.1	58	307922	买盘
10:07:09	52.99	--	6	31794	卖盘
10:06:54	52.99	-0.01	8	44511	卖盘
10:06:51	53.0	0.01	2	10600	买盘
10:06:39	52.99	--	7	37093	买盘
10:06:33	52.99	--	1	5299	买盘
10:06:27	52.99	--	8	42392	买盘
10:06:18	52.99	0.01	1	5299	买盘
10:06:15	52.98	0.01	1	5298	中性盘
10:05:57	52.97	--	7	39780	买盘
10:05:51	52.97	0.04	3	15891	买盘
10:05:27	52.93	--	1	5293	卖盘
10:05:24	52.93	0.04	1	5293	中性盘
10:05:09	52.89	--	20	105780	买盘
10:04:57	52.89	--	1	5289	买盘
10:04:54	52.89	-0.08	52	275028	卖盘
10:04:42	52.97	0.06	25	132425	买盘
10:04:30	52.91	-0.01	2	10582	中性盘
10:04:12	52.92	--	12	63504	买盘
10:04:09	52.92	--	2	10584	买盘
10:04:00	52.92	0.02	14	74088	买盘
10:03:42	52.9	0.01	7	37030	买盘
10:03:39	52.89	--	10	52890	中性盘
10:03:30	52.89	0.01	1	5289	买盘
10:03:15	52.88	0.03	50	264400	买盘
10:02:45	52.85	-0.03	9	47565	卖盘
10:02:36	52.88	--	5	26440	买盘
10:02:33	52.88	--	3	15864	买盘
10:02:27	52.88	--	14	74032	卖盘
10:02:24	52.88	--	2	10576	卖盘
10:01:45	52.88	0.04	3	15864	买盘
10:01:42	52.84	0.01	2	10568	中性盘
10:01:36	52.83	--	3	15849	卖盘
10:01:30	52.83	--	5	26415	卖盘
10:01:15	52.83	--	1	5283	卖盘
10:01:12	52.83	--	5	26415	卖盘
10:01:09	52.83	--	3	15849	卖盘
10:00:57	52.83	--	1	5283	买盘
10:00:48	52.83	-0.03	1	5283	买盘
10:00:42	52.86	--	4	21144	卖盘
10:00:36	52.86	-0.01	42	222012	卖盘
10:00:33	52.87	--	1	5287	卖盘
10:00:30	52.87	--	5	26435	卖盘
10:00:12	52.87	-0.03	10	52870	卖盘
10:00:03	52.9	-0.07	18	95220	卖盘
09:59:57	52.97	0.07	1	5297	买盘
09:59:48	52.9	-0.08	7	37030	卖盘
09:59:42	52.98	0.07	7	37086	买盘
09:59:30	52.91	--	5	26455	卖盘
09:59:27	52.91	-0.07	7	37037	卖盘
09:59:18	52.98	--	2	10596	买盘
09:59:09	52.98	-0.02	1	5298	中性盘
09:58:33	53.0	0.13	30	159000	买盘
09:58:27	52.87	-0.03	27	142749	卖盘
09:58:18	52.9	--	7	37030	买盘
09:58:09	52.9	--	5	26450	买盘
09:58:03	52.9	--	1	5290	中性盘
09:57:51	52.9	--	2	10580	卖盘
09:57:45	52.9	0.03	2	10580	买盘
09:57:30	52.87	-0.02	8	42296	卖盘
09:57:27	52.89	-0.01	2	10578	买盘
09:57:24	52.9	0.01	1	5290	买盘
09:57:15	52.89	--	1	5289	卖盘
09:57:12	52.89	--	1	5289	买盘
09:56:54	52.89	0.02	5	26445	买盘
09:56:36	52.87	-0.02	5	26435	卖盘
09:56:33	52.89	-0.01	1	5289	中性盘
09:55:54	52.9	--	1	5290	买盘
09:55:36	52.9	0.04	8	42320	中性盘
09:55:30	52.86	--	4	21144	卖盘
09:55:21	52.86	0.05	4	21144	买盘
09:55:15	52.81	-0.05	1	5281	卖盘
09:54:54	52.86	--	1	5286	买盘
09:54:24	52.86	--	3	15858	买盘
09:54:21	52.86	--	4	21144	买盘
09:53:33	52.86	--	1	5286	买盘
09:53:30	52.86	0.06	1	5286	买盘
09:53:24	52.8	--	1	5280	卖盘
09:53:15	52.8	0.01	1	5280	卖盘
09:52:36	52.79	0.01	11	58069	买盘
09:52:33	52.78	-0.01	9	47502	卖盘
09:52:27	52.79	0.01	3	15837	买盘
09:52:24	52.78	0.01	2	10556	中性盘
09:52:18	52.77	-0.01	6	31662	卖盘
09:52:15	52.78	0.01	2	10556	买盘
09:52:12	52.77	0.02	4	21108	卖盘
09:52:03	52.75	--	10	52750	卖盘
09:51:51	52.75	--	1	5275	卖盘
09:51:48	52.75	0.02	3	15825	买盘
09:51:45	52.73	-0.02	6	31637	卖盘
09:51:42	52.75	--	3	15825	买盘
09:51:33	52.75	0.03	2	10550	买盘
09:51:30	52.72	-0.03	1	5272	卖盘
09:51:18	52.75	0.03	1	5275	买盘
09:51:15	52.72	-0.03	4	21088	卖盘
09:51:12	52.75	0.03	5	26375	买盘
09:51:06	52.72	--	4	21088	买盘
09:51:03	52.72	--	4	21088	买盘
09:51:00	52.72	--	4	21088	买盘
09:50:57	52.72	--	1	5272	买盘
09:50:51	52.72	--	20	105440	买盘
09:50:45	52.72	--	5	26360	卖盘
09:50:42	52.72	-0.03	1	5272	卖盘
09:50:39	52.75	0.03	10	52750	买盘
09:50:36	52.72	--	6	31632	卖盘
09:50:33	52.72	-0.03	16	84352	卖盘
09:50:18	52.75	0.05	26	137150	买盘
09:50:12	52.7	-0.02	3	15810	卖盘
09:49:57	52.72	-0.03	6	31632	卖盘
09:49:54	52.75	--	28	147700	卖盘
09:49:51	52.75	-0.01	4	21100	卖盘
09:49:48	52.76	0.01	3	15828	买盘
09:49:42	52.75	--	5	26375	中性盘
09:49:27	52.75	-0.01	18	94950	中性盘
09:49:15	52.76	0.07	2	10552	买盘
09:49:12	52.69	-0.01	5	26345	卖盘
09:49:09	52.7	--	12	63240	卖盘
09:49:06	52.7	-0.05	14	73780	卖盘
09:49:03	52.75	0.05	2	10550	买盘
09:49:00	52.7	-0.04	50	263500	卖盘
09:48:54	52.74	0.04	2	10548	买盘
09:48:48	52.7	-0.06	2	10540	卖盘
09:48:39	52.76	--	12	63312	买盘
09:48:36	52.76	0.06	9	47484	中性盘
09:48:27	52.7	-0.08	71	374170	卖盘
09:48:21	52.78	0.02	10	52780	买盘
09:48:18	52.76	--	2	10552	卖盘
09:48:15	52.76	-0.02	1	5276	卖盘
09:48:03	52.78	0.01	2	10556	买盘
09:48:00	52.77	-0.01	3	15831	卖盘
09:47:57	52.78	-0.02	27	142506	卖盘
09:47:48	52.8	--	3	15840	买盘
09:47:45	52.8	--	19	100320	卖盘
09:47:42	52.8	--	3	15840	卖盘
09:47:36	52.8	--	2	10560	卖盘
09:47:33	52.8	--	5	26400	卖盘
09:47:27	52.8	0.02	41	216480	买盘
09:47:24	52.78	--	5	26390	买盘
09:47:21	52.78	0.02	11	58058	中性盘
09:47:18	52.76	-0.03	18	94968	卖盘
09:47:15	52.79	-0.01	2	10558	买盘
09:47:00	52.8	0.02	20	105600	买盘
09:46:54	52.78	-0.02	1	5278	卖盘
09:46:48	52.8	--	4	21120	买盘
09:46:45	52.8	--	6	31680	买盘
09:46:39	52.8	--	9	47520	买盘
09:46:36	52.8	--	15	79200	卖盘
09:46:30	52.8	-0.06	2	10560	卖盘
09:46:27	52.86	--	8	42288	买盘
09:46:24	52.86	0.06	7	37002	买盘
09:46:15	52.8	-0.06	8	42820	卖盘
09:46:03	52.86	-0.01	3	15858	卖盘
09:45:45	52.87	-0.01	12	63444	卖盘
09:45:39	52.88	0.01	1	5288	买盘
09:45:21	52.87	0.07	14	74018	买盘
09:45:18	52.8	-0.06	6	36379	卖盘
09:45:15	52.86	-0.01	1	5286	买盘
09:45:09	52.87	-0.01	3	15861	卖盘
09:45:00	52.88	--	4	21152	买盘
09:44:57	52.88	-0.12	16	84608	卖盘
09:44:45	53.0	0.12	1	5300	买盘
09:44:39	52.88	-0.12	1	5288	卖盘
09:44:18	53.0	-0.01	13	68900	卖盘
09:44:00	53.01	--	4	21204	卖盘
09:43:51	53.01	0.01	3	15903	中性盘
09:42:57	53.0	-0.09	8	42400	中性盘
09:42:42	53.09	0.09	20	106180	买盘
09:42:39	53.0	--	3	15900	买盘
09:42:36	53.0	-0.08	39	206700	卖盘
09:42:30	53.08	0.05	1	5308	买盘
09:42:27	53.03	0.02	7	37121	买盘
09:42:15	53.01	--	1	5301	买盘
09:42:12	53.01	--	5	26505	买盘
09:42:06	53.01	-0.02	1	5301	卖盘
09:41:57	53.03	-0.06	5	26515	中性盘
09:41:45	53.09	0.04	2	10618	买盘
09:41:30	53.05	-0.04	2	10610	卖盘
09:41:21	53.09	0.04	3	15927	买盘
09:41:09	53.05	-0.05	1	5305	卖盘
09:41:06	53.1	-0.01	7	37170	卖盘
09:41:00	53.11	0.01	4	21244	买盘
09:40:54	53.1	0.05	2	10620	买盘
09:40:51	53.05	-0.05	8	42440	卖盘
09:40:48	53.1	--	7	37170	买盘
09:40:42	53.1	--	11	58410	中性盘
09:40:39	53.1	--	3	15930	中性盘
09:40:24	53.1	0.09	2	10620	买盘
09:40:06	53.01	0.01	2	10602	中性盘
09:39:54	53.0	0.15	4	21200	买盘
09:39:45	52.85	-0.12	8	42280	卖盘
09:39:30	52.97	0.12	5	26485	买盘
09:39:18	52.85	--	1	5285	卖盘
09:38:57	52.85	0.09	32	169120	买盘
09:38:45	52.76	0.05	8	42208	买盘
09:38:30	52.71	0.01	2	10542	买盘
09:38:27	52.7	-0.06	14	73780	卖盘
09:38:21	52.76	0.06	2	10552	买盘
09:38:03	52.7	-0.06	20	105400	卖盘
09:37:57	52.76	0.05	27	142452	买盘
09:37:54	52.71	0.01	2	10542	买盘
09:37:45	52.7	--	5	26350	卖盘
09:37:42	52.7	--	3	15810	卖盘
09:37:36	52.7	0.02	11	57970	买盘
09:37:33	52.68	-0.02	8	42144	卖盘
09:37:30	52.7	--	5	26350	买盘
09:37:24	52.7	--	1	5270	买盘
09:37:15	52.7	--	2	10540	买盘
09:37:09	52.7	--	7	36890	卖盘
09:37:00	52.7	-0.02	9	47430	卖盘
09:36:54	52.72	--	5	26360	卖盘
09:36:51	52.72	-0.03	1	5272	中性盘
09:36:42	52.75	-0.01	2	10550	中性盘
09:36:36	52.76	-0.09	80	422080	卖盘
09:36:33	52.85	0.05	7	36995	买盘
09:36:30	52.8	-0.05	15	79200	卖盘
09:36:24	52.85	-0.01	1	5285	买盘
09:36:18	52.86	-0.04	6	31716	卖盘
09:36:15	52.9	--	1	5290	卖盘
09:36:09	52.9	0.01	1	5290	中性盘
09:35:45	52.89	-0.1	1	5289	中性盘
09:35:39	52.99	--	1	5299	卖盘
09:35:36	52.99	0.09	4	21196	买盘
09:35:30	52.9	-0.09	5	26450	卖盘
09:35:27	52.99	0.19	1	5299	买盘
09:35:15	52.8	-0.06	80	422400	卖盘
09:34:45	52.86	-0.04	2	10572	卖盘
09:34:39	52.9	0.03	12	63480	买盘
09:34:33	52.87	--	37	195619	卖盘
09:34:30	52.87	--	7	37009	买盘
09:34:03	52.87	--	4	21148	买盘
09:33:57	52.87	-0.13	28	148036	卖盘
09:33:30	53.0	-0.01	2	10600	卖盘
09:33:21	53.01	0.01	15	79515	买盘
09:33:18	53.0	--	8	42400	卖盘
09:33:09	53.0	--	2	10600	卖盘
09:33:03	53.0	--	1	5300	卖盘
09:33:00	53.0	--	3	15900	卖盘
09:32:54	53.0	0.2	3	15900	中性盘
09:32:51	52.8	-0.21	15	79200	卖盘
09:32:48	53.01	0.01	8	42408	买盘
09:32:45	53.0	0.2	4	21200	买盘
09:32:33	52.8	-0.06	5	26400	卖盘
09:32:30	52.86	-0.15	4	21144	卖盘
09:32:27	53.01	--	13	68913	买盘
09:32:15	53.01	0.01	81	429381	买盘
09:32:06	53.0	--	38	201400	卖盘
09:31:57	53.0	--	31	164300	卖盘
09:31:54	53.0	-0.01	2	10600	卖盘
09:31:48	53.01	-0.09	8	42408	卖盘
09:31:45	53.1	-0.03	2	10620	卖盘
09:31:39	53.13	-0.01	88	467544	卖盘
09:31:36	53.14	0.01	5	26570	买盘
09:31:30	53.13	-0.01	10	53130	中性盘
09:31:15	53.14	0.04	4	21256	买盘
09:31:12	53.1	0.09	5	26550	卖盘
09:31:00	53.01	0.01	16	84816	买盘
09:30:54	53.0	-0.01	4	21200	卖盘
09:30:42	53.01	-0.29	6	31806	卖盘
09:30:18	53.3	0.03	1	5330	买盘
09:30:06	53.27	53.27	8	42616	买盘
