成交时间	成交价	价格变动	成交量(手)	成交额(元)	性质
15:00:03	7.38	0.01	1351	997038	买盘
14:57:03	7.37	--	28	20636	卖盘
14:57:00	7.37	0.01	1067	786379	买盘
14:56:57	7.36	-0.01	10	7360	卖盘
14:56:54	7.37	--	5	3685	买盘
14:56:51	7.37	0.01	158	116446	买盘
14:56:48	7.36	-0.01	9	6624	卖盘
14:56:45	7.37	--	154	113498	买盘
14:56:42	7.37	0.01	30	22110	买盘
14:56:33	7.36	--	50	36800	卖盘
14:56:24	7.36	-0.01	60	44160	卖盘
14:56:21	7.37	--	50	36850	买盘
14:56:18	7.37	--	126	92862	买盘
14:56:15	7.37	--	8	5896	买盘
14:56:09	7.37	0.01	30	22110	买盘
14:56:06	7.36	--	1	736	卖盘
14:56:03	7.36	--	30	22080	卖盘
14:55:54	7.36	--	20	14720	卖盘
14:55:45	7.36	--	53	39008	卖盘
14:55:42	7.36	-0.01	143	105248	卖盘
14:55:39	7.37	--	1	737	买盘
14:55:33	7.37	--	20	14740	买盘
14:55:27	7.37	--	4	2948	买盘
14:55:24	7.37	--	178	131186	卖盘
14:55:21	7.37	--	10	7370	卖盘
14:55:18	7.37	-0.01	25	18425	卖盘
14:55:15	7.38	0.01	12	8856	买盘
14:55:12	7.37	--	50	36850	卖盘
14:55:09	7.37	--	100	73700	卖盘
14:55:06	7.37	--	20	14740	卖盘
14:55:03	7.37	--	250	184250	买盘
14:55:00	7.37	--	6	4422	买盘
14:54:51	7.37	--	251	184987	卖盘
14:54:45	7.37	--	100	73700	卖盘
14:54:42	7.37	--	300	221100	卖盘
14:54:33	7.37	--	55	40535	卖盘
14:54:30	7.37	--	6	4422	卖盘
14:54:27	7.37	--	30	22110	卖盘
14:54:18	7.37	--	2	1474	卖盘
14:54:15	7.37	--	50	36850	卖盘
14:54:12	7.37	--	26	19162	卖盘
14:54:09	7.37	--	50	36850	卖盘
14:54:03	7.37	--	50	36850	卖盘
14:53:54	7.37	--	12	8844	卖盘
14:53:48	7.37	--	57	42009	卖盘
14:53:42	7.37	--	220	162140	卖盘
14:53:39	7.37	--	20	14740	卖盘
14:53:36	7.37	--	16	11792	卖盘
14:53:27	7.37	--	31	22847	卖盘
14:53:24	7.37	--	21	15477	卖盘
14:53:21	7.37	-0.01	66	48642	卖盘
14:53:15	7.38	0.01	1	738	买盘
14:53:06	7.37	--	20	14740	卖盘
14:53:00	7.37	-0.01	54	39798	卖盘
14:52:57	7.38	0.01	400	295200	买盘
14:52:39	7.37	-0.01	52	38324	卖盘
14:52:36	7.38	0.01	79	58302	买盘
14:52:24	7.37	--	20	14740	卖盘
14:51:57	7.37	--	10	7370	卖盘
14:51:51	7.37	--	13	9581	卖盘
14:51:45	7.37	--	20	14740	卖盘
14:51:42	7.37	-0.01	44	32428	卖盘
14:51:33	7.38	0.01	5	3690	买盘
14:51:30	7.37	--	1	737	卖盘
14:51:27	7.37	--	25	18425	卖盘
14:51:18	7.37	--	26	19162	卖盘
14:51:15	7.37	-0.01	139	102443	卖盘
14:51:12	7.38	--	2	1476	买盘
14:51:09	7.38	--	31	22878	买盘
14:50:54	7.38	0.01	109	80442	买盘
14:50:51	7.37	--	8	5896	卖盘
14:50:48	7.37	--	1	737	卖盘
14:50:45	7.37	--	10	7370	卖盘
14:50:30	7.37	-0.01	21	15477	卖盘
14:50:27	7.38	0.01	2	1476	买盘
14:50:24	7.37	--	104	76928	卖盘
14:50:21	7.37	--	1	737	卖盘
14:50:15	7.37	-0.01	5	3685	卖盘
14:50:12	7.38	0.01	1	738	买盘
14:49:51	7.37	--	5	3685	卖盘
14:49:42	7.37	-0.01	678	499686	卖盘
14:49:36	7.38	--	5	3690	买盘
14:49:27	7.38	--	58	42804	买盘
14:49:21	7.38	--	47	34686	买盘
14:49:06	7.38	--	52	38376	买盘
14:49:03	7.38	0.01	10	7380	买盘
14:49:00	7.37	--	59	43483	卖盘
14:48:57	7.37	--	3	2211	卖盘
14:48:54	7.37	--	13	9581	卖盘
14:48:39	7.37	--	1	737	卖盘
14:48:36	7.37	-0.01	20	14740	卖盘
14:48:33	7.38	--	200	147600	买盘
14:48:27	7.38	0.01	5	3690	买盘
14:48:09	7.37	--	138	101706	卖盘
14:48:06	7.37	--	69	51133	买盘
14:48:03	7.37	--	8	5896	买盘
14:47:54	7.37	0.01	10	7370	买盘
14:47:51	7.36	-0.01	90	66240	卖盘
14:47:48	7.37	--	2	1474	买盘
14:47:45	7.37	--	20	14740	买盘
14:47:42	7.37	--	6	4422	卖盘
14:47:39	7.37	0.01	50	36850	中性盘
14:47:27	7.36	--	128	94208	卖盘
14:47:21	7.36	-0.01	37	27232	卖盘
14:47:18	7.37	--	1	737	买盘
14:47:15	7.37	--	25	18425	买盘
14:47:09	7.37	--	25	18425	买盘
14:47:00	7.37	--	20	14740	买盘
14:46:51	7.37	--	53	39061	买盘
14:46:48	7.37	--	318	234366	卖盘
14:46:42	7.37	--	71	52327	卖盘
14:46:33	7.37	--	35	25795	卖盘
14:46:21	7.37	--	40	29480	卖盘
14:46:15	7.37	--	17	12529	卖盘
14:46:06	7.37	--	102	75174	买盘
14:45:57	7.37	--	200	147400	买盘
14:45:51	7.37	-0.01	50	36850	买盘
14:45:36	7.38	0.01	42	30996	买盘
14:45:30	7.37	--	1	737	买盘
14:45:27	7.37	--	3	2608	卖盘
14:45:18	7.37	--	16	12131	买盘
14:45:15	7.37	--	84	62305	卖盘
14:45:00	7.37	--	461	339757	卖盘
14:44:54	7.37	--	525	387264	卖盘
14:44:51	7.37	-0.01	20	14740	卖盘
14:44:45	7.38	--	27	19926	买盘
14:44:33	7.38	0.01	1	738	买盘
14:44:30	7.37	--	100	73700	卖盘
14:44:27	7.37	--	100	73700	卖盘
14:44:15	7.37	--	30	22110	卖盘
14:44:09	7.37	--	20	14740	卖盘
14:43:54	7.37	--	14	10318	卖盘
14:43:48	7.37	-0.01	12	8844	卖盘
14:43:45	7.38	--	78	57564	买盘
14:43:21	7.38	--	144	106272	买盘
14:43:12	7.38	0.01	5	3690	买盘
14:43:09	7.37	--	142	104654	卖盘
14:43:03	7.37	-0.01	20	14740	卖盘
14:42:42	7.38	--	20	14760	买盘
14:42:15	7.38	0.01	53	39114	买盘
14:42:03	7.37	--	20	14740	卖盘
14:41:57	7.37	--	20	14740	卖盘
14:41:39	7.37	0.01	70	51590	中性盘
14:41:21	7.36	-0.01	2000	1472000	卖盘
14:41:15	7.37	-0.01	8	5896	卖盘
14:41:12	7.38	0.01	35	25830	买盘
14:41:09	7.37	--	260	191620	卖盘
14:40:48	7.37	-0.01	6	4422	卖盘
14:40:33	7.38	0.01	9	6642	买盘
14:40:21	7.37	--	40	29480	卖盘
14:40:15	7.37	-0.01	30	22110	卖盘
14:40:12	7.38	--	1	738	买盘
14:39:36	7.38	--	2	1476	买盘
14:39:27	7.38	--	8	5904	买盘
14:39:24	7.38	0.01	15	11070	买盘
14:39:18	7.37	-0.01	10	7370	卖盘
14:39:00	7.38	0.02	100	73800	买盘
14:38:57	7.36	-0.01	315	232303	卖盘
14:38:45	7.37	0.01	10	7370	买盘
14:38:42	7.36	-0.01	10	7360	卖盘
14:38:39	7.37	--	105	77385	买盘
14:38:33	7.37	--	35	25795	买盘
14:38:30	7.37	0.01	1396	1028852	买盘
14:38:21	7.36	-0.01	104	77015	卖盘
14:38:12	7.37	0.01	35	25795	买盘
14:38:03	7.36	-0.01	8	5888	卖盘
14:37:57	7.37	--	790	582230	买盘
14:37:51	7.37	--	2	1474	买盘
14:37:36	7.37	--	234	172458	买盘
14:37:27	7.37	--	36	26532	买盘
14:37:21	7.37	0.01	7	5159	买盘
14:37:18	7.36	-0.01	6	4416	卖盘
14:36:54	7.37	--	11	8107	买盘
14:36:45	7.37	0.01	79	58223	买盘
14:36:42	7.36	-0.01	2	1472	卖盘
14:36:36	7.37	0.01	523	385451	买盘
14:36:33	7.36	--	20	14720	卖盘
14:36:03	7.36	--	56	41216	卖盘
14:35:57	7.36	-0.01	184	135424	卖盘
14:35:54	7.37	--	30	22110	买盘
14:35:51	7.37	--	7	5159	买盘
14:35:39	7.37	--	10	7370	买盘
14:35:30	7.37	0.01	20	14740	买盘
14:35:27	7.36	--	26	19136	卖盘
14:35:15	7.36	--	457	336352	卖盘
14:35:09	7.36	-0.01	49	36064	卖盘
14:35:03	7.37	--	101	74437	买盘
14:34:57	7.37	0.01	1	737	买盘
14:34:54	7.36	-0.01	19	13984	卖盘
14:34:48	7.37	--	17	12529	买盘
14:34:42	7.37	--	24	17688	买盘
14:34:39	7.37	--	7	5159	买盘
14:34:30	7.37	-0.01	530	390882	卖盘
14:34:27	7.38	0.01	16	11808	中性盘
14:34:21	7.37	-0.01	68	50116	卖盘
14:34:18	7.38	--	21	15498	卖盘
14:34:15	7.38	0.01	294	217436	买盘
14:34:12	7.37	--	5	3685	卖盘
14:34:06	7.37	--	33	24321	卖盘
14:33:45	7.37	-0.01	100	73700	卖盘
14:33:42	7.38	0.01	2	1476	买盘
14:33:33	7.37	--	9	6633	卖盘
14:33:30	7.37	-0.01	19	14003	卖盘
14:33:27	7.38	0.01	50	36900	买盘
14:33:18	7.37	--	48	35376	卖盘
14:33:15	7.37	--	101	74437	卖盘
14:33:12	7.37	-0.01	200	147400	卖盘
14:33:09	7.38	0.01	5	3690	买盘
14:33:00	7.37	--	4	2948	卖盘
14:32:57	7.37	-0.01	25	18425	卖盘
14:32:54	7.38	--	22	16236	买盘
14:32:51	7.38	0.01	15	11070	买盘
14:32:36	7.37	-0.01	10	7370	卖盘
14:32:24	7.38	-0.01	865	638643	卖盘
14:32:21	7.39	--	3	2217	买盘
14:32:15	7.39	--	10	7390	买盘
14:32:03	7.39	--	23	17396	卖盘
14:31:57	7.39	--	5	3695	卖盘
14:31:51	7.39	--	10	7390	卖盘
14:31:48	7.39	--	10	7390	卖盘
14:31:45	7.39	--	120	88680	卖盘
14:31:42	7.39	--	260	192140	卖盘
14:31:33	7.39	--	40	29560	卖盘
14:31:30	7.39	--	30	22170	卖盘
14:31:27	7.39	--	540	399060	卖盘
14:31:24	7.39	--	21	15519	卖盘
14:31:21	7.39	--	51	37689	卖盘
14:31:18	7.39	--	250	184750	卖盘
14:31:12	7.39	--	11	8129	卖盘
14:31:09	7.39	--	160	118240	卖盘
14:31:06	7.39	--	177	130803	卖盘
14:31:03	7.39	--	11	8129	卖盘
14:30:36	7.39	-0.02	5	3695	卖盘
14:30:27	7.41	0.01	500	370500	买盘
14:30:21	7.4	--	541	400865	卖盘
14:30:18	7.4	-0.01	230	170200	卖盘
14:30:12	7.41	0.01	8	5928	买盘
14:30:06	7.4	-0.01	59	43660	卖盘
14:30:03	7.41	--	5	3705	买盘
14:29:45	7.41	0.01	5	3705	买盘
14:29:36	7.4	--	8	5920	卖盘
14:29:30	7.4	-0.01	305	225700	卖盘
14:29:24	7.41	--	100	74100	买盘
14:29:21	7.41	0.01	102	75582	买盘
14:29:15	7.4	-0.01	20	14800	卖盘
14:29:12	7.41	0.01	1	741	买盘
14:29:09	7.4	-0.01	20	14800	卖盘
14:28:57	7.41	0.01	10	7410	买盘
14:28:51	7.4	--	8	5920	卖盘
14:28:48	7.4	--	8	5920	卖盘
14:28:45	7.4	-0.01	5	3700	卖盘
14:28:42	7.41	0.01	10	7410	买盘
14:28:39	7.4	--	5	3700	卖盘
14:28:36	7.4	--	194	143560	卖盘
14:28:30	7.4	--	10	7400	卖盘
14:28:12	7.4	--	1130	836414	买盘
14:28:06	7.4	0.01	8	5920	买盘
14:27:48	7.39	--	116	85724	卖盘
14:27:42	7.39	--	35	25865	卖盘
14:27:33	7.39	--	10	7390	卖盘
14:27:06	7.39	-0.01	131	96809	卖盘
14:26:54	7.4	0.01	2	1480	买盘
14:26:51	7.39	-0.01	36	26604	卖盘
14:26:24	7.4	--	8	5920	买盘
14:26:21	7.4	0.01	10	7400	买盘
14:26:18	7.39	-0.01	35	25865	卖盘
14:26:00	7.4	--	15	11100	买盘
14:25:54	7.4	0.01	10	7400	买盘
14:25:45	7.39	-0.01	1	739	卖盘
14:25:42	7.4	--	39	28860	买盘
14:25:36	7.4	--	26	19240	买盘
14:25:21	7.4	--	7	5180	买盘
14:25:18	7.4	0.01	12	8880	买盘
14:25:03	7.39	--	10	7390	卖盘
14:24:57	7.39	--	66	48774	卖盘
14:24:54	7.39	-0.01	3	2719	卖盘
14:24:39	7.4	0.01	1	740	买盘
14:24:24	7.39	-0.01	9	6651	卖盘
14:24:03	7.4	--	155	114700	买盘
14:23:54	7.4	--	25	18500	买盘
14:23:42	7.4	--	2	1480	买盘
14:23:36	7.4	-0.01	41	30865	卖盘
14:23:30	7.41	0.01	20	14820	买盘
14:23:27	7.4	--	53	39434	卖盘
14:23:21	7.4	--	10	7400	卖盘
14:23:06	7.4	--	18	13320	卖盘
14:22:51	7.4	-0.01	4	2960	卖盘
14:22:45	7.41	0.02	1	741	买盘
14:22:39	7.39	-0.02	18	13302	卖盘
14:22:30	7.41	0.01	14	10374	买盘
14:22:21	7.4	--	313	231620	卖盘
14:22:12	7.4	--	5	3700	卖盘
14:22:06	7.4	--	28	20720	卖盘
14:21:54	7.4	--	10	7400	卖盘
14:21:51	7.4	--	2	1480	卖盘
14:21:48	7.4	--	20	14800	卖盘
14:21:39	7.4	--	1	740	卖盘
14:21:33	7.4	--	10	7400	卖盘
14:21:24	7.4	--	3	2220	卖盘
14:21:15	7.4	--	40	29600	卖盘
14:20:51	7.4	-0.01	70	51800	卖盘
14:20:42	7.41	--	4	2964	买盘
14:20:39	7.41	--	8	5928	买盘
14:20:33	7.41	0.01	30	22230	买盘
14:20:24	7.4	-0.01	3	2220	卖盘
14:20:21	7.41	0.01	28	20748	买盘
14:19:42	7.4	--	0	88	买盘
14:19:36	7.4	--	29	22111	卖盘
14:19:30	7.4	--	30	22200	卖盘
14:19:06	7.4	--	27	20068	买盘
14:19:00	7.4	--	44	32560	买盘
14:18:57	7.4	--	10	7400	买盘
14:18:54	7.4	--	58	42920	买盘
14:18:51	7.4	--	25	18500	买盘
14:18:48	7.4	--	60	44400	买盘
14:18:42	7.4	--	89	65860	买盘
14:18:36	7.4	--	193	142820	买盘
14:18:27	7.4	--	154	113960	买盘
14:18:24	7.4	--	50	37000	买盘
14:18:18	7.4	0.01	30	22200	买盘
14:18:15	7.39	-0.01	30	22170	卖盘
14:18:09	7.4	--	17	12580	买盘
14:18:00	7.4	--	2	1480	买盘
14:17:57	7.4	--	10	7400	买盘
14:17:54	7.4	0.01	30	22200	买盘
14:17:48	7.39	-0.01	3	2217	卖盘
14:17:39	7.4	--	25	18500	买盘
14:17:33	7.4	--	110	81400	买盘
14:17:24	7.4	--	3	2220	买盘
14:16:48	7.4	0.01	1000	740000	买盘
14:16:45	7.39	-0.01	30	22170	卖盘
14:16:39	7.4	0.01	10	7400	买盘
14:16:33	7.39	--	123	91473	买盘
14:16:21	7.39	--	20	14780	买盘
14:16:12	7.39	--	1156	854446	卖盘
14:15:57	7.39	--	5	3695	卖盘
14:15:42	7.39	--	10	7390	卖盘
14:15:24	7.39	--	10	7390	卖盘
14:15:03	7.39	--	50	36950	卖盘
14:14:39	7.39	--	30	22170	卖盘
14:14:18	7.39	-0.01	65	48035	卖盘
14:14:06	7.4	0.01	20	14800	买盘
14:13:48	7.39	-0.01	1	739	卖盘
14:13:36	7.4	0.01	10	7400	买盘
14:13:33	7.39	--	100	73900	卖盘
14:13:30	7.39	--	320	236480	卖盘
14:13:15	7.39	--	89	65785	卖盘
14:13:12	7.39	--	10	7390	卖盘
14:13:06	7.39	--	15	11085	卖盘
14:12:12	7.39	-0.01	48	35472	卖盘
14:12:06	7.4	--	40	29600	买盘
14:12:03	7.4	0.01	21	15540	买盘
14:11:48	7.39	--	20	14780	卖盘
14:11:42	7.39	--	80	59120	卖盘
14:11:06	7.39	--	2	2039	卖盘
14:10:48	7.39	--	20	14780	卖盘
14:10:42	7.39	--	25	18475	卖盘
14:10:33	7.39	--	51	37689	卖盘
14:10:30	7.39	--	10	7390	卖盘
14:10:27	7.39	--	10	7390	卖盘
14:10:21	7.39	--	67	49513	卖盘
14:10:12	7.39	--	133	98287	卖盘
14:10:09	7.39	--	80	59120	卖盘
14:10:03	7.39	--	81	59859	卖盘
14:09:48	7.39	--	6	4434	卖盘
14:09:27	7.39	--	100	73900	卖盘
14:08:57	7.39	--	2	1478	卖盘
14:08:51	7.39	--	20	14780	卖盘
14:08:36	7.39	-0.01	20	14780	卖盘
14:08:24	7.4	0.01	23	17020	买盘
14:08:18	7.39	--	50	36950	卖盘
14:08:15	7.39	--	200	147800	卖盘
14:08:06	7.39	--	20	14780	卖盘
14:07:48	7.39	--	1	739	卖盘
14:07:33	7.39	--	100	73900	卖盘
14:07:09	7.39	--	100	73900	卖盘
14:07:00	7.39	--	1	739	卖盘
14:06:54	7.39	--	837	618543	卖盘
14:06:48	7.39	--	7	5173	卖盘
14:06:21	7.39	--	100	73900	卖盘
14:06:15	7.39	--	47	34733	卖盘
14:05:42	7.39	--	6	4434	卖盘
14:05:27	7.39	-0.01	1	739	卖盘
14:05:24	7.4	0.01	9	6660	买盘
14:05:18	7.39	--	50	36950	卖盘
14:04:57	7.39	--	15	11085	卖盘
14:04:39	7.39	--	9	6651	卖盘
14:04:30	7.39	--	13	9607	卖盘
14:04:15	7.39	-0.01	1	739	卖盘
14:04:06	7.4	0.01	20	14800	买盘
14:04:03	7.39	--	22	16258	卖盘
14:03:48	7.39	-0.01	25	18475	卖盘
14:03:36	7.4	0.01	50	37000	买盘
14:03:33	7.39	-0.01	50	36950	卖盘
14:03:27	7.4	0.01	113	83620	买盘
14:03:12	7.39	--	2	1478	卖盘
14:03:03	7.39	--	60	44340	卖盘
14:02:54	7.39	--	42	31038	卖盘
14:02:48	7.39	--	1	739	卖盘
14:02:30	7.39	--	3	2217	卖盘
14:02:24	7.39	--	50	36950	卖盘
14:02:21	7.39	--	1	739	卖盘
14:02:09	7.39	--	475	351025	卖盘
14:02:06	7.39	--	88	65032	卖盘
14:01:57	7.39	--	20	14780	卖盘
14:01:51	7.39	--	14	10346	卖盘
14:01:48	7.39	--	28	20692	卖盘
14:01:30	7.39	-0.01	10	7390	卖盘
14:01:27	7.4	--	10	7400	买盘
14:01:06	7.4	0.01	2	1480	买盘
14:01:03	7.39	-0.01	30	22170	卖盘
14:00:51	7.4	--	68	50320	买盘
14:00:39	7.4	0.01	129	95460	买盘
14:00:33	7.39	--	111	82029	卖盘
14:00:27	7.39	-0.01	20	14780	卖盘
14:00:21	7.4	0.01	112	82880	买盘
14:00:18	7.39	-0.01	111	82029	卖盘
13:59:54	7.4	--	50	37000	买盘
13:59:51	7.4	--	33	24420	买盘
13:59:45	7.4	0.01	80	59200	买盘
13:59:39	7.39	--	1	739	卖盘
13:59:36	7.39	-0.01	162	119718	卖盘
13:59:30	7.4	0.01	17	12580	买盘
13:59:15	7.39	-0.01	10	7390	卖盘
13:59:09	7.4	0.01	15	11100	买盘
13:59:03	7.39	-0.01	10	7390	卖盘
13:58:42	7.4	--	8	5920	买盘
13:58:36	7.4	--	50	37000	买盘
13:58:15	7.4	--	10	7400	买盘
13:57:54	7.4	--	10	7400	买盘
13:57:42	7.4	--	10	7400	买盘
13:57:09	7.4	--	1	740	买盘
13:57:03	7.4	--	3	2220	买盘
13:57:00	7.4	--	78	57720	买盘
13:56:51	7.4	0.01	31	22940	买盘
13:56:42	7.39	--	20	14780	卖盘
13:56:36	7.39	-0.01	10	7390	卖盘
13:56:27	7.4	--	10	7400	买盘
13:56:21	7.4	0.01	13	9620	买盘
13:56:06	7.39	--	25	18475	卖盘
13:55:57	7.39	-0.01	6	4434	卖盘
13:55:54	7.4	--	25	18500	买盘
13:55:51	7.4	--	100	74000	买盘
13:55:21	7.4	0.01	7	5180	买盘
13:55:09	7.39	-0.01	10	7390	卖盘
13:54:42	7.4	0.01	5	3700	买盘
13:54:39	7.39	-0.01	17	12563	卖盘
13:54:30	7.4	--	19	14060	买盘
13:54:21	7.4	--	63	46620	买盘
13:54:15	7.4	--	15	11100	买盘
13:54:03	7.4	--	3	2220	买盘
13:53:57	7.4	--	30	22200	卖盘
13:53:45	7.4	--	118	87320	买盘
13:53:21	7.4	--	30	22200	买盘
13:53:06	7.4	--	90	66600	卖盘
13:52:42	7.4	--	19	14060	卖盘
13:52:39	7.4	--	16	11840	卖盘
13:52:30	7.4	--	20	14800	卖盘
13:52:12	7.4	--	100	74000	卖盘
13:52:00	7.4	--	5	3700	卖盘
13:51:36	7.4	--	10	7400	卖盘
13:51:30	7.4	--	35	25900	买盘
13:51:27	7.4	--	90	66600	买盘
13:51:18	7.4	--	75	55500	卖盘
13:51:09	7.4	--	20	14800	卖盘
13:51:00	7.4	--	16	11840	买盘
13:50:33	7.4	--	4	2960	买盘
13:50:06	7.4	--	20	14800	买盘
13:50:03	7.4	--	200	148000	买盘
13:49:48	7.4	--	19	14060	买盘
13:49:24	7.4	0.01	14	10360	买盘
13:49:09	7.39	--	100	73900	卖盘
13:49:00	7.39	-0.01	9	6651	卖盘
13:48:36	7.4	0.01	6	4440	买盘
13:48:18	7.39	--	10	7390	卖盘
13:48:09	7.39	--	10	7390	卖盘
13:47:57	7.39	-0.01	1	739	卖盘
13:47:45	7.4	--	217	160580	买盘
13:47:33	7.4	-0.01	1	740	卖盘
13:47:27	7.41	0.01	10	7410	买盘
13:47:18	7.4	-0.01	100	74000	卖盘
13:47:15	7.41	0.01	10	7410	买盘
13:47:09	7.4	--	20	14800	卖盘
13:46:48	7.4	--	149	110260	卖盘
13:46:33	7.4	--	100	74000	卖盘
13:46:30	7.4	--	20	14800	卖盘
13:46:12	7.4	--	204	150960	买盘
13:46:06	7.4	--	105	77700	买盘
13:45:51	7.4	--	10	7400	买盘
13:45:39	7.4	--	20	14800	买盘
13:45:30	7.4	0.02	600	444000	买盘
13:45:21	7.38	-0.02	1000	738000	卖盘
13:45:15	7.4	0.01	2	1480	买盘
13:45:12	7.39	--	10	7390	卖盘
13:45:09	7.39	-0.01	145	107155	卖盘
13:44:33	7.4	0.01	2	1480	买盘
13:44:06	7.39	--	10	7390	卖盘
13:43:51	7.39	-0.01	20	14780	卖盘
13:43:48	7.4	--	20	14800	买盘
13:43:33	7.4	--	10	7400	买盘
13:43:18	7.4	0.01	30	22200	买盘
13:43:12	7.39	--	10	7390	卖盘
13:43:00	7.39	--	210	155190	卖盘
13:42:54	7.39	0.01	119	87941	买盘
13:42:45	7.38	--	5	3690	卖盘
13:42:30	7.38	--	2	1476	卖盘
13:42:03	7.38	-0.01	5	3690	卖盘
13:41:54	7.39	--	20	14780	买盘
13:41:48	7.39	--	20	14780	买盘
13:41:45	7.39	--	57	42123	买盘
13:41:33	7.39	--	20	14780	买盘
13:41:09	7.39	0.01	20	14780	买盘
13:40:57	7.38	-0.01	7	5166	卖盘
13:40:54	7.39	--	3	2217	买盘
13:40:51	7.39	0.01	198	146322	买盘
13:39:48	7.38	-0.01	10	7380	卖盘
13:39:12	7.39	--	51	37689	卖盘
13:38:54	7.39	-0.01	25	18475	中性盘
13:38:42	7.4	0.02	60	44400	买盘
13:38:27	7.38	-0.01	36	26568	卖盘
13:38:24	7.39	--	40	29560	卖盘
13:37:54	7.39	--	10	7390	卖盘
13:37:51	7.39	--	23	17462	买盘
13:37:42	7.39	--	29	21431	买盘
13:37:39	7.39	0.01	30	22170	买盘
13:37:30	7.38	--	25	18450	卖盘
13:37:21	7.38	--	818	603684	卖盘
13:37:03	7.38	--	20	14760	卖盘
13:37:00	7.38	-0.01	6	4428	卖盘
13:36:45	7.39	--	48	35472	买盘
13:36:39	7.39	0.01	248	183272	买盘
13:36:33	7.38	--	10	7380	卖盘
13:36:24	7.38	--	21	15498	卖盘
13:35:54	7.38	-0.01	16	11808	卖盘
13:35:48	7.39	--	20	14780	买盘
13:35:33	7.39	--	69	50991	买盘
13:35:30	7.39	0.01	137	101243	买盘
13:35:21	7.38	--	40	29520	卖盘
13:35:09	7.38	-0.01	20	14760	卖盘
13:35:00	7.39	--	30	22170	买盘
13:34:51	7.39	--	6	4707	卖盘
13:34:36	7.39	-0.01	6	4434	卖盘
13:34:33	7.4	0.01	100	74000	买盘
13:34:12	7.39	--	1010	746390	卖盘
13:34:03	7.39	--	200	147800	卖盘
13:33:36	7.39	--	5	3695	卖盘
13:32:15	7.39	-0.01	15	11085	卖盘
13:32:09	7.4	0.01	10	7400	买盘
13:31:54	7.39	-0.01	20	14780	卖盘
13:31:39	7.4	--	8	5920	买盘
13:31:24	7.4	--	12	8880	买盘
13:31:06	7.4	--	10	7400	买盘
13:31:00	7.4	0.01	6	4440	买盘
13:30:51	7.39	-0.01	91	67249	卖盘
13:30:36	7.4	0.01	9	6660	买盘
13:30:03	7.39	--	30	22170	卖盘
13:29:39	7.39	--	1	739	卖盘
13:29:09	7.39	-0.01	353	261332	卖盘
13:29:03	7.4	0.01	186	137640	买盘
13:29:00	7.39	--	18	13302	卖盘
13:28:42	7.39	-0.01	20	14780	卖盘
13:28:36	7.4	--	116	85840	买盘
13:28:24	7.4	0.01	190	140600	买盘
13:28:18	7.39	--	8	5912	卖盘
13:28:15	7.39	--	20	14780	卖盘
13:28:09	7.39	--	77	56903	卖盘
13:28:03	7.39	--	80	59120	卖盘
13:27:57	7.39	--	138	101982	卖盘
13:27:54	7.39	--	10	7390	卖盘
13:27:48	7.39	--	50	36950	卖盘
13:27:42	7.39	--	14	10346	卖盘
13:27:33	7.39	--	1	739	卖盘
13:27:30	7.39	--	10	7390	卖盘
13:27:24	7.39	-0.01	30	22170	卖盘
13:27:09	7.4	--	10	7400	买盘
13:27:06	7.4	--	2	1480	买盘
13:27:03	7.4	--	3	2220	买盘
13:27:00	7.4	--	4	2960	买盘
13:26:42	7.4	--	456	337440	卖盘
13:26:30	7.4	--	10	7400	卖盘
13:26:18	7.4	-0.01	50	37000	卖盘
13:25:54	7.41	0.01	13	9633	买盘
13:25:36	7.4	--	3	2220	卖盘
13:25:30	7.4	--	46	34040	卖盘
13:25:00	7.4	--	4	2960	卖盘
13:24:51	7.4	-0.01	6	4440	卖盘
13:24:48	7.41	0.01	200	148200	买盘
13:24:39	7.4	--	4	2960	卖盘
13:24:33	7.4	--	46	34040	卖盘
13:23:51	7.4	--	20	14800	卖盘
13:23:45	7.4	--	31	22940	卖盘
13:23:36	7.4	--	8	5920	卖盘
13:23:18	7.4	--	20	14800	卖盘
13:23:03	7.4	--	20	14800	卖盘
13:23:00	7.4	--	10	7400	卖盘
13:22:54	7.4	-0.01	21	15540	卖盘
13:22:51	7.41	--	8	5928	买盘
13:22:27	7.41	--	50	37050	买盘
13:22:21	7.41	--	31	22971	卖盘
13:22:18	7.41	--	14	10374	卖盘
13:22:15	7.41	--	4	2964	卖盘
13:22:12	7.41	--	5	3705	卖盘
13:21:42	7.41	--	24	17784	买盘
13:21:39	7.41	--	2	1482	买盘
13:21:36	7.41	--	74	54834	卖盘
13:21:18	7.41	-0.01	19	14079	卖盘
13:21:15	7.42	0.01	11	8162	买盘
13:21:03	7.41	-0.01	50	37050	卖盘
13:21:00	7.42	0.01	17	12614	买盘
13:20:51	7.41	--	2	1482	卖盘
13:20:39	7.41	0.01	15	11115	买盘
13:20:36	7.4	-0.01	50	37000	卖盘
13:20:21	7.41	-0.01	35	25935	中性盘
13:20:06	7.42	0.01	415	307930	买盘
13:19:51	7.41	--	3	2223	买盘
13:19:48	7.41	--	329	244137	卖盘
13:19:45	7.41	--	8	5928	卖盘
13:19:36	7.41	-0.01	10	7410	卖盘
13:19:33	7.42	0.01	10	7420	买盘
13:19:00	7.41	--	2	1482	卖盘
13:18:57	7.41	--	20	14820	卖盘
13:18:24	7.41	--	220	163020	卖盘
13:18:18	7.41	--	5	3705	卖盘
13:18:12	7.41	-0.01	20	14820	卖盘
13:18:06	7.42	0.01	10	7420	买盘
13:17:57	7.41	--	5	3705	卖盘
13:17:45	7.41	0.01	133	98945	买盘
13:17:36	7.4	--	4	2960	卖盘
13:17:24	7.4	--	3	2220	卖盘
13:17:18	7.4	--	10	7400	卖盘
13:17:12	7.4	--	33	24420	卖盘
13:16:54	7.4	--	60	44400	卖盘
13:16:48	7.4	-0.01	100	74000	卖盘
13:16:36	7.41	--	20	14820	买盘
13:16:30	7.41	--	186	137826	买盘
13:15:51	7.41	--	54	40014	买盘
13:15:48	7.41	--	158	117426	卖盘
13:15:30	7.41	--	103	76323	卖盘
13:15:15	7.41	--	6	4446	卖盘
13:15:06	7.41	-0.01	10	7410	卖盘
13:15:03	7.42	0.01	27	20034	买盘
13:14:51	7.41	--	27	20007	卖盘
13:14:48	7.41	--	20	14820	卖盘
13:14:39	7.41	--	2	1482	卖盘
13:14:27	7.41	--	40	29640	卖盘
13:14:18	7.41	-0.01	45	33345	卖盘
13:14:09	7.42	--	26	19292	买盘
13:14:00	7.42	--	100	74200	买盘
13:13:45	7.42	0.01	8	5936	买盘
13:13:21	7.41	-0.01	240	177840	卖盘
13:13:15	7.42	0.01	110	81620	买盘
13:13:03	7.41	-0.01	10	7410	卖盘
13:12:51	7.42	0.01	1	742	买盘
13:12:36	7.41	-0.01	137	101517	卖盘
13:12:30	7.42	--	25	18550	买盘
13:12:27	7.42	--	6	4452	买盘
13:12:24	7.42	0.01	8	5936	买盘
13:12:09	7.41	-0.01	5	3705	卖盘
13:12:03	7.42	--	35	25970	买盘
13:12:00	7.42	--	3	2226	买盘
13:11:54	7.42	0.01	32	23744	买盘
13:11:33	7.41	--	1	741	卖盘
13:11:21	7.41	--	10	7410	卖盘
13:11:12	7.41	--	139	103391	买盘
13:10:48	7.41	0.01	76	56316	买盘
13:10:45	7.4	-0.01	1	740	卖盘
13:10:36	7.41	--	30	22230	买盘
13:10:33	7.41	0.01	2	1482	买盘
13:10:30	7.4	-0.01	15	11100	卖盘
13:10:18	7.41	0.01	30	22230	买盘
13:09:54	7.4	-0.01	10	7400	卖盘
13:09:24	7.41	0.01	1	741	买盘
13:09:15	7.4	-0.01	53	39220	卖盘
13:09:12	7.41	0.01	20	14820	买盘
13:08:42	7.4	-0.01	2	1480	卖盘
13:08:36	7.41	--	15	11115	买盘
13:08:27	7.41	--	100	74100	买盘
13:08:24	7.41	--	3	2223	买盘
13:07:42	7.41	--	4	2964	买盘
13:07:33	7.41	0.01	2	1482	买盘
13:07:21	7.4	--	5	3700	卖盘
13:07:12	7.4	--	4	2960	卖盘
13:06:57	7.4	--	25	18500	卖盘
13:06:45	7.4	--	10	7400	卖盘
13:06:42	7.4	--	50	37000	卖盘
13:06:36	7.4	--	85	62900	卖盘
13:06:18	7.4	--	14	10360	卖盘
13:06:15	7.4	--	5	3700	卖盘
13:06:12	7.4	-0.01	7	5180	卖盘
13:05:54	7.41	--	96	71136	买盘
13:05:48	7.41	0.01	42	31122	买盘
13:05:36	7.4	-0.01	14	10360	卖盘
13:04:48	7.41	0.01	150	111150	买盘
13:04:30	7.4	-0.01	10	7400	卖盘
13:04:27	7.41	0.01	25	18525	买盘
13:04:24	7.4	--	198	146520	卖盘
13:03:54	7.4	-0.01	2	1480	卖盘
13:03:45	7.41	0.01	3	2223	买盘
13:03:42	7.4	--	28	20720	卖盘
13:03:39	7.4	-0.01	15	11100	卖盘
13:03:18	7.41	--	7	5187	买盘
13:03:00	7.41	--	60	44460	买盘
13:02:33	7.41	--	20	14820	买盘
13:02:18	7.41	--	9	6669	买盘
13:02:15	7.41	--	5	3705	买盘
13:02:03	7.41	--	177	131505	卖盘
13:02:00	7.41	--	10	7410	卖盘
13:00:39	7.41	--	49	36701	买盘
13:00:12	7.41	0.01	16	11856	买盘
13:00:09	7.4	-0.01	294	217907	卖盘
13:00:06	7.41	-0.01	374	277134	卖盘
13:00:03	7.42	--	0	0	买盘
11:30:03	7.42	--	0	0	买盘
11:30:00	7.42	--	1	742	买盘
11:29:57	7.42	0.01	30	22260	买盘
11:29:45	7.41	--	21	15561	卖盘
11:29:36	7.41	-0.01	100	74100	卖盘
11:29:30	7.42	0.01	15	11130	买盘
11:29:15	7.41	--	1	741	卖盘
11:28:54	7.41	--	27	20007	卖盘
11:28:42	7.41	--	21	15561	卖盘
11:28:39	7.41	--	5	3705	卖盘
11:28:24	7.41	--	48	35568	卖盘
11:28:18	7.41	--	15	11115	卖盘
11:28:09	7.41	--	37	27417	卖盘
11:28:06	7.41	--	4	2964	卖盘
11:28:00	7.41	--	50	37050	卖盘
11:27:51	7.41	--	30	22230	卖盘
11:27:24	7.41	--	50	37050	卖盘
11:27:15	7.41	-0.01	359	266019	卖盘
11:27:09	7.42	0.01	14	10388	买盘
11:27:06	7.41	-0.01	500	370500	卖盘
11:26:54	7.42	0.01	29	21518	买盘
11:26:36	7.41	--	1	741	卖盘
11:26:24	7.41	--	22	16302	卖盘
11:26:21	7.41	--	5	3705	卖盘
11:26:09	7.41	--	1	741	卖盘
11:26:03	7.41	--	11	8543	买盘
11:25:54	7.41	--	62	45942	买盘
11:25:51	7.41	--	181	134121	买盘
11:25:30	7.41	--	120	88920	买盘
11:25:12	7.41	--	81	60021	买盘
11:25:00	7.41	-0.01	53	39273	卖盘
11:24:57	7.42	--	16	11872	买盘
11:24:54	7.42	0.01	30	22260	买盘
11:24:51	7.41	--	127	94107	卖盘
11:24:48	7.41	--	43	31863	卖盘
11:24:39	7.41	--	125	92625	卖盘
11:24:33	7.41	--	77	57057	买盘
11:24:18	7.41	--	57	42237	买盘
11:24:06	7.41	0.01	45	33345	买盘
11:24:03	7.4	-0.01	57	42180	卖盘
11:23:54	7.41	--	171	126711	买盘
11:23:48	7.41	--	3	2223	买盘
11:23:45	7.41	--	265	196365	买盘
11:23:39	7.41	--	10	7410	买盘
11:23:33	7.41	--	31	22971	买盘
11:23:30	7.41	--	102	75582	买盘
11:23:24	7.41	--	84	62244	买盘
11:23:18	7.41	0.01	50	37050	买盘
11:23:15	7.4	--	8	5920	卖盘
11:23:06	7.4	-0.01	5	3700	卖盘
11:23:00	7.41	0.01	47	34827	买盘
11:22:57	7.4	0.01	20	14800	中性盘
11:22:54	7.39	--	48	35472	买盘
11:22:48	7.39	--	53	39167	卖盘
11:22:45	7.39	--	707	522473	卖盘
11:22:33	7.39	-0.01	2	1478	卖盘
11:22:27	7.4	--	26	19240	买盘
11:22:24	7.4	0.01	10	7400	买盘
11:22:21	7.39	-0.01	10	7390	卖盘
11:22:09	7.4	--	34	25160	买盘
11:22:06	7.4	--	15	11100	买盘
11:22:03	7.4	--	95	70300	买盘
11:22:00	7.4	--	42	31080	买盘
11:21:57	7.4	--	187	138380	卖盘
11:21:54	7.4	-0.01	74	54760	卖盘
11:21:51	7.41	--	86	63726	买盘
11:21:48	7.41	0.01	95	70395	买盘
11:21:42	7.4	--	35	25900	卖盘
11:21:39	7.4	--	378	279720	卖盘
11:21:36	7.4	--	119	88060	卖盘
11:21:30	7.4	0.01	30	22200	中性盘
11:21:18	7.39	-0.01	120	88680	卖盘
11:21:09	7.4	0.01	5	3700	卖盘
11:21:06	7.39	--	200	147800	卖盘
11:20:57	7.39	-0.01	119	87941	卖盘
11:20:54	7.4	--	18	13320	买盘
11:20:51	7.4	--	50	37000	买盘
11:20:45	7.4	--	128	94720	买盘
11:20:42	7.4	0.01	31	22940	买盘
11:20:39	7.39	-0.01	100	73900	卖盘
11:20:27	7.4	--	24	17760	买盘
11:20:24	7.4	--	1	740	买盘
11:20:18	7.4	-0.01	31	22940	卖盘
11:20:15	7.41	0.01	1	741	买盘
11:20:09	7.4	--	60	44400	卖盘
11:19:57	7.4	--	5	3700	卖盘
11:19:51	7.4	--	51	37740	卖盘
11:19:48	7.4	-0.01	343	253820	卖盘
11:19:39	7.41	--	49	36309	买盘
11:19:24	7.41	0.01	70	51870	买盘
11:19:15	7.4	-0.01	534	395160	卖盘
11:19:12	7.41	--	50	37050	卖盘
11:19:06	7.41	--	20	14820	卖盘
11:18:57	7.41	--	20	14820	卖盘
11:18:48	7.41	--	11	8151	卖盘
11:18:39	7.41	--	202	149682	买盘
11:18:33	7.41	--	5	3705	买盘
11:18:24	7.41	-0.01	351	260091	卖盘
11:18:15	7.42	0.01	79	58618	买盘
11:18:09	7.41	-0.01	74	54834	卖盘
11:18:06	7.42	-0.01	10	7420	卖盘
11:18:00	7.43	--	36	26748	买盘
11:17:57	7.43	0.01	655	486665	买盘
11:17:51	7.42	--	20	14840	卖盘
11:17:45	7.42	0.01	279	207018	买盘
11:17:36	7.41	-0.01	23	17043	卖盘
11:17:30	7.42	--	39	28938	卖盘
11:17:27	7.42	--	20	14840	卖盘
11:17:24	7.42	--	239	177338	买盘
11:17:21	7.42	--	10	7420	买盘
11:17:18	7.42	--	410	304220	卖盘
11:17:15	7.42	-0.01	100	74200	卖盘
11:17:03	7.43	--	5	3715	买盘
11:16:57	7.43	-0.01	505	375757	卖盘
11:16:54	7.44	--	506	376464	买盘
11:16:48	7.44	0.01	10	7440	买盘
11:16:45	7.43	--	30	22290	卖盘
11:16:39	7.43	-0.01	390	289770	卖盘
11:16:36	7.44	--	38	28272	卖盘
11:16:30	7.44	--	380	282720	买盘
11:16:27	7.44	--	55	40920	买盘
11:16:24	7.44	--	10	7440	买盘
11:16:18	7.44	--	34	25296	买盘
11:16:15	7.44	--	5	3720	买盘
11:16:12	7.44	--	61	45384	买盘
11:16:09	7.44	0.01	231	171864	买盘
11:16:06	7.43	-0.02	154	114422	卖盘
11:16:03	7.45	0.01	399	297255	买盘
11:16:00	7.44	0.01	552	410888	买盘
11:15:57	7.43	--	150	111450	卖盘
11:15:54	7.43	--	235	174605	卖盘
11:15:51	7.43	--	307	228101	卖盘
11:15:48	7.43	--	20	14860	卖盘
11:15:42	7.43	-0.01	66	49038	卖盘
11:15:39	7.44	0.01	52	38688	买盘
11:15:36	7.43	--	43	31949	卖盘
11:15:33	7.43	-0.01	20	14860	卖盘
11:15:30	7.44	0.01	74	55056	买盘
11:15:27	7.43	--	250	185750	买盘
11:15:24	7.43	0.01	20	14860	买盘
11:15:21	7.42	-0.01	20	14840	卖盘
11:15:18	7.43	-0.01	4	2972	中性盘
11:15:12	7.44	0.01	500	372000	买盘
11:15:09	7.43	--	105	78015	买盘
11:15:06	7.43	-0.01	130	96590	卖盘
11:15:03	7.44	0.01	171	127224	买盘
11:15:00	7.43	--	82	60926	卖盘
11:14:57	7.43	-0.01	130	96590	卖盘
11:14:54	7.44	--	32	23808	买盘
11:14:51	7.44	--	372	276768	买盘
11:14:48	7.44	--	184	136896	买盘
11:14:45	7.44	0.01	214	159216	买盘
11:14:42	7.43	--	159	118137	卖盘
11:14:39	7.43	--	21	15603	卖盘
11:14:36	7.43	--	4	2972	卖盘
11:14:33	7.43	-0.01	10	7430	卖盘
11:14:30	7.44	0.01	134	99696	买盘
11:14:27	7.43	-0.01	150	111450	卖盘
11:14:24	7.44	--	47	34968	买盘
11:14:18	7.44	0.01	92	68448	买盘
11:14:12	7.43	--	249	185007	买盘
11:14:09	7.43	--	330	245190	买盘
11:14:06	7.43	--	179	132997	买盘
11:14:03	7.43	--	115	85445	买盘
11:14:00	7.43	0.01	24	17832	买盘
11:13:57	7.42	-0.01	93	69006	卖盘
11:13:54	7.43	0.01	223	165689	买盘
11:13:51	7.42	--	351	260442	卖盘
11:13:48	7.42	--	63	46746	卖盘
11:13:45	7.42	--	613	454846	买盘
11:13:42	7.42	--	540	400680	买盘
11:13:39	7.42	--	80	59360	买盘
11:13:36	7.42	--	46	34132	买盘
11:13:33	7.42	--	118	87556	买盘
11:13:30	7.42	--	123	91266	买盘
11:13:21	7.42	0.01	20	14840	买盘
11:13:18	7.41	--	246	182286	买盘
11:13:15	7.41	--	218	161538	买盘
11:13:12	7.41	--	83	61503	买盘
11:13:09	7.41	0.01	160	118560	买盘
11:13:03	7.4	-0.01	115	85100	卖盘
11:13:00	7.41	0.01	37	27417	买盘
11:12:57	7.4	--	631	466940	买盘
11:12:54	7.4	--	998	738520	买盘
11:12:51	7.4	--	2001	1480740	买盘
11:12:48	7.4	0.01	24	17760	买盘
11:12:39	7.39	--	984	727176	买盘
11:12:36	7.39	--	492	363588	买盘
11:12:33	7.39	--	53	39167	买盘
11:12:30	7.39	--	14	10346	买盘
11:12:27	7.39	--	7	5173	买盘
11:12:24	7.39	0.01	459	339201	买盘
11:12:18	7.38	--	201	148338	买盘
11:12:15	7.38	0.01	1041	768258	买盘
11:12:03	7.37	--	1688	1244056	买盘
11:12:00	7.37	--	2010	1481370	买盘
11:11:57	7.37	0.01	102	75174	买盘
11:11:42	7.36	0.01	1159	853583	买盘
11:11:27	7.35	--	2992	2199458	买盘
11:11:15	7.35	0.01	424	311640	买盘
11:11:03	7.34	-0.01	43	31562	卖盘
11:10:54	7.35	--	12	8820	买盘
11:10:42	7.35	0.01	240	176400	买盘
11:10:39	7.34	--	20	14680	卖盘
11:10:24	7.34	--	300	220200	卖盘
11:10:18	7.34	-0.01	162	118908	卖盘
11:10:15	7.35	0.01	89	65415	买盘
11:09:51	7.34	--	44	32296	卖盘
11:09:36	7.34	--	5	3670	卖盘
11:09:30	7.34	--	100	73400	卖盘
11:09:27	7.34	--	163	119642	卖盘
11:09:21	7.34	-0.01	10	7340	卖盘
11:09:18	7.35	--	10	7350	买盘
11:09:03	7.35	--	13	9555	买盘
11:09:00	7.35	--	97	71295	买盘
11:08:54	7.35	--	467	343641	卖盘
11:08:33	7.35	--	16	11760	卖盘
11:08:30	7.35	--	42	31208	买盘
11:08:24	7.35	--	72	52920	买盘
11:08:21	7.35	0.01	123	90405	买盘
11:08:09	7.34	-0.01	4	2936	卖盘
11:08:00	7.35	--	143	105105	买盘
11:07:48	7.35	--	711	522585	买盘
11:07:39	7.35	0.01	265	194775	买盘
11:07:36	7.34	--	47	34498	卖盘
11:07:30	7.34	--	70	51380	卖盘
11:07:24	7.34	--	2	1468	卖盘
11:07:18	7.34	--	34	24956	卖盘
11:06:42	7.34	--	2	1468	卖盘
11:06:39	7.34	--	1	734	卖盘
11:06:18	7.34	-0.01	7	5138	卖盘
11:06:00	7.35	--	13	9555	买盘
11:05:42	7.35	0.01	30	22050	买盘
11:05:36	7.34	-0.01	5	3670	卖盘
11:05:33	7.35	0.01	50	36750	买盘
11:05:30	7.34	-0.01	10	7340	卖盘
11:05:27	7.35	0.01	6	4410	买盘
11:05:21	7.34	--	40	29360	卖盘
11:05:12	7.34	-0.01	15	11010	卖盘
11:05:09	7.35	0.01	40	29400	买盘
11:05:03	7.34	--	22	16148	卖盘
11:05:00	7.34	--	263	193042	卖盘
11:04:36	7.34	-0.01	80	58720	卖盘
11:04:24	7.35	0.01	4	2940	买盘
11:04:15	7.34	--	820	601880	卖盘
11:04:06	7.34	--	88	64592	卖盘
11:04:00	7.34	--	26	19084	卖盘
11:03:57	7.34	-0.01	16	11744	卖盘
11:03:27	7.35	-0.01	124	91140	卖盘
11:03:24	7.36	0.01	320	235520	买盘
11:03:15	7.35	--	25	18375	卖盘
11:03:09	7.35	--	10	7350	卖盘
11:02:51	7.35	--	234	171990	卖盘
11:02:36	7.35	--	106	77910	卖盘
11:02:09	7.35	-0.01	51	37485	卖盘
11:02:06	7.36	0.01	10	7360	买盘
11:01:51	7.35	--	30	22050	卖盘
11:01:48	7.35	--	41	30135	卖盘
11:01:12	7.35	-0.01	25	18375	卖盘
11:01:09	7.36	0.01	20	14720	买盘
11:01:03	7.35	-0.01	26	19110	卖盘
11:01:00	7.36	0.01	100	73600	买盘
11:00:57	7.35	--	26	19110	卖盘
11:00:54	7.35	--	21	15435	卖盘
11:00:42	7.35	--	74	54390	卖盘
11:00:15	7.35	--	1	735	买盘
10:59:51	7.35	--	21	15435	买盘
10:59:48	7.35	--	78	57330	卖盘
10:59:45	7.35	--	7	5145	卖盘
10:59:42	7.35	--	33	24255	卖盘
10:59:30	7.35	--	415	305025	卖盘
10:59:21	7.35	-0.01	5	3675	卖盘
10:59:18	7.36	--	166	122176	买盘
10:59:06	7.36	0.01	20	14720	买盘
10:59:00	7.35	-0.01	15	11025	卖盘
10:58:54	7.36	0.01	10	7360	买盘
10:58:51	7.35	--	625	459375	卖盘
10:58:45	7.35	--	10	7350	卖盘
10:58:36	7.35	--	60	44100	卖盘
10:58:33	7.35	--	38	27930	卖盘
10:58:27	7.35	--	25	18375	卖盘
10:58:21	7.35	--	15	11025	卖盘
10:58:09	7.35	--	20	14700	卖盘
10:58:06	7.35	-0.01	199	146265	卖盘
10:57:51	7.36	0.01	100	73600	买盘
10:57:48	7.35	-0.01	13	9555	卖盘
10:57:45	7.36	0.01	200	147200	买盘
10:57:21	7.35	--	14	10290	买盘
10:57:15	7.35	--	170	124950	买盘
10:57:12	7.35	--	20	14700	买盘
10:57:03	7.35	--	686	504210	卖盘
10:57:00	7.35	--	64	47040	卖盘
10:56:09	7.35	-0.01	20	14700	卖盘
10:56:06	7.36	--	57	41952	买盘
10:55:57	7.36	--	2	1472	买盘
10:55:42	7.36	--	1	736	买盘
10:55:36	7.36	--	50	36800	买盘
10:55:27	7.36	--	2	1472	买盘
10:55:24	7.36	--	50	36800	买盘
10:55:21	7.36	--	20	14720	买盘
10:55:18	7.36	--	28	20608	买盘
10:55:15	7.36	0.01	30	22080	买盘
10:55:12	7.35	-0.01	18	13230	卖盘
10:55:09	7.36	0.01	16	11776	买盘
10:55:00	7.35	--	7	5145	卖盘
10:54:33	7.35	-0.01	11	8085	卖盘
10:54:27	7.36	0.01	6	4416	买盘
10:54:12	7.35	--	8	5880	卖盘
10:54:06	7.35	-0.01	15	11025	卖盘
10:54:03	7.36	0.01	1	736	买盘
10:54:00	7.35	--	10	7350	买盘
10:53:57	7.35	--	164	120540	买盘
10:53:51	7.35	--	30	22050	买盘
10:53:45	7.35	0.01	1	735	买盘
10:53:39	7.34	-0.02	170	124780	卖盘
10:53:36	7.36	0.01	265	195040	买盘
10:53:24	7.35	--	4	2940	买盘
10:53:21	7.35	--	34	24990	卖盘
10:53:06	7.35	--	18	13230	买盘
10:52:51	7.35	--	23	16905	卖盘
10:52:45	7.35	--	41	30135	卖盘
10:52:30	7.35	0.01	311	228585	买盘
10:52:06	7.34	--	11	8074	卖盘
10:52:03	7.34	--	100	73400	卖盘
10:51:45	7.34	--	6	4404	卖盘
10:51:30	7.34	-0.01	17	12478	卖盘
10:51:24	7.35	0.01	29	21315	买盘
10:51:15	7.34	--	14	10276	卖盘
10:51:12	7.34	--	10	7340	卖盘
10:51:00	7.34	-0.01	20	14680	卖盘
10:50:51	7.35	--	100	73500	买盘
10:50:42	7.35	--	23	16905	买盘
10:50:27	7.35	--	100	73500	买盘
10:50:24	7.35	0.01	10	7350	买盘
10:50:12	7.34	--	12	8808	卖盘
10:50:09	7.34	--	77	56518	卖盘
10:50:03	7.34	--	68	49912	卖盘
10:50:00	7.34	--	20	14680	卖盘
10:49:54	7.34	--	30	22020	买盘
10:49:48	7.34	0.01	275	201850	买盘
10:49:39	7.33	--	20	14660	卖盘
10:49:36	7.33	--	23	16859	卖盘
10:49:33	7.33	--	23	16859	卖盘
10:49:24	7.33	--	40	29320	卖盘
10:49:21	7.33	-0.01	64	46912	卖盘
10:49:15	7.34	0.01	22	16148	买盘
10:48:51	7.33	-0.02	255	186915	卖盘
10:48:39	7.35	--	52	38220	买盘
10:48:21	7.35	--	10	7350	买盘
10:48:15	7.35	0.01	174	127890	买盘
10:48:12	7.34	-0.01	4	2936	卖盘
10:48:09	7.35	0.01	21	15435	买盘
10:48:06	7.34	-0.01	10	7340	卖盘
10:47:54	7.35	--	69	50715	买盘
10:47:51	7.35	--	55	40425	买盘
10:47:48	7.35	--	2	1470	买盘
10:47:42	7.35	--	833	612255	卖盘
10:47:36	7.35	--	172	126420	卖盘
10:47:27	7.35	--	51	37485	卖盘
10:47:24	7.35	--	189	138915	卖盘
10:47:18	7.35	--	50	36750	卖盘
10:47:15	7.35	-0.01	7	5145	卖盘
10:47:03	7.36	0.01	27	19872	买盘
10:47:00	7.35	-0.01	87	63945	卖盘
10:46:54	7.36	0.01	5	3680	买盘
10:46:39	7.35	--	278	204330	卖盘
10:46:36	7.35	--	45	33075	卖盘
10:46:33	7.35	--	259	190365	卖盘
10:46:21	7.35	--	9	6615	卖盘
10:46:15	7.35	-0.01	5	3675	卖盘
10:45:51	7.36	--	269	197984	卖盘
10:45:48	7.36	-0.01	22	16192	卖盘
10:45:39	7.37	0.01	1	737	买盘
10:45:33	7.36	-0.01	500	368000	卖盘
10:45:30	7.37	--	122	89914	买盘
10:45:24	7.37	--	77	56749	买盘
10:45:09	7.37	--	127	93599	卖盘
10:44:45	7.37	-0.01	45	33165	卖盘
10:44:42	7.38	0.01	142	104796	买盘
10:44:24	7.37	-0.01	27	19899	卖盘
10:44:15	7.38	0.01	265	195570	买盘
10:44:09	7.37	--	151	111287	买盘
10:44:03	7.37	0.01	5	3685	买盘
10:43:45	7.36	--	20	14720	卖盘
10:43:39	7.36	-0.01	5	3680	卖盘
10:43:36	7.37	0.01	97	71489	买盘
10:43:27	7.36	-0.01	11	8096	卖盘
10:43:24	7.37	--	23	16951	买盘
10:43:15	7.37	--	27	19899	买盘
10:43:09	7.37	--	10	7370	买盘
10:42:21	7.37	--	251	184987	买盘
10:41:51	7.37	--	42	30954	卖盘
10:41:39	7.37	--	30	22110	卖盘
10:41:30	7.37	--	18	13266	买盘
10:41:15	7.37	0.01	57	42009	买盘
10:41:12	7.36	-0.01	11	8096	卖盘
10:41:03	7.37	0.01	27	19899	买盘
10:41:00	7.36	-0.01	12	8832	卖盘
10:40:54	7.37	--	13	9581	买盘
10:40:30	7.37	0.01	7	5159	买盘
10:39:54	7.36	-0.01	154	113344	卖盘
10:39:42	7.37	--	13	9581	买盘
10:39:39	7.37	--	801	590337	卖盘
10:39:36	7.37	--	250	184250	卖盘
10:39:18	7.37	--	14	10318	卖盘
10:39:12	7.37	-0.01	100	73700	卖盘
10:39:06	7.38	--	10	7380	买盘
10:39:03	7.38	0.01	21	15498	买盘
10:38:51	7.37	--	7	5159	卖盘
10:38:48	7.37	--	22	16214	卖盘
10:38:39	7.37	--	20	14740	卖盘
10:38:18	7.37	--	5	3685	卖盘
10:38:15	7.37	-0.01	79	58223	卖盘
10:38:12	7.38	--	265	195570	买盘
10:38:03	7.38	0.02	170	125460	买盘
10:37:39	7.36	-0.02	20	14720	卖盘
10:37:33	7.38	0.02	5	3690	买盘
10:37:21	7.36	--	5	3680	卖盘
10:37:18	7.36	--	26	19136	卖盘
10:37:03	7.36	--	21	15456	卖盘
10:37:00	7.36	-0.02	16	11776	卖盘
10:36:57	7.38	0.02	265	195570	买盘
10:36:54	7.36	--	5	3680	卖盘
10:36:48	7.36	--	38	27968	卖盘
10:36:42	7.36	--	4	2944	卖盘
10:36:39	7.36	--	11	8096	卖盘
10:36:33	7.36	--	141	103776	买盘
10:36:30	7.36	0.01	41	30176	中性盘
10:36:09	7.35	-0.01	50	36750	卖盘
10:36:06	7.36	--	78	57408	卖盘
10:36:03	7.36	0.01	38	27968	买盘
10:35:54	7.35	-0.01	9	6615	卖盘
10:35:42	7.36	--	695	511520	卖盘
10:35:39	7.36	--	4	2944	卖盘
10:35:30	7.36	--	80	58880	卖盘
10:35:24	7.36	-0.01	1	736	卖盘
10:35:21	7.37	--	415	305855	买盘
10:35:18	7.37	0.01	20	14740	买盘
10:35:15	7.36	--	50	36800	卖盘
10:35:12	7.36	-0.01	26	19136	卖盘
10:35:09	7.37	0.01	79	58223	买盘
10:35:06	7.36	--	40	29440	卖盘
10:35:00	7.36	--	58	42688	卖盘
10:34:57	7.36	--	20	14720	卖盘
10:34:54	7.36	--	30	22080	卖盘
10:34:51	7.36	--	10	7360	卖盘
10:34:48	7.36	--	22	16192	卖盘
10:34:45	7.36	--	5	3680	卖盘
10:34:42	7.36	--	43	31648	卖盘
10:34:39	7.36	--	4	2944	卖盘
10:34:30	7.36	--	40	29440	卖盘
10:34:27	7.36	-0.01	137	100832	卖盘
10:34:24	7.37	0.01	265	195305	买盘
10:34:21	7.36	--	10	7360	卖盘
10:34:18	7.36	--	24	17664	卖盘
10:34:12	7.36	-0.01	39	28704	卖盘
10:34:09	7.37	0.01	30	22110	买盘
10:34:06	7.36	--	20	14720	卖盘
10:34:00	7.36	--	14	10304	卖盘
10:33:57	7.36	-0.01	6	4416	卖盘
10:33:54	7.37	--	11	8107	买盘
10:33:36	7.37	--	244	179828	卖盘
10:33:09	7.37	--	4	2948	卖盘
10:33:06	7.37	--	30	22110	卖盘
10:32:54	7.37	--	299	220363	卖盘
10:32:48	7.37	-0.02	7	5159	卖盘
10:32:45	7.39	0.01	265	195835	买盘
10:32:42	7.38	0.01	443	326934	买盘
10:32:30	7.37	-0.01	24	17688	卖盘
10:32:21	7.38	--	5	3690	卖盘
10:32:18	7.38	--	7	5166	卖盘
10:32:15	7.38	--	28	20664	卖盘
10:32:12	7.38	--	46	33948	卖盘
10:32:09	7.38	--	27	19926	卖盘
10:31:54	7.38	-0.01	45	33210	卖盘
10:31:42	7.39	0.01	15	11085	买盘
10:31:27	7.38	--	35	25830	卖盘
10:31:24	7.38	--	11	8118	卖盘
10:31:15	7.38	--	16	11808	卖盘
10:31:12	7.38	--	394	290772	买盘
10:31:06	7.38	--	265	195570	买盘
10:31:00	7.38	--	1	738	买盘
10:30:42	7.38	0.01	30	22140	买盘
10:30:36	7.37	-0.01	20	14740	卖盘
10:30:30	7.38	--	265	195570	买盘
10:30:18	7.38	0.01	20	14760	买盘
10:30:03	7.37	--	6	4422	卖盘
10:29:57	7.37	-0.01	10	7370	卖盘
10:29:54	7.38	--	50	36900	买盘
10:29:48	7.38	--	332	245016	买盘
10:29:39	7.38	--	5	3690	买盘
10:29:18	7.38	0.01	10	7380	买盘
10:29:06	7.37	--	4	2948	卖盘
10:28:51	7.37	--	30	22110	卖盘
10:28:45	7.37	--	28	20636	卖盘
10:28:39	7.37	-0.01	1	737	卖盘
10:28:36	7.38	0.01	199	146862	买盘
10:28:27	7.37	--	100	73700	卖盘
10:28:12	7.37	--	132	97284	卖盘
10:28:06	7.37	-0.01	23	16951	卖盘
10:28:00	7.38	0.01	186	137268	买盘
10:27:54	7.37	--	17	12529	卖盘
10:27:48	7.37	-0.01	200	147400	卖盘
10:27:39	7.38	0.01	6	4428	买盘
10:27:33	7.37	--	183	134871	卖盘
10:27:30	7.37	-0.01	5	3685	卖盘
10:27:27	7.38	--	71	52398	买盘
10:27:24	7.38	0.01	186	137268	买盘
10:27:21	7.37	-0.01	7	5159	卖盘
10:27:15	7.38	--	14	10332	买盘
10:26:54	7.38	0.01	2	1476	买盘
10:26:45	7.37	-0.01	47	34639	卖盘
10:26:33	7.38	0.01	100	73800	买盘
10:26:24	7.37	-0.01	7	5159	卖盘
10:26:21	7.38	--	186	137268	买盘
10:26:00	7.38	0.01	13	9594	买盘
10:25:54	7.37	--	3	2211	卖盘
10:25:48	7.37	--	8	5896	卖盘
10:25:45	7.37	--	42	30954	卖盘
10:25:39	7.37	--	16	11792	卖盘
10:25:36	7.37	--	20	14740	卖盘
10:25:27	7.37	--	10	7370	卖盘
10:25:21	7.37	--	144	106128	卖盘
10:25:18	7.37	--	60	44220	卖盘
10:25:15	7.37	--	10	7370	卖盘
10:25:09	7.37	--	39	28743	卖盘
10:25:06	7.37	--	2	1474	卖盘
10:25:00	7.37	--	8	5896	卖盘
10:24:51	7.37	--	10	7370	卖盘
10:24:42	7.37	--	41	30217	卖盘
10:24:30	7.37	--	7	5159	卖盘
10:24:21	7.37	-0.01	35	25795	卖盘
10:23:45	7.38	--	30	22140	买盘
10:23:21	7.38	--	155	114390	买盘
10:23:18	7.38	0.01	1	738	买盘
10:23:15	7.37	-0.01	5	3685	卖盘
10:23:09	7.38	0.01	104	76752	买盘
10:23:06	7.37	-0.01	9	6633	卖盘
10:23:00	7.38	--	61	45018	买盘
10:22:54	7.38	--	49	36162	买盘
10:22:51	7.38	0.01	10	7380	买盘
10:22:45	7.37	--	3	2211	卖盘
10:22:42	7.37	--	54	39827	买盘
10:22:33	7.37	--	2	1474	买盘
10:22:27	7.37	--	51	38294	卖盘
10:22:24	7.37	--	70	51590	卖盘
10:22:12	7.37	--	34	25087	买盘
10:22:03	7.37	--	198	145926	买盘
10:21:45	7.37	0.01	3	2211	买盘
10:21:36	7.36	--	20	14720	卖盘
10:21:30	7.36	--	50	36800	卖盘
10:21:18	7.36	--	50	36800	卖盘
10:21:09	7.36	--	1	736	卖盘
10:20:57	7.36	--	20	14720	卖盘
10:20:51	7.36	--	40	29440	卖盘
10:20:48	7.36	--	26	19136	卖盘
10:20:42	7.36	--	3	2208	卖盘
10:20:39	7.36	0.01	45	33120	买盘
10:20:36	7.35	-0.01	5	3675	卖盘
10:20:18	7.36	--	502	369472	卖盘
10:20:15	7.36	--	10	7360	卖盘
10:20:09	7.36	-0.01	20	14720	卖盘
10:20:03	7.37	0.01	96	70752	买盘
10:19:48	7.36	--	418	307648	卖盘
10:19:36	7.36	-0.01	10	7360	卖盘
10:19:30	7.37	--	201	148844	卖盘
10:19:27	7.37	--	43	31691	卖盘
10:19:18	7.37	--	32	23584	卖盘
10:19:15	7.37	-0.01	60	44220	卖盘
10:19:12	7.38	0.01	1	738	买盘
10:19:06	7.37	--	80	58960	卖盘
10:19:00	7.37	-0.01	7	5159	卖盘
10:18:57	7.38	0.01	20	14760	买盘
10:18:54	7.37	--	17	12529	卖盘
10:18:42	7.37	--	40	29480	卖盘
10:18:39	7.37	--	10	7370	卖盘
10:18:33	7.37	--	8	5896	卖盘
10:18:15	7.37	--	20	14740	卖盘
10:18:09	7.37	-0.01	127	93599	卖盘
10:18:03	7.38	0.01	10	7380	买盘
10:18:00	7.37	--	2	1474	卖盘
10:17:51	7.37	-0.01	79	58223	卖盘
10:17:39	7.38	--	20	14760	买盘
10:17:27	7.38	0.01	3	2214	买盘
10:17:18	7.37	-0.01	3	2211	卖盘
10:17:00	7.38	0.01	50	36900	买盘
10:16:57	7.37	--	40	29480	卖盘
10:16:54	7.37	-0.01	30	22110	卖盘
10:16:51	7.38	0.01	28	20664	买盘
10:16:48	7.37	--	6	4422	卖盘
10:16:39	7.37	--	2	1474	卖盘
10:16:33	7.37	-0.01	60	44220	卖盘
10:16:27	7.38	0.01	376	277488	买盘
10:16:24	7.37	--	2	1474	卖盘
10:16:21	7.37	-0.01	120	88440	卖盘
10:16:15	7.38	0.01	2	1476	买盘
10:16:12	7.37	--	7	5159	卖盘
10:16:09	7.37	--	10	7370	卖盘
10:16:06	7.37	--	2	1474	卖盘
10:16:03	7.37	--	37	27298	买盘
10:16:00	7.37	--	375	277082	卖盘
10:15:48	7.37	--	17	12529	卖盘
10:15:36	7.37	--	77	56778	买盘
10:15:21	7.37	--	553	408268	卖盘
10:15:03	7.37	--	5	3685	卖盘
10:14:57	7.37	--	8	5896	卖盘
10:14:54	7.37	--	24	17688	卖盘
10:14:51	7.37	--	103	75911	卖盘
10:14:48	7.37	--	25	18425	卖盘
10:14:36	7.37	--	1	737	卖盘
10:14:30	7.37	-0.01	1	737	卖盘
10:14:24	7.38	--	11	8118	买盘
10:14:18	7.38	-0.01	70	51660	买盘
10:13:45	7.39	0.01	133	98287	买盘
10:13:39	7.38	--	279	205902	卖盘
10:13:33	7.38	--	49	36162	卖盘
10:13:30	7.38	-0.01	50	36900	卖盘
10:13:27	7.39	0.01	2	1478	买盘
10:13:21	7.38	-0.01	20	14760	卖盘
10:13:00	7.39	0.01	133	98287	买盘
10:12:54	7.38	--	10	7380	卖盘
10:12:48	7.38	--	26	19188	卖盘
10:12:36	7.38	--	43	31734	卖盘
10:12:30	7.38	--	50	36900	买盘
10:12:24	7.38	--	61	45018	卖盘
10:12:15	7.38	--	21	15498	卖盘
10:12:09	7.38	--	20	14760	卖盘
10:12:03	7.38	--	10	7380	卖盘
10:12:00	7.38	--	159	117342	卖盘
10:11:57	7.38	--	2	1476	卖盘
10:11:51	7.38	--	6	4428	卖盘
10:11:45	7.38	--	10	7380	卖盘
10:11:33	7.38	--	6	4428	卖盘
10:11:30	7.38	-0.01	40	29520	卖盘
10:11:18	7.39	0.01	48	35472	买盘
10:11:15	7.38	--	20	14760	卖盘
10:11:12	7.38	-0.01	13	9594	卖盘
10:11:06	7.39	0.01	10	7390	买盘
10:10:54	7.38	-0.01	143	105534	卖盘
10:10:42	7.39	--	20	14780	买盘
10:10:27	7.39	0.01	31	22909	买盘
10:10:24	7.38	-0.01	35	25830	卖盘
10:10:18	7.39	--	4	2956	买盘
10:10:09	7.39	--	5	3695	买盘
10:09:57	7.39	--	2	1478	买盘
10:09:51	7.39	0.01	20	14780	买盘
10:09:42	7.38	--	7	5166	卖盘
10:09:39	7.38	-0.01	152	112176	卖盘
10:09:33	7.39	--	30	22170	买盘
10:09:30	7.39	--	10	7390	买盘
10:09:18	7.39	--	133	98287	买盘
10:09:06	7.39	0.01	14	10346	买盘
10:09:03	7.38	-0.01	3	2214	卖盘
10:09:00	7.39	--	1	739	买盘
10:08:57	7.39	--	52	38428	买盘
10:08:48	7.39	--	10	7390	买盘
10:08:39	7.39	0.01	9	6651	买盘
10:08:33	7.38	--	40	29520	卖盘
10:08:21	7.38	--	10	7380	卖盘
10:08:12	7.38	--	20	14760	卖盘
10:08:09	7.38	--	200	147600	卖盘
10:08:06	7.38	--	97	71586	卖盘
10:08:00	7.38	-0.01	54	39852	卖盘
10:07:57	7.39	0.01	7	5173	买盘
10:07:51	7.38	-0.01	8	5904	卖盘
10:07:45	7.39	--	170	125630	买盘
10:07:39	7.39	0.01	133	98287	买盘
10:07:36	7.38	--	27	19926	卖盘
10:07:27	7.38	0.01	20	14760	卖盘
10:07:15	7.37	-0.01	47	34639	卖盘
10:07:09	7.38	--	130	95940	买盘
10:07:06	7.38	--	90	66420	买盘
10:07:00	7.38	-0.01	516	380808	卖盘
10:06:57	7.39	--	128	94592	买盘
10:06:48	7.39	--	175	129325	买盘
10:06:45	7.39	--	6	4434	买盘
10:06:42	7.39	0.01	10	7390	买盘
10:06:39	7.38	--	103	76014	卖盘
10:06:36	7.38	--	140	103320	卖盘
10:06:30	7.38	--	70	51660	卖盘
10:06:27	7.38	-0.01	17	12546	卖盘
10:06:24	7.39	0.01	169	124891	买盘
10:06:21	7.38	--	2	1476	卖盘
10:06:12	7.38	--	2	1476	卖盘
10:06:09	7.38	--	224	165312	卖盘
10:06:06	7.38	-0.01	15	11070	卖盘
10:06:00	7.39	0.01	16	11824	买盘
10:05:27	7.38	--	400	295200	卖盘
10:05:24	7.38	--	7	5166	卖盘
10:05:15	7.38	--	20	14760	卖盘
10:05:12	7.38	--	3	2214	卖盘
10:05:03	7.38	--	20	14760	卖盘
10:04:45	7.38	--	30	22140	卖盘
10:04:39	7.38	--	3	2214	卖盘
10:04:33	7.38	--	16	11808	卖盘
10:04:27	7.38	--	28	20664	卖盘
10:04:18	7.38	--	20	14760	卖盘
10:03:57	7.38	--	100	73800	卖盘
10:03:54	7.38	-0.01	24	17712	卖盘
10:03:48	7.39	0.01	6	4434	买盘
10:03:45	7.38	--	40	29520	卖盘
10:03:33	7.38	--	20	14760	卖盘
10:03:30	7.38	-0.01	26	19188	卖盘
10:03:24	7.39	0.01	190	140410	买盘
10:03:15	7.38	-0.01	8	5904	卖盘
10:03:12	7.39	--	88	65032	买盘
10:03:09	7.39	--	8	5912	买盘
10:03:06	7.39	--	50	36950	买盘
10:03:00	7.39	--	2	1478	买盘
10:02:57	7.39	0.01	150	110850	买盘
10:02:54	7.38	-0.01	18	13284	卖盘
10:02:48	7.39	--	112	82768	买盘
10:02:45	7.39	--	130	96070	买盘
10:02:39	7.39	0.01	399	294861	买盘
10:02:36	7.38	--	271	199998	卖盘
10:02:33	7.38	--	13	9594	卖盘
10:02:24	7.38	-0.01	5	3690	卖盘
10:02:21	7.39	--	80	59120	买盘
10:02:15	7.39	0.01	4	2956	买盘
10:02:09	7.38	--	1	738	卖盘
10:02:06	7.38	-0.01	104	76752	卖盘
10:02:03	7.39	--	1	739	买盘
10:02:00	7.39	0.01	145	107155	买盘
10:01:54	7.38	--	60	44280	卖盘
10:01:51	7.38	-0.01	43	31734	卖盘
10:01:48	7.39	0.01	300	221700	买盘
10:01:45	7.38	--	50	36900	卖盘
10:01:36	7.38	--	89	65682	卖盘
10:01:33	7.38	--	1	738	卖盘
10:01:30	7.38	--	5	3690	卖盘
10:01:27	7.38	--	48	35424	卖盘
10:01:24	7.38	--	13	9594	卖盘
10:01:12	7.38	--	80	59040	卖盘
10:01:03	7.38	-0.01	36	26597	中性盘
10:00:45	7.39	--	50	36950	买盘
10:00:42	7.39	0.02	6	4434	买盘
10:00:39	7.37	-0.02	1010	744370	卖盘
10:00:36	7.39	0.01	126	93114	买盘
10:00:30	7.38	-0.01	134	98892	卖盘
10:00:21	7.39	--	180	133020	买盘
10:00:12	7.39	--	165	121935	卖盘
10:00:09	7.39	--	10	7390	卖盘
10:00:00	7.39	--	50	36950	卖盘
09:59:54	7.39	--	146	107894	买盘
09:59:48	7.39	--	10	7390	买盘
09:59:42	7.39	--	751	554989	买盘
09:59:39	7.39	--	30	22170	买盘
09:59:36	7.39	--	50	36950	买盘
09:59:24	7.39	--	43	31777	买盘
09:59:21	7.39	0.01	29	21431	买盘
09:59:18	7.38	-0.01	26	19188	卖盘
09:59:12	7.39	--	281	207659	买盘
09:58:57	7.39	--	5	3695	买盘
09:58:51	7.39	0.01	6	4434	买盘
09:58:45	7.38	-0.01	200	147600	卖盘
09:58:42	7.39	-0.01	22	16258	卖盘
09:58:39	7.4	0.01	45	33300	买盘
09:58:36	7.39	--	5	3695	卖盘
09:58:33	7.39	--	20	14780	卖盘
09:58:30	7.39	--	242	178838	卖盘
09:58:27	7.39	--	70	51730	卖盘
09:58:24	7.39	--	5	3695	卖盘
09:58:12	7.39	--	20	14780	买盘
09:58:09	7.39	--	89	65771	卖盘
09:58:00	7.39	--	158	116762	买盘
09:57:54	7.39	--	51	37689	买盘
09:57:51	7.39	--	74	54686	买盘
09:57:48	7.39	--	1	739	买盘
09:57:42	7.39	--	61	45079	买盘
09:57:39	7.39	--	1	739	买盘
09:57:36	7.39	--	8	5912	买盘
09:57:33	7.39	--	20	14780	买盘
09:57:30	7.39	-0.01	5	3695	中性盘
09:57:15	7.4	--	14	10360	买盘
09:57:12	7.4	--	121	89540	买盘
09:57:09	7.4	0.01	20	14800	买盘
09:57:03	7.39	-0.01	20	14780	中性盘
09:57:00	7.4	0.02	222	164280	买盘
09:56:51	7.38	-0.01	24	17712	卖盘
09:56:48	7.39	0.01	139	102721	买盘
09:56:45	7.38	-0.01	21	15498	卖盘
09:56:39	7.39	--	43	31777	买盘
09:56:30	7.39	0.01	10	7390	买盘
09:56:21	7.38	--	319	235422	买盘
09:56:12	7.38	--	14	10332	买盘
09:56:09	7.38	--	46	33948	买盘
09:56:03	7.38	--	1	738	买盘
09:56:00	7.38	--	78	57564	卖盘
09:55:57	7.38	--	9	6642	卖盘
09:55:51	7.38	--	13	9594	卖盘
09:55:48	7.38	-0.01	40	29520	卖盘
09:55:45	7.39	--	924	682836	买盘
09:55:39	7.39	0.01	38	28082	买盘
09:55:30	7.38	-0.01	5	3690	中性盘
09:55:24	7.39	--	301	222439	买盘
09:55:18	7.39	--	6	4434	买盘
09:55:12	7.39	--	7	5173	买盘
09:55:09	7.39	--	3	2217	买盘
09:55:06	7.39	0.01	271	200269	买盘
09:55:03	7.38	-0.01	5	3690	卖盘
09:55:00	7.39	0.01	90	66510	买盘
09:54:54	7.38	--	12	8856	卖盘
09:54:48	7.38	--	1	738	卖盘
09:54:42	7.38	--	81	59778	买盘
09:54:39	7.38	-0.01	11	8118	买盘
09:54:27	7.39	0.02	458	338462	买盘
09:54:24	7.37	-0.01	20	14740	卖盘
09:54:21	7.38	--	174	128412	买盘
09:54:15	7.38	--	22	16236	买盘
09:54:12	7.38	--	185	136530	卖盘
09:54:09	7.38	--	50	36900	卖盘
09:54:06	7.38	-0.01	20	14760	卖盘
09:54:03	7.39	0.01	13	9607	买盘
09:54:00	7.38	--	32	23616	卖盘
09:53:57	7.38	-0.01	123	90774	卖盘
09:53:51	7.39	--	39	28821	买盘
09:53:45	7.39	--	43	31777	买盘
09:53:42	7.39	--	100	73900	买盘
09:53:39	7.39	--	2	1478	买盘
09:53:36	7.39	--	5	3695	买盘
09:53:33	7.39	--	270	199530	买盘
09:53:30	7.39	--	6	4434	买盘
09:53:24	7.39	--	87	64293	买盘
09:53:18	7.39	--	200	147800	买盘
09:53:15	7.39	--	13	9607	买盘
09:53:12	7.39	--	42	31038	卖盘
09:53:09	7.39	-0.01	9	6651	卖盘
09:53:03	7.4	0.01	152	112480	买盘
09:53:00	7.39	0.01	15	11085	买盘
09:52:57	7.38	-0.01	40	29520	卖盘
09:52:54	7.39	--	533	393887	买盘
09:52:51	7.39	--	8	5912	买盘
09:52:48	7.39	--	5	3695	买盘
09:52:45	7.39	0.01	200	147800	买盘
09:52:39	7.38	--	20	14760	卖盘
09:52:33	7.38	-0.01	142	104796	卖盘
09:52:30	7.39	0.01	50	36950	买盘
09:52:24	7.38	--	77	56826	卖盘
09:52:12	7.38	--	123	90774	买盘
09:52:09	7.38	--	179	132102	买盘
09:52:06	7.38	0.01	211	155718	买盘
09:52:03	7.37	-0.01	187	137819	卖盘
09:52:00	7.38	0.01	120	88560	买盘
09:51:57	7.37	-0.01	2	1474	卖盘
09:51:54	7.38	--	131	96678	买盘
09:51:48	7.38	0.01	5	3690	买盘
09:51:30	7.37	0.01	117	86229	买盘
09:51:24	7.36	--	1	736	卖盘
09:51:21	7.36	-0.01	14	10304	卖盘
09:51:15	7.37	--	443	326491	买盘
09:51:12	7.37	0.01	45	33165	买盘
09:51:06	7.36	--	100	73600	卖盘
09:51:00	7.36	0.01	493	362848	买盘
09:50:57	7.35	--	2	1470	卖盘
09:50:54	7.35	-0.01	1	735	卖盘
09:50:51	7.36	0.01	83	61088	买盘
09:50:45	7.35	--	60	44100	卖盘
09:50:42	7.35	--	20	14700	卖盘
09:50:39	7.35	--	3	2205	卖盘
09:50:36	7.35	--	10	7350	卖盘
09:50:33	7.35	--	3	2205	卖盘
09:50:30	7.35	--	50	36750	卖盘
09:50:27	7.35	--	85	62475	买盘
09:50:21	7.35	0.01	31	22785	买盘
09:50:18	7.34	-0.01	10	7340	卖盘
09:50:09	7.35	--	2	1470	买盘
09:50:06	7.35	0.01	5	3675	买盘
09:50:03	7.34	--	10	7340	卖盘
09:50:00	7.34	--	1	734	卖盘
09:49:57	7.34	-0.01	30	22020	卖盘
09:49:51	7.35	--	20	14700	买盘
09:49:30	7.35	--	4	2940	买盘
09:49:24	7.35	--	12	8820	卖盘
09:49:21	7.35	--	30	22050	卖盘
09:49:15	7.35	--	10	7350	卖盘
09:49:09	7.35	--	33	24255	卖盘
09:49:03	7.35	--	40	29400	卖盘
09:49:00	7.35	--	43	31605	卖盘
09:48:51	7.35	--	10	7350	卖盘
09:48:45	7.35	--	50	36750	卖盘
09:48:18	7.35	-0.01	26	19110	卖盘
09:48:12	7.36	--	20	14720	卖盘
09:48:09	7.36	--	30	22080	卖盘
09:48:06	7.36	0.01	140	103040	买盘
09:48:03	7.35	--	30	22050	卖盘
09:48:00	7.35	--	80	58800	卖盘
09:47:57	7.35	-0.01	30	22050	卖盘
09:47:54	7.36	0.01	100	73600	买盘
09:47:45	7.35	--	153	112455	卖盘
09:47:42	7.35	-0.01	5	3675	卖盘
09:47:39	7.36	--	20	14720	买盘
09:47:36	7.36	0.01	8	5888	买盘
09:47:21	7.35	--	42	30870	买盘
09:47:18	7.35	--	40	29400	卖盘
09:47:15	7.35	-0.01	132	97020	卖盘
09:47:12	7.36	--	3	2208	买盘
09:47:03	7.36	--	100	73600	买盘
09:47:00	7.36	0.01	13	9568	买盘
09:46:57	7.35	--	100	73500	卖盘
09:46:45	7.35	-0.01	70	51450	卖盘
09:46:42	7.36	--	36	26496	买盘
09:46:33	7.36	--	3	2208	买盘
09:46:30	7.36	0.01	1	736	买盘
09:46:27	7.35	-0.01	5	3675	卖盘
09:46:18	7.36	0.01	12	8832	买盘
09:46:15	7.35	-0.01	14	10290	卖盘
09:46:12	7.36	0.01	50	36800	买盘
09:46:09	7.35	--	45	33075	卖盘
09:46:06	7.35	--	105	77175	卖盘
09:45:57	7.35	--	174	127890	卖盘
09:45:54	7.35	--	1	735	卖盘
09:45:48	7.35	-0.01	153	112455	卖盘
09:45:42	7.36	--	14	10304	买盘
09:45:30	7.36	0.01	2213	1628768	买盘
09:45:09	7.35	--	12	8820	买盘
09:44:57	7.35	--	20	14700	买盘
09:44:51	7.35	-0.01	59	43365	卖盘
09:44:48	7.36	0.01	200	147200	买盘
09:44:39	7.35	--	6	4410	卖盘
09:44:36	7.35	--	54	39690	卖盘
09:44:33	7.35	--	10	7350	卖盘
09:44:30	7.35	--	25	18375	卖盘
09:44:27	7.35	--	20	14700	买盘
09:44:24	7.35	--	5	3675	买盘
09:44:12	7.35	--	10	7350	买盘
09:43:57	7.35	--	25	18375	卖盘
09:43:48	7.35	-0.01	10	7350	中性盘
09:43:45	7.36	--	220	161920	买盘
09:43:42	7.36	0.01	50	36800	买盘
09:43:33	7.35	-0.01	9	6615	卖盘
09:43:30	7.36	--	20	14720	买盘
09:43:27	7.36	--	1	736	买盘
09:43:24	7.36	--	107	78752	买盘
09:43:21	7.36	--	1	736	买盘
09:43:18	7.36	--	10	7360	买盘
09:43:15	7.36	--	30	22080	买盘
09:43:09	7.36	0.01	24	17664	买盘
09:43:06	7.35	-0.01	497	365295	卖盘
09:43:03	7.36	--	12	8832	买盘
09:43:00	7.36	--	105	77280	买盘
09:42:54	7.36	--	34	25024	卖盘
09:42:48	7.36	--	13	9568	卖盘
09:42:45	7.36	--	13	9568	卖盘
09:42:39	7.36	0.01	13	9568	买盘
09:42:36	7.35	-0.01	67	49245	卖盘
09:42:33	7.36	--	43	31648	买盘
09:42:30	7.36	0.01	20	14720	买盘
09:42:24	7.35	--	50	36750	卖盘
09:42:21	7.35	-0.01	10	7350	卖盘
09:42:18	7.36	--	275	202400	买盘
09:42:12	7.36	--	20	14720	买盘
09:42:06	7.36	--	522	384192	买盘
09:42:03	7.36	--	65	47840	买盘
09:42:00	7.36	--	30	22080	买盘
09:41:57	7.36	--	50	36800	买盘
09:41:54	7.36	--	124	91264	买盘
09:41:51	7.36	--	45	33120	买盘
09:41:48	7.36	--	28	20608	买盘
09:41:45	7.36	0.01	20	14720	买盘
09:41:42	7.35	-0.01	100	73500	卖盘
09:41:39	7.36	0.01	11	8096	买盘
09:41:36	7.35	--	30	22050	卖盘
09:41:27	7.35	--	80	58800	买盘
09:41:24	7.35	--	38	27930	买盘
09:41:21	7.35	--	38	27930	买盘
09:41:15	7.35	--	53	38955	买盘
09:41:12	7.35	0.01	1	735	买盘
09:41:06	7.34	--	100	73400	卖盘
09:40:57	7.34	--	865	634910	买盘
09:40:51	7.34	--	145	106430	买盘
09:40:45	7.34	--	32	23488	买盘
09:40:42	7.34	--	54	39636	买盘
09:40:39	7.34	--	112	82208	买盘
09:40:36	7.34	--	50	36700	买盘
09:40:33	7.34	0.01	30	22020	买盘
09:40:24	7.33	-0.01	20	14660	卖盘
09:40:21	7.34	--	73	53582	买盘
09:40:18	7.34	0.01	28	20552	买盘
09:40:15	7.33	-0.01	100	73300	卖盘
09:40:12	7.34	0.01	8	5872	买盘
09:39:54	7.33	--	12	8796	卖盘
09:39:51	7.33	-0.01	131	96023	卖盘
09:39:48	7.34	--	26	19084	买盘
09:39:45	7.34	--	50	36700	买盘
09:39:42	7.34	0.01	50	36700	买盘
09:39:33	7.33	-0.01	94	68902	卖盘
09:39:30	7.34	--	153	112302	买盘
09:39:24	7.34	--	50	36700	买盘
09:39:15	7.34	0.01	38	27892	买盘
09:39:12	7.33	--	454	332782	卖盘
09:39:06	7.33	--	4	2932	卖盘
09:38:48	7.33	-0.01	45	32985	卖盘
09:38:30	7.34	0.01	8	5872	买盘
09:38:27	7.33	-0.01	1	733	卖盘
09:38:21	7.34	--	76	55784	卖盘
09:38:15	7.34	0.01	424	311216	买盘
09:38:12	7.33	--	50	36650	卖盘
09:38:09	7.33	--	1	733	卖盘
09:38:06	7.33	--	10	7330	卖盘
09:38:03	7.33	--	33	24189	卖盘
09:38:00	7.33	--	61	44713	买盘
09:37:54	7.33	--	31	22723	卖盘
09:37:51	7.33	--	10	7330	卖盘
09:37:48	7.33	--	19	13927	卖盘
09:37:42	7.33	-0.01	10	7330	卖盘
09:37:39	7.34	0.02	5	3670	买盘
09:37:30	7.32	-0.01	222	162504	卖盘
09:37:21	7.33	-0.01	110	80630	卖盘
09:37:18	7.34	0.01	50	36700	买盘
09:37:06	7.33	-0.01	18	13194	卖盘
09:37:00	7.34	0.01	10	7340	买盘
09:36:54	7.33	-0.01	43	31519	卖盘
09:36:45	7.34	--	86	63124	买盘
09:36:27	7.34	0.02	45	33030	买盘
09:36:24	7.32	-0.02	1	732	卖盘
09:36:18	7.34	0.02	20	14680	买盘
09:36:15	7.32	-0.01	29	21228	卖盘
09:36:12	7.33	--	10	7330	卖盘
09:36:09	7.33	-0.01	17	12461	卖盘
09:36:06	7.34	0.01	20	14680	买盘
09:36:03	7.33	-0.01	14	10262	卖盘
09:35:57	7.34	0.01	11	8074	买盘
09:35:51	7.33	-0.01	38	27854	卖盘
09:35:33	7.34	-0.01	70	51380	卖盘
09:35:30	7.35	0.01	40	29400	买盘
09:35:27	7.34	--	5	3670	买盘
09:35:18	7.34	--	17	12478	卖盘
09:35:12	7.34	--	44	32296	卖盘
09:35:09	7.34	0.01	47	34498	买盘
09:35:06	7.33	-0.01	2	1466	卖盘
09:35:00	7.34	-0.01	15	11010	买盘
09:34:45	7.35	0.01	25	18375	买盘
09:34:42	7.34	0.01	30	22020	买盘
09:34:39	7.33	-0.01	192	140736	卖盘
09:34:33	7.34	--	10	7340	买盘
09:34:30	7.34	0.01	30	22020	买盘
09:34:27	7.33	-0.01	4	2932	卖盘
09:34:24	7.34	0.01	10	7340	中性盘
09:34:18	7.33	-0.02	170	124610	卖盘
09:34:15	7.35	--	3	2205	买盘
09:34:09	7.35	--	30	22050	买盘
09:34:06	7.35	-0.01	19	13965	卖盘
09:34:03	7.36	0.01	5	3680	买盘
09:33:54	7.35	--	10	7350	卖盘
09:33:51	7.35	--	34	24990	卖盘
09:33:45	7.35	--	328	241080	卖盘
09:33:42	7.35	0.02	215	158025	买盘
09:33:39	7.33	--	20	14660	卖盘
09:33:36	7.33	0.02	1	733	卖盘
09:33:30	7.31	-0.02	1039	759509	卖盘
09:33:21	7.33	--	97	71101	买盘
09:33:09	7.33	--	114	83562	买盘
09:33:06	7.33	0.01	120	87960	买盘
09:33:03	7.32	--	553	404796	卖盘
09:33:00	7.32	-0.01	20	14640	卖盘
09:32:57	7.33	0.01	110	80630	买盘
09:32:54	7.32	--	1	732	卖盘
09:32:45	7.32	-0.01	20	14640	卖盘
09:32:39	7.33	0.01	39	28587	买盘
09:32:33	7.32	-0.01	35	25620	卖盘
09:32:27	7.33	0.01	145	106285	买盘
09:32:21	7.32	--	45	32940	卖盘
09:32:12	7.32	--	22	16104	买盘
09:32:09	7.32	0.01	5	3660	买盘
09:32:06	7.31	-0.01	85	62135	卖盘
09:32:03	7.32	--	30	21960	买盘
09:32:00	7.32	--	1	732	买盘
09:31:57	7.32	-0.01	4	2928	中性盘
09:31:51	7.33	0.01	50	36650	买盘
09:31:48	7.32	--	10	7320	买盘
09:31:39	7.32	--	11	8052	卖盘
09:31:36	7.32	--	5	3660	卖盘
09:31:33	7.32	--	51	37332	卖盘
09:31:30	7.32	--	13	9516	卖盘
09:31:27	7.32	-0.01	812	594384	卖盘
09:31:24	7.33	0.01	1	733	买盘
09:31:21	7.32	--	47	34404	卖盘
09:31:18	7.32	--	30	21960	卖盘
09:31:12	7.32	-0.01	71	51972	卖盘
09:31:09	7.33	--	10	7330	买盘
09:31:06	7.33	--	6	4398	买盘
09:31:00	7.33	-0.01	899	658967	卖盘
09:30:57	7.34	--	27	19818	买盘
09:30:51	7.34	--	6	4404	买盘
09:30:48	7.34	-0.01	78	57252	卖盘
09:30:42	7.35	0.01	3	2205	买盘
09:30:39	7.34	-0.01	3	2202	卖盘
09:30:33	7.35	--	20	14700	买盘
09:30:27	7.35	--	45	33075	卖盘
09:30:15	7.35	--	20	14700	卖盘
09:30:12	7.35	--	14	10290	卖盘
09:30:09	7.35	0.01	47	34545	买盘
09:30:06	7.34	0.02	281	206254	中性盘
09:30:03	7.32	-0.03	296	216672	卖盘
09:25:03	7.35	7.35	861	632835	买盘
