成交时间	成交价	价格变动	成交量(手)	成交额(元)	性质
15:00:03	17.63	--	595	1049126	卖盘
14:57:03	17.63	--	0	0	卖盘
14:57:00	17.63	--	10	17630	卖盘
14:56:48	17.63	--	39	68757	卖盘
14:56:45	17.63	--	10	17630	卖盘
14:56:36	17.63	--	50	88150	卖盘
14:56:30	17.63	--	44	79193	买盘
14:56:18	17.63	0.01	22	38786	买盘
14:56:15	17.62	--	32	56384	中性盘
14:56:00	17.62	0.01	3	5286	买盘
14:55:54	17.61	-0.01	3	5283	卖盘
14:55:51	17.62	--	14	24668	买盘
14:55:48	17.62	-0.01	10	17620	中性盘
14:55:42	17.63	0.01	20	35260	买盘
14:55:39	17.62	--	86	151532	卖盘
14:55:36	17.62	--	100	176200	卖盘
14:55:33	17.62	--	28	49336	卖盘
14:55:30	17.62	--	40	70480	卖盘
14:55:18	17.62	--	21	37002	卖盘
14:55:15	17.62	-0.01	10	17620	卖盘
14:55:06	17.63	0.01	11	19393	买盘
14:55:03	17.62	0.01	7	12334	买盘
14:55:00	17.61	-0.01	12	21132	卖盘
14:54:54	17.62	--	5	8810	买盘
14:54:45	17.62	--	1	1762	买盘
14:54:42	17.62	--	10	17620	买盘
14:54:39	17.62	--	370	651940	卖盘
14:54:36	17.62	--	20	35240	卖盘
14:54:33	17.62	--	10	17620	卖盘
14:54:30	17.62	--	7	12334	卖盘
14:54:27	17.62	--	25	44050	卖盘
14:54:24	17.62	--	6	10572	卖盘
14:54:18	17.62	-0.01	84	148008	卖盘
14:54:15	17.63	0.01	10	17630	买盘
14:54:12	17.62	--	10	17620	卖盘
14:54:06	17.62	--	60	105720	卖盘
14:54:00	17.62	--	14	24668	卖盘
14:53:54	17.62	--	16	28192	卖盘
14:53:45	17.62	--	13	22906	卖盘
14:53:39	17.62	--	6	10572	卖盘
14:53:33	17.62	-0.01	11	19382	卖盘
14:53:21	17.63	0.01	8	14104	买盘
14:53:15	17.62	--	6	10572	卖盘
14:53:12	17.62	--	141	248442	卖盘
14:53:06	17.62	-0.01	44	77528	卖盘
14:53:00	17.63	--	1	1763	买盘
14:52:57	17.63	--	10	17630	买盘
14:52:54	17.63	0.01	1	1763	买盘
14:52:48	17.62	--	4	7048	卖盘
14:52:42	17.62	-0.01	10	17620	卖盘
14:52:36	17.63	0.01	15	26445	买盘
14:52:24	17.62	-0.01	10	17620	卖盘
14:52:21	17.63	--	15	26445	买盘
14:52:15	17.63	0.01	3	5289	买盘
14:52:12	17.62	-0.01	6	10572	卖盘
14:51:57	17.63	--	40	70520	卖盘
14:51:48	17.63	--	20	35260	卖盘
14:51:39	17.63	--	20	35260	卖盘
14:51:33	17.63	--	28	49364	卖盘
14:51:30	17.63	--	6	10578	卖盘
14:51:27	17.63	--	22	38786	卖盘
14:51:21	17.63	0.01	20	35260	买盘
14:51:09	17.62	--	7	12334	卖盘
14:50:57	17.62	--	4	7048	卖盘
14:50:48	17.62	--	30	52860	卖盘
14:50:42	17.62	-0.01	46	81052	卖盘
14:50:27	17.63	--	10	17630	买盘
14:50:15	17.63	--	2	3526	买盘
14:50:12	17.63	--	42	74046	买盘
14:50:00	17.63	0.01	10	17630	买盘
14:49:57	17.62	--	23	40526	卖盘
14:49:48	17.62	--	23	40526	卖盘
14:49:39	17.62	--	2	3524	卖盘
14:49:18	17.62	--	16	28192	卖盘
14:49:09	17.62	--	1	1762	卖盘
14:49:03	17.62	0.01	15	26430	买盘
14:49:00	17.61	-0.01	54	95094	卖盘
14:48:51	17.62	--	6	10572	卖盘
14:48:45	17.62	--	33	58146	买盘
14:48:42	17.62	--	14	24668	卖盘
14:48:39	17.62	--	5	8810	卖盘
14:48:33	17.62	-0.01	60	105720	卖盘
14:48:27	17.63	0.01	40	70520	买盘
14:48:24	17.62	--	10	17620	卖盘
14:48:21	17.62	-0.01	81	142722	卖盘
14:48:18	17.63	0.01	1	1763	买盘
14:48:15	17.62	-0.01	1	1762	卖盘
14:48:06	17.63	--	10	17630	卖盘
14:48:03	17.63	--	52	91676	卖盘
14:47:48	17.63	-0.01	5	8815	卖盘
14:47:39	17.64	--	14	24696	买盘
14:47:15	17.64	--	5	8820	买盘
14:47:03	17.64	--	79	140096	卖盘
14:46:57	17.64	--	1	1764	卖盘
14:46:54	17.64	--	39	68796	卖盘
14:46:48	17.64	--	23	40572	卖盘
14:46:39	17.64	--	14	25719	卖盘
14:46:36	17.64	--	4	7056	卖盘
14:46:30	17.64	--	1	1764	卖盘
14:46:21	17.64	--	7	12348	卖盘
14:46:03	17.64	--	1	1764	卖盘
14:45:48	17.64	-0.01	6	10584	卖盘
14:45:39	17.65	--	13	22944	买盘
14:45:33	17.65	0.01	17	30004	买盘
14:45:30	17.64	-0.01	1	1764	卖盘
14:45:21	17.65	--	1	1764	买盘
14:45:00	17.65	0.01	2	3529	买盘
14:44:57	17.64	--	11	19404	卖盘
14:44:51	17.64	--	10	17640	卖盘
14:44:48	17.64	--	8	14112	卖盘
14:44:30	17.64	--	31	54684	卖盘
14:44:27	17.64	--	30	52920	卖盘
14:44:06	17.64	--	1	1764	卖盘
14:44:03	17.64	--	10	17640	卖盘
14:43:57	17.64	-0.01	10	17640	卖盘
14:43:39	17.65	0.01	13	22944	买盘
14:43:36	17.64	-0.01	3	5292	卖盘
14:43:33	17.65	0.01	13	22944	买盘
14:43:30	17.64	--	1	1764	卖盘
14:43:12	17.64	--	2	3528	卖盘
14:43:06	17.64	--	17	29988	卖盘
14:42:57	17.64	-0.01	50	88200	卖盘
14:42:51	17.65	--	7	12354	买盘
14:42:45	17.65	0.01	5	8825	买盘
14:42:39	17.64	--	5	8820	卖盘
14:42:33	17.64	--	50	88200	卖盘
14:42:30	17.64	-0.01	1	1764	卖盘
14:42:21	17.65	0.01	20	35300	买盘
14:42:18	17.64	--	12	21168	卖盘
14:42:06	17.64	--	20	35280	卖盘
14:42:03	17.64	--	6	10584	卖盘
14:41:57	17.64	--	21	37044	卖盘
14:41:45	17.64	--	5	8820	卖盘
14:41:42	17.64	--	10	17640	卖盘
14:41:27	17.64	--	1	1764	卖盘
14:41:21	17.64	--	8	14112	卖盘
14:41:09	17.64	-0.01	63	111132	卖盘
14:41:00	17.65	--	12	21180	买盘
14:40:57	17.65	--	15	26474	买盘
14:40:45	17.65	--	40	70600	买盘
14:40:36	17.65	0.01	30	52949	买盘
14:40:27	17.64	--	1	1764	卖盘
14:40:24	17.64	-0.01	100	176400	卖盘
14:40:21	17.65	0.01	4	7059	买盘
14:40:03	17.64	--	6	10584	卖盘
14:39:57	17.64	-0.01	1	1764	卖盘
14:39:54	17.65	--	5	8825	买盘
14:39:36	17.65	0.01	51	90015	买盘
14:39:30	17.64	-0.01	1	1764	卖盘
14:39:24	17.65	--	10	17650	买盘
14:39:21	17.65	--	12	21180	买盘
14:39:09	17.65	-0.01	26	45889	卖盘
14:39:06	17.66	--	5	8830	买盘
14:39:03	17.66	--	9	15894	卖盘
14:38:48	17.66	-0.01	7	12362	卖盘
14:38:45	17.67	0.01	20	35340	买盘
14:38:27	17.66	0.01	17	30022	买盘
14:38:21	17.65	--	200	353000	卖盘
14:38:12	17.65	0.01	34	60009	买盘
14:38:03	17.64	--	5	8820	卖盘
14:37:57	17.64	--	408	719712	买盘
14:37:48	17.64	0.01	15	26460	买盘
14:37:30	17.63	--	1	1763	卖盘
14:36:57	17.63	--	20	35260	卖盘
14:36:51	17.63	-0.02	200	352600	卖盘
14:36:42	17.65	--	20	35300	买盘
14:36:33	17.65	0.01	1	1764	买盘
14:36:27	17.64	-0.01	1	1764	卖盘
14:36:24	17.65	0.01	5	8825	买盘
14:36:18	17.64	--	22	38808	卖盘
14:36:12	17.64	-0.01	10	17640	卖盘
14:36:09	17.65	--	5	8825	买盘
14:36:06	17.65	0.01	1	1764	买盘
14:35:57	17.64	--	1	1764	卖盘
14:35:30	17.64	-0.01	5	8820	卖盘
14:35:27	17.65	0.01	21	37065	买盘
14:35:24	17.64	--	10	17640	卖盘
14:35:18	17.64	--	51	89964	卖盘
14:35:06	17.64	--	32	56448	卖盘
14:34:57	17.64	--	10	17640	卖盘
14:34:48	17.64	-0.01	25	44100	卖盘
14:34:42	17.65	0.01	1	1764	买盘
14:34:30	17.64	-0.01	51	89964	卖盘
14:34:12	17.65	--	6	10590	买盘
14:34:06	17.65	--	9	15884	卖盘
14:34:00	17.65	--	10	17650	卖盘
14:33:57	17.65	-0.01	6	10590	卖盘
14:33:48	17.66	0.01	28	49448	买盘
14:33:42	17.65	--	52	91779	卖盘
14:33:39	17.65	-0.01	20	35300	卖盘
14:33:33	17.66	0.01	10	17660	买盘
14:33:21	17.65	-0.01	1	1764	卖盘
14:33:18	17.66	0.01	19	33554	买盘
14:33:00	17.65	--	1	1764	卖盘
14:32:54	17.65	-0.01	1	1764	卖盘
14:32:48	17.66	0.01	2	3532	买盘
14:32:45	17.65	-0.01	30	52949	卖盘
14:32:24	17.66	-0.01	9	15894	卖盘
14:32:21	17.67	0.01	15	26505	买盘
14:32:09	17.66	0.01	1	1766	中性盘
14:31:48	17.65	-0.01	80	141200	卖盘
14:31:45	17.66	--	51	90066	卖盘
14:31:18	17.66	--	1	1766	卖盘
14:30:57	17.66	--	30	52980	卖盘
14:30:54	17.66	--	5	8830	卖盘
14:30:51	17.66	-0.01	1	1766	卖盘
14:30:48	17.67	--	2	3534	买盘
14:30:27	17.67	--	2	3534	买盘
14:30:21	17.67	0.01	3	5301	买盘
14:30:18	17.66	-0.01	1	1766	卖盘
14:30:03	17.67	--	1	1767	买盘
14:30:00	17.67	--	7	12369	卖盘
14:29:39	17.67	--	2	3534	买盘
14:29:18	17.67	0.01	10	17670	买盘
14:29:15	17.66	--	1	1766	卖盘
14:29:03	17.66	--	7	12362	卖盘
14:29:00	17.66	--	50	88300	卖盘
14:28:54	17.66	-0.01	10	17660	卖盘
14:28:51	17.67	0.01	3	5301	买盘
14:28:48	17.66	--	12	21192	卖盘
14:28:39	17.66	-0.01	10	17660	卖盘
14:28:36	17.67	0.01	63	111321	买盘
14:28:33	17.66	-0.01	1	1766	卖盘
14:28:27	17.67	0.01	2	3534	买盘
14:28:21	17.66	--	5	8830	卖盘
14:28:18	17.66	--	1	1766	卖盘
14:28:09	17.66	--	3	5298	卖盘
14:27:51	17.66	-0.01	1	1766	卖盘
14:27:39	17.67	--	35	61845	买盘
14:27:33	17.67	--	2	3534	买盘
14:27:30	17.67	0.01	10	17670	中性盘
14:26:57	17.66	-0.01	4	7064	卖盘
14:26:51	17.67	0.01	1	1767	买盘
14:26:48	17.66	--	201	354966	卖盘
14:26:39	17.66	--	8	14128	卖盘
14:26:27	17.66	--	1	1766	卖盘
14:26:21	17.66	--	16	29810	买盘
14:25:57	17.66	--	1	1977	卖盘
14:25:51	17.66	0.01	3	6852	买盘
14:25:48	17.65	-0.01	1	1764	卖盘
14:25:42	17.66	-0.01	2	3532	卖盘
14:25:39	17.67	0.01	9	15903	买盘
14:25:36	17.66	-0.01	33	58278	卖盘
14:25:33	17.67	--	7	12369	买盘
14:25:30	17.67	0.01	10	17670	买盘
14:25:24	17.66	-0.01	60	105960	卖盘
14:25:09	17.67	--	5	8835	买盘
14:25:06	17.67	--	78	137826	卖盘
14:25:00	17.67	--	10	17670	卖盘
14:24:57	17.67	--	5	8835	卖盘
14:24:30	17.67	--	6	10602	卖盘
14:24:18	17.67	-0.01	3	5301	卖盘
14:24:12	17.68	0.01	2	3536	买盘
14:24:06	17.67	--	10	17670	卖盘
14:24:00	17.67	--	10	17670	卖盘
14:23:42	17.67	--	5	8835	卖盘
14:23:36	17.67	0.01	11	19437	中性盘
14:23:30	17.66	-0.01	10	17660	卖盘
14:23:24	17.67	0.01	3	5301	卖盘
14:23:15	17.66	-0.02	10	17660	卖盘
14:23:09	17.68	0.01	30	53040	买盘
14:22:54	17.67	-0.01	20	35340	中性盘
14:22:30	17.68	--	15	26520	买盘
14:22:21	17.68	--	7	12376	买盘
14:22:15	17.68	0.01	5	8840	买盘
14:22:12	17.67	--	10	17670	买盘
14:22:09	17.67	0.01	61	107787	买盘
14:21:51	17.66	--	1	1766	买盘
14:21:48	17.66	-0.01	20	35320	中性盘
14:21:42	17.67	--	5	8835	买盘
14:21:39	17.67	0.02	12	21204	买盘
14:21:36	17.65	-0.02	20	35300	卖盘
14:21:27	17.67	0.01	103	182001	买盘
14:21:15	17.66	-0.01	20	35320	卖盘
14:20:57	17.67	0.01	2	3534	买盘
14:20:48	17.66	--	5	8830	卖盘
14:20:45	17.66	-0.01	22	38852	卖盘
14:20:39	17.67	--	30	53010	买盘
14:20:30	17.67	--	2	3534	买盘
14:20:27	17.67	0.01	13	22971	买盘
14:20:21	17.66	--	20	35320	卖盘
14:20:18	17.66	-0.01	5	8830	卖盘
14:20:15	17.67	--	25	44175	买盘
14:20:09	17.67	--	7	12369	买盘
14:20:03	17.67	--	8	14136	卖盘
14:19:51	17.67	--	15	26505	卖盘
14:19:39	17.67	--	6	10602	买盘
14:19:33	17.67	--	10	17670	买盘
14:19:27	17.67	--	3	5301	卖盘
14:19:21	17.67	--	4	7068	卖盘
14:19:12	17.67	0.01	3	5301	买盘
14:19:09	17.66	-0.01	5	8830	卖盘
14:19:00	17.67	--	4	7068	买盘
14:18:48	17.67	--	12	21204	卖盘
14:18:39	17.67	0.01	10	17670	中性盘
14:18:21	17.66	-0.02	10	17660	卖盘
14:18:09	17.68	0.01	30	53040	买盘
14:18:03	17.67	0.01	4	7068	买盘
14:18:00	17.66	-0.02	5	8830	卖盘
14:17:42	17.68	--	2	3536	买盘
14:17:39	17.68	--	9	15912	买盘
14:17:18	17.68	--	66	116688	卖盘
14:17:15	17.68	-0.01	10	17680	卖盘
14:17:12	17.69	0.01	6	10614	买盘
14:17:06	17.68	-0.01	20	35360	卖盘
14:17:00	17.69	0.01	22	38918	买盘
14:16:57	17.68	--	114	201552	卖盘
14:16:45	17.68	-0.01	350	618800	卖盘
14:16:42	17.69	0.01	26	45994	买盘
14:16:33	17.68	--	22	38896	卖盘
14:16:30	17.68	0.02	29	51272	买盘
14:16:27	17.66	0.01	5	8830	中性盘
14:16:15	17.65	-0.02	129	227684	卖盘
14:16:12	17.67	--	4	7068	买盘
14:16:09	17.67	--	5	8835	买盘
14:16:06	17.67	--	5	8835	买盘
14:16:03	17.67	--	2	3534	买盘
14:15:51	17.67	--	20	35340	买盘
14:15:48	17.67	--	10	17670	买盘
14:15:45	17.67	0.02	12	21204	买盘
14:15:39	17.65	--	7	12354	买盘
14:15:27	17.65	0.01	30	52949	买盘
14:15:24	17.64	0.01	20	35280	买盘
14:15:21	17.63	--	90	158670	卖盘
14:15:15	17.63	--	6	10578	卖盘
14:15:12	17.63	--	20	35260	卖盘
14:15:09	17.63	0.01	379	668177	买盘
14:14:54	17.62	--	62	109244	买盘
14:14:51	17.62	--	33	58146	买盘
14:14:48	17.62	--	6	10572	买盘
14:14:42	17.62	0.01	10	17620	买盘
14:14:12	17.61	-0.01	4	7044	买盘
14:14:06	17.62	0.01	96	169152	买盘
14:14:03	17.61	--	40	70440	买盘
14:14:00	17.61	-0.01	56	98616	卖盘
14:13:54	17.62	0.01	10	17620	买盘
14:13:42	17.61	-0.01	10	17610	卖盘
14:13:39	17.62	0.01	22	38764	买盘
14:13:12	17.61	--	5	8805	卖盘
14:12:54	17.61	-0.01	10	17610	卖盘
14:12:27	17.62	0.01	9	15858	买盘
14:12:09	17.61	-0.01	55	96855	卖盘
14:11:39	17.62	--	9	15858	买盘
14:11:21	17.62	--	7	12334	买盘
14:11:03	17.62	-0.01	12	21144	卖盘
14:10:36	17.63	0.01	26	45838	买盘
14:10:06	17.62	--	6	10572	卖盘
14:09:42	17.62	0.01	24	42288	买盘
14:09:39	17.61	--	10	17610	卖盘
14:09:30	17.61	--	5	8805	卖盘
14:09:00	17.61	--	1	1761	卖盘
14:08:45	17.61	--	2	3522	买盘
14:08:36	17.61	0.01	1	1761	买盘
14:08:33	17.6	-0.01	10	17600	卖盘
14:08:21	17.61	--	10	17610	买盘
14:08:18	17.61	0.01	2	3522	买盘
14:07:57	17.6	-0.01	2	3520	卖盘
14:07:45	17.61	--	1	1761	买盘
14:07:39	17.61	--	9	15849	买盘
14:07:36	17.61	-0.01	86	151446	卖盘
14:07:24	17.62	0.01	47	82814	买盘
14:07:18	17.61	--	2	3522	卖盘
14:07:00	17.61	-0.01	9	15849	卖盘
14:06:33	17.62	--	20	35240	买盘
14:06:30	17.62	--	3	5286	买盘
14:06:18	17.62	0.01	24	42288	买盘
14:05:42	17.61	--	4	7044	卖盘
14:05:27	17.61	-0.01	5	8805	卖盘
14:04:57	17.62	--	2	3524	买盘
14:03:42	17.62	--	10	17620	买盘
14:03:39	17.62	--	9	15858	买盘
14:02:39	17.62	0.01	10	17620	买盘
14:02:30	17.61	--	4	7044	卖盘
14:02:27	17.61	--	14	24654	卖盘
14:02:03	17.61	--	50	88050	买盘
14:02:00	17.61	--	20	35220	买盘
14:01:39	17.61	--	51	89811	买盘
14:01:36	17.61	0.01	5	8805	买盘
14:01:33	17.6	-0.01	30	52800	卖盘
14:01:21	17.61	--	3	5283	买盘
14:01:09	17.61	--	23	40503	买盘
14:01:06	17.61	--	2	3522	买盘
14:00:51	17.61	--	58	102138	买盘
14:00:36	17.61	--	4	7044	买盘
14:00:30	17.61	--	21	36981	买盘
14:00:24	17.61	--	5	8805	买盘
14:00:21	17.61	--	3	5283	买盘
14:00:12	17.61	--	20	35220	买盘
14:00:06	17.61	--	6	10566	卖盘
13:59:45	17.61	0.01	4	7044	中性盘
13:59:30	17.6	-0.02	250	440000	卖盘
13:59:27	17.62	--	1	1762	买盘
13:58:36	17.62	--	2	3524	买盘
13:58:12	17.62	--	10	17620	买盘
13:58:09	17.62	--	50	88100	买盘
13:57:51	17.62	--	11	19382	买盘
13:57:39	17.62	0.01	8	14096	买盘
13:57:36	17.61	-0.01	1	1761	卖盘
13:57:24	17.62	--	4	7048	买盘
13:57:09	17.62	0.01	7	12334	买盘
13:56:57	17.61	--	4	7044	卖盘
13:56:42	17.61	--	2	3522	卖盘
13:55:48	17.61	--	4	7044	买盘
13:55:42	17.61	--	1	1761	买盘
13:55:39	17.61	--	8	14088	买盘
13:55:36	17.61	--	13	22893	买盘
13:55:15	17.61	--	46	81006	卖盘
13:54:57	17.61	-0.01	4	7044	卖盘
13:54:54	17.62	0.01	10	17620	买盘
13:53:39	17.61	--	11	19371	卖盘
13:53:36	17.61	-0.01	3	5283	卖盘
13:53:33	17.62	0.01	118	207916	买盘
13:53:21	17.61	--	101	177861	买盘
13:53:12	17.61	--	1	1761	买盘
13:53:09	17.61	--	104	183144	卖盘
13:52:57	17.61	--	23	40503	卖盘
13:52:51	17.61	-0.01	14	24654	卖盘
13:52:09	17.62	0.01	2	3524	买盘
13:51:51	17.61	--	20	35220	卖盘
13:51:33	17.61	--	4	7044	卖盘
13:50:48	17.61	-0.01	6	10566	卖盘
13:50:36	17.62	0.01	1	1762	买盘
13:50:33	17.61	--	10	17610	卖盘
13:50:30	17.61	-0.01	10	17610	卖盘
13:50:21	17.62	0.01	8	14096	买盘
13:50:15	17.61	--	3	5283	卖盘
13:50:12	17.61	--	3	5283	卖盘
13:50:06	17.61	--	2	3522	卖盘
13:50:00	17.61	--	5	8805	卖盘
13:49:57	17.61	--	3	5283	买盘
13:49:54	17.61	0.01	5	8805	买盘
13:49:51	17.6	--	6	10560	卖盘
13:49:48	17.6	--	11	19360	卖盘
13:49:36	17.6	--	4	7040	卖盘
13:49:09	17.6	--	20	35200	卖盘
13:48:57	17.6	--	50	88000	卖盘
13:48:39	17.6	--	6	10560	卖盘
13:48:27	17.6	-0.01	14	24640	卖盘
13:48:21	17.61	--	1	1761	卖盘
13:48:06	17.61	--	79	139119	买盘
13:47:42	17.61	--	5	8805	买盘
13:47:39	17.61	--	8	14088	买盘
13:47:30	17.61	--	10	17610	买盘
13:46:45	17.61	--	8	14088	卖盘
13:46:00	17.61	-0.01	5	8805	卖盘
13:45:48	17.62	0.01	5	8810	买盘
13:45:42	17.61	--	4	7044	卖盘
13:45:18	17.61	--	2	3522	买盘
13:45:03	17.61	0.01	2	3522	买盘
13:44:36	17.6	--	10	17600	卖盘
13:44:33	17.6	-0.01	50	88000	卖盘
13:44:30	17.61	0.01	3	5283	买盘
13:44:06	17.6	-0.01	5	8800	卖盘
13:44:00	17.61	0.01	19	33459	买盘
13:43:51	17.6	--	10	17600	卖盘
13:43:39	17.6	-0.01	1	1760	卖盘
13:43:36	17.61	0.01	7	12327	买盘
13:43:30	17.6	--	50	88000	卖盘
13:43:18	17.6	--	5	8800	卖盘
13:42:45	17.6	--	162	285120	卖盘
13:42:42	17.6	--	4	7040	卖盘
13:42:33	17.6	--	20	35200	卖盘
13:42:30	17.6	-0.01	10	17600	卖盘
13:42:12	17.61	--	5	8805	买盘
13:42:00	17.61	--	214	376854	卖盘
13:41:45	17.61	--	1	1761	卖盘
13:41:33	17.61	--	1	1761	卖盘
13:41:30	17.61	-0.01	4	7044	卖盘
13:41:09	17.62	--	11	19382	卖盘
13:40:57	17.62	-0.01	10	17620	卖盘
13:40:48	17.63	--	10	17630	买盘
13:40:42	17.63	--	30	52890	卖盘
13:40:33	17.63	--	5	8815	卖盘
13:40:27	17.63	--	30	52890	卖盘
13:40:21	17.63	--	80	141040	卖盘
13:40:18	17.63	--	3	5289	卖盘
13:40:12	17.63	--	10	17630	卖盘
13:40:09	17.63	--	44	77572	卖盘
13:40:03	17.63	--	20	35260	卖盘
13:40:00	17.63	--	10	17630	卖盘
13:39:57	17.63	-0.01	3	5289	卖盘
13:39:54	17.64	--	3	5292	买盘
13:39:51	17.64	0.01	7	12348	买盘
13:39:42	17.63	--	10	17630	卖盘
13:39:03	17.63	--	24	42312	买盘
13:39:00	17.63	--	3	5289	买盘
13:38:54	17.63	0.01	10	17630	买盘
13:38:27	17.62	-0.01	6	10572	卖盘
13:38:09	17.63	-0.01	12	21156	卖盘
13:38:03	17.64	0.01	100	176400	买盘
13:37:48	17.63	0.01	8	14104	中性盘
13:37:27	17.62	--	8	14096	卖盘
13:37:18	17.62	-0.02	5	8810	卖盘
13:36:36	17.64	0.01	20	35280	买盘
13:36:33	17.63	--	8	14104	卖盘
13:35:51	17.63	--	10	17630	买盘
13:35:39	17.63	--	14	24682	卖盘
13:35:33	17.63	--	15	26445	卖盘
13:35:30	17.63	--	50	88150	卖盘
13:35:21	17.63	-0.01	10	17630	卖盘
13:35:15	17.64	0.01	10	17640	买盘
13:35:06	17.63	-0.01	8	14104	卖盘
13:34:51	17.64	0.01	10	17640	买盘
13:34:48	17.63	--	10	17630	卖盘
13:34:42	17.63	--	2	3526	卖盘
13:34:24	17.63	--	30	52890	卖盘
13:34:18	17.63	-0.01	18	31734	卖盘
13:34:00	17.64	-0.01	9	15876	卖盘
13:33:39	17.65	--	20	35300	买盘
13:33:03	17.65	0.02	10	17650	买盘
13:32:12	17.63	-0.01	20	35260	卖盘
13:32:09	17.64	0.01	3	5292	买盘
13:31:57	17.63	--	1	1763	卖盘
13:31:51	17.63	0.01	84	148092	买盘
13:31:39	17.62	--	33	58146	买盘
13:31:33	17.62	--	3	5286	买盘
13:31:18	17.62	0.01	1	1762	买盘
13:30:57	17.61	--	25	44025	卖盘
13:30:15	17.61	--	5	8805	卖盘
13:30:09	17.61	-0.01	2	3522	卖盘
13:29:48	17.62	0.01	20	35240	买盘
13:29:45	17.61	--	3	5283	卖盘
13:29:39	17.61	-0.01	17	29937	卖盘
13:29:36	17.62	--	5	8810	买盘
13:29:27	17.62	--	6	10572	买盘
13:29:21	17.62	0.01	12	21144	买盘
13:29:18	17.61	--	7	12327	卖盘
13:29:06	17.61	--	18	31698	买盘
13:28:57	17.61	-0.01	98	172578	卖盘
13:28:15	17.62	--	5	8810	买盘
13:28:09	17.62	--	10	17620	买盘
13:27:57	17.62	0.01	10	17620	买盘
13:27:54	17.61	-0.01	1	1761	卖盘
13:27:45	17.62	--	15	26430	买盘
13:27:39	17.62	--	7	12334	买盘
13:27:36	17.62	--	2	3524	买盘
13:27:30	17.62	0.01	7	12334	买盘
13:27:27	17.61	--	10	17610	卖盘
13:27:18	17.61	-0.01	50	88050	卖盘
13:27:15	17.62	--	5	8810	买盘
13:26:51	17.62	-0.01	78	137436	卖盘
13:26:27	17.63	--	16	28208	卖盘
13:26:21	17.63	--	4	7052	卖盘
13:25:57	17.63	--	3	5289	卖盘
13:25:33	17.63	--	24	42312	卖盘
13:25:21	17.63	-0.01	5	8815	卖盘
13:25:06	17.64	--	3	5292	卖盘
13:24:54	17.64	--	25	44100	卖盘
13:24:15	17.64	-0.01	8	14112	卖盘
13:24:09	17.65	0.01	18	31769	买盘
13:24:03	17.64	--	7	12348	卖盘
13:22:51	17.64	--	1	1764	卖盘
13:22:48	17.64	--	1	1764	卖盘
13:22:27	17.64	-0.01	4	7056	卖盘
13:22:15	17.65	--	3	5295	买盘
13:22:03	17.65	--	5	8825	买盘
13:21:51	17.65	--	25	44125	买盘
13:21:39	17.65	--	8	14119	买盘
13:21:27	17.65	0.01	5	8825	买盘
13:21:21	17.64	-0.01	5	8820	卖盘
13:20:42	17.65	--	20	35300	买盘
13:20:21	17.65	--	15	26474	买盘
13:20:06	17.65	0.01	22	38830	买盘
13:19:51	17.64	--	6	10584	卖盘
13:19:18	17.64	--	1	1764	卖盘
13:18:57	17.64	--	6	10584	买盘
13:18:51	17.64	--	8	14112	买盘
13:18:33	17.64	0.01	7	12348	买盘
13:17:36	17.63	--	3	5289	买盘
13:17:24	17.63	--	7	12341	卖盘
13:17:00	17.63	-0.01	2	3526	卖盘
13:16:36	17.64	0.01	14	24696	买盘
13:16:21	17.63	--	3	5289	卖盘
13:15:48	17.63	0.01	13	22919	买盘
13:14:06	17.62	--	50	88100	卖盘
13:13:30	17.62	--	15	26430	卖盘
13:12:27	17.62	-0.02	15	26430	卖盘
13:12:18	17.64	--	1	1764	买盘
13:11:57	17.64	0.02	2	3528	买盘
13:11:09	17.62	-0.02	5	8810	卖盘
13:10:48	17.64	0.02	3	5292	买盘
13:10:39	17.62	0.01	4	7048	买盘
13:09:24	17.61	-0.01	21	36981	卖盘
13:09:15	17.62	--	1	1762	卖盘
13:09:12	17.62	--	1	1762	卖盘
13:09:09	17.62	--	56	98672	买盘
13:08:48	17.62	--	13	22906	买盘
13:08:27	17.62	--	2	3524	买盘
13:08:21	17.62	--	12	21144	买盘
13:08:12	17.62	--	5	8810	买盘
13:07:39	17.62	--	7	12334	买盘
13:06:57	17.62	0.01	5	8810	买盘
13:06:24	17.61	--	169	297609	卖盘
13:06:21	17.61	-0.01	15	26415	卖盘
13:06:15	17.62	0.01	36	63432	买盘
13:04:30	17.61	-0.01	69	121509	卖盘
13:03:48	17.62	--	50	88100	卖盘
13:03:42	17.62	--	40	70480	卖盘
13:02:12	17.62	--	10	17620	卖盘
13:00:21	17.62	0.01	3	5286	买盘
13:00:12	17.61	--	2	3522	卖盘
13:00:09	17.61	--	27	47547	买盘
13:00:06	17.61	--	143	251823	卖盘
13:00:03	17.61	--	0	0	卖盘
11:30:03	17.61	--	0	0	卖盘
11:29:45	17.61	--	238	419118	卖盘
11:29:27	17.61	--	2	3522	卖盘
11:29:09	17.61	0.01	8	14088	买盘
11:28:09	17.6	-0.01	3	5280	卖盘
11:27:48	17.61	0.01	6	10566	买盘
11:27:39	17.6	--	15	26400	卖盘
11:27:33	17.6	--	7	12320	买盘
11:27:27	17.6	--	6	10560	买盘
11:27:21	17.6	--	8	14080	买盘
11:26:54	17.6	--	68	119680	买盘
11:26:33	17.6	--	31	54560	买盘
11:26:24	17.6	-0.01	1	1760	卖盘
11:26:21	17.61	0.01	2	3522	买盘
11:26:15	17.6	--	5	8800	卖盘
11:26:09	17.6	-0.01	10	17600	卖盘
11:26:03	17.61	-0.01	1	1761	中性盘
11:25:39	17.62	--	7	12334	买盘
11:24:54	17.62	--	10	17620	买盘
11:24:12	17.62	--	3	5286	买盘
11:23:51	17.62	--	18	31716	买盘
11:23:42	17.62	0.02	10	17620	买盘
11:23:39	17.6	--	14	24640	买盘
11:23:33	17.6	--	10	17600	买盘
11:23:27	17.6	0.02	14	24640	买盘
11:23:24	17.58	--	9	15821	买盘
11:23:06	17.58	--	12	21095	买盘
11:22:54	17.58	-0.01	9	15821	中性盘
11:22:51	17.59	0.01	10	17590	买盘
11:22:48	17.58	--	45	79109	卖盘
11:22:45	17.58	--	5	8790	卖盘
11:22:42	17.58	-0.01	16	28127	卖盘
11:22:39	17.59	0.01	15	26385	中性盘
11:22:12	17.58	--	80	140640	卖盘
11:22:03	17.58	--	50	87899	卖盘
11:21:51	17.58	--	10	17580	卖盘
11:21:48	17.58	-0.02	10	17580	卖盘
11:21:45	17.6	0.02	11	19360	买盘
11:21:30	17.58	--	20	35160	卖盘
11:21:27	17.58	--	40	70320	卖盘
11:21:18	17.58	-0.02	2	3515	卖盘
11:20:42	17.6	--	3	5280	卖盘
11:20:15	17.6	-0.02	100	176000	卖盘
11:20:00	17.62	--	12	21144	卖盘
11:19:51	17.62	--	6	10572	卖盘
11:19:48	17.62	--	7	12334	卖盘
11:19:27	17.62	--	10	17620	卖盘
11:19:00	17.62	--	2	3524	买盘
11:18:30	17.62	0.02	4	7048	中性盘
11:18:09	17.6	-0.02	6	10560	卖盘
11:18:06	17.62	--	6	10572	卖盘
11:18:00	17.62	--	6	10572	卖盘
11:17:51	17.62	--	10	17620	卖盘
11:17:39	17.62	--	2	3524	买盘
11:17:36	17.62	--	95	167390	卖盘
11:17:24	17.62	--	10	17620	卖盘
11:17:21	17.62	--	5	8810	卖盘
11:17:09	17.62	-0.01	20	35240	卖盘
11:17:00	17.63	0.01	7	12341	买盘
11:16:45	17.62	0.01	14	24668	买盘
11:16:42	17.61	0.01	6	10566	中性盘
11:16:39	17.6	-0.01	10	17600	卖盘
11:16:33	17.61	--	6	10566	卖盘
11:16:18	17.61	--	23	40503	卖盘
11:16:06	17.61	--	3	5283	卖盘
11:15:51	17.61	--	42	73962	卖盘
11:15:39	17.61	-0.01	30	52830	卖盘
11:15:21	17.62	0.02	5	8810	买盘
11:14:12	17.6	--	1	1760	卖盘
11:13:39	17.6	0.01	3	5280	买盘
11:13:36	17.59	-0.01	16	28144	卖盘
11:13:24	17.6	--	3	5280	买盘
11:13:18	17.6	--	20	35200	买盘
11:13:06	17.6	--	2	3520	买盘
11:12:57	17.6	-0.01	132	232320	卖盘
11:12:45	17.61	-0.01	58	102138	中性盘
11:12:33	17.62	0.02	10	17620	买盘
11:12:09	17.6	--	50	88000	卖盘
11:12:00	17.6	0.02	30	52800	中性盘
11:11:21	17.58	-0.03	3	5273	卖盘
11:11:18	17.61	0.03	10	17610	中性盘
11:11:06	17.58	-0.04	57	100205	卖盘
11:10:54	17.62	0.02	1	1762	买盘
11:10:45	17.6	--	42	73920	买盘
11:10:39	17.6	--	46	80960	卖盘
11:10:36	17.6	--	32	56320	卖盘
11:10:33	17.6	--	3	5280	卖盘
11:10:30	17.6	--	5	8800	卖盘
11:10:18	17.6	-0.01	6	10560	卖盘
11:10:12	17.61	0.01	15	26415	买盘
11:10:06	17.6	-0.01	20	35200	卖盘
11:10:03	17.61	-0.02	139	244779	卖盘
11:09:57	17.63	--	2	3526	买盘
11:09:48	17.63	-0.01	24	42312	卖盘
11:09:39	17.64	--	7	12348	买盘
11:09:36	17.64	-0.01	1	1764	卖盘
11:09:12	17.65	--	4	7059	卖盘
11:09:09	17.65	--	5	8825	卖盘
11:09:03	17.65	--	8	14119	卖盘
11:08:51	17.65	--	3	5295	卖盘
11:08:30	17.65	--	38	67070	卖盘
11:08:18	17.65	0.01	9	15884	买盘
11:08:06	17.64	--	5	8820	卖盘
11:08:00	17.64	-0.01	10	17640	卖盘
11:07:54	17.65	-0.01	2	3529	中性盘
11:07:39	17.66	-0.01	7	12362	中性盘
11:07:21	17.67	--	23	40641	买盘
11:07:06	17.67	--	2	3534	买盘
11:06:51	17.67	--	8	14136	买盘
11:06:30	17.67	0.03	18	31806	买盘
11:06:27	17.64	-0.01	50	88200	卖盘
11:06:24	17.65	0.01	3	5295	中性盘
11:06:03	17.64	-0.02	10	17640	卖盘
11:05:51	17.66	0.02	1	1766	买盘
11:05:48	17.64	-0.04	4	7056	卖盘
11:05:42	17.68	0.03	43	76024	买盘
11:05:39	17.65	--	7	12354	买盘
11:05:33	17.65	-0.01	34	60027	卖盘
11:05:30	17.66	--	3	5298	卖盘
11:05:27	17.66	--	13	22958	卖盘
11:05:21	17.66	--	10	17660	卖盘
11:05:12	17.66	-0.03	13	24706	卖盘
11:04:51	17.69	--	19	33611	买盘
11:04:06	17.69	--	9	15921	买盘
11:04:03	17.69	-0.01	11	19459	中性盘
11:03:42	17.7	0.04	10	17700	买盘
11:03:36	17.66	0.01	5	8830	中性盘
11:03:18	17.65	-0.05	2	3529	卖盘
11:03:15	17.7	0.02	15	26550	买盘
11:03:06	17.68	-0.02	10	17680	卖盘
11:02:42	17.7	--	18	31860	买盘
11:02:18	17.7	0.05	15	26550	买盘
11:02:15	17.65	-0.05	19	33535	卖盘
11:01:54	17.7	0.05	22	38940	买盘
11:01:51	17.65	--	24	42360	卖盘
11:01:27	17.65	-0.02	20	35300	卖盘
11:01:24	17.67	--	15	26505	买盘
11:01:21	17.67	--	2	3534	买盘
11:01:06	17.67	--	24	42408	买盘
11:01:03	17.67	0.03	11	19437	买盘
11:00:57	17.64	-0.06	10	17640	卖盘
11:00:54	17.7	0.02	200	354000	买盘
11:00:33	17.68	--	9	15912	买盘
11:00:30	17.68	0.05	11	19448	买盘
11:00:18	17.63	-0.04	14	24682	卖盘
11:00:15	17.67	-0.01	10	17670	中性盘
10:59:42	17.68	0.05	21	37128	买盘
10:59:15	17.63	-0.05	14	24682	卖盘
10:58:54	17.68	0.04	20	35360	买盘
10:58:39	17.64	-0.01	14	24696	卖盘
10:58:30	17.65	--	1	1764	买盘
10:58:18	17.65	-0.03	6	10590	卖盘
10:58:03	17.68	0.01	22	38896	买盘
10:57:48	17.67	--	15	26505	买盘
10:57:39	17.67	0.02	14	24738	买盘
10:57:36	17.65	-0.02	5	8825	卖盘
10:57:30	17.67	--	6	10602	买盘
10:57:15	17.67	--	14	24738	买盘
10:57:12	17.67	--	5	8835	买盘
10:56:48	17.67	--	8	14136	买盘
10:56:45	17.67	0.02	11	19437	买盘
10:56:30	17.65	--	6	10590	买盘
10:56:27	17.65	--	30	52949	买盘
10:56:09	17.65	-0.02	4	7059	卖盘
10:55:57	17.67	--	21	37107	买盘
10:55:39	17.67	-0.01	6	10602	买盘
10:55:18	17.68	0.01	200	353600	买盘
10:55:09	17.67	--	6	10602	买盘
10:55:06	17.67	--	15	26505	买盘
10:54:54	17.67	--	10	17670	买盘
10:54:45	17.67	-0.01	5	8835	中性盘
10:54:15	17.68	0.03	21	37128	买盘
10:54:12	17.65	-0.03	1	1764	卖盘
10:53:54	17.68	0.03	118	208624	买盘
10:53:51	17.65	0.01	1	1764	买盘
10:53:33	17.64	-0.01	3	5292	卖盘
10:53:27	17.65	0.01	35	61774	买盘
10:53:15	17.64	0.01	29	51156	买盘
10:53:00	17.63	--	2	3526	卖盘
10:52:54	17.63	0.02	10	17630	买盘
10:52:51	17.61	-0.02	1	1761	卖盘
10:52:42	17.63	0.02	20	35260	买盘
10:52:39	17.61	-0.02	4	7044	卖盘
10:52:36	17.63	--	2	3526	买盘
10:52:27	17.63	--	3	5289	买盘
10:52:24	17.63	--	10	17630	买盘
10:52:03	17.63	--	10	17630	买盘
10:51:54	17.63	--	31	54653	买盘
10:51:39	17.63	--	6	10578	买盘
10:51:27	17.63	--	10	17630	买盘
10:51:09	17.63	0.02	118	208034	买盘
10:51:06	17.61	0.01	21	36981	买盘
10:50:48	17.6	--	5	8800	卖盘
10:50:42	17.6	--	10	17600	卖盘
10:50:33	17.6	--	4	7040	卖盘
10:50:24	17.6	--	19	33440	卖盘
10:50:21	17.6	-0.01	25	44000	卖盘
10:50:18	17.61	0.01	21	36981	买盘
10:50:12	17.6	-0.01	10	17600	卖盘
10:50:06	17.61	0.01	3	5283	买盘
10:49:54	17.6	-0.01	44	77440	卖盘
10:49:39	17.61	--	23	40503	卖盘
10:49:36	17.61	-0.01	50	88050	卖盘
10:49:30	17.62	0.01	22	38764	买盘
10:49:12	17.61	-0.01	5	8805	卖盘
10:48:45	17.62	--	1	1762	买盘
10:48:42	17.62	--	19	33478	买盘
10:48:36	17.62	-0.01	28	49336	中性盘
10:47:54	17.63	0.01	22	38786	买盘
10:47:39	17.62	0.01	6	10572	买盘
10:47:36	17.61	-0.01	5	8805	中性盘
10:47:03	17.62	-0.01	20	35240	中性盘
10:46:21	17.63	0.03	7	12341	买盘
10:46:18	17.6	-0.03	6	10560	卖盘
10:46:12	17.63	0.03	21	37023	买盘
10:45:51	17.6	--	5	8800	买盘
10:45:42	17.6	--	90	158400	买盘
10:45:39	17.6	--	6	10560	买盘
10:45:24	17.6	--	21	36960	买盘
10:45:00	17.6	0.01	203	357280	买盘
10:44:54	17.59	--	14	24626	卖盘
10:44:51	17.59	--	1	1759	卖盘
10:44:42	17.59	--	5	8795	卖盘
10:44:39	17.59	--	5	8795	卖盘
10:44:30	17.59	--	7	12313	卖盘
10:43:57	17.59	-0.01	10	17590	卖盘
10:43:54	17.6	--	10	17600	买盘
10:43:45	17.6	--	18	31680	卖盘
10:43:30	17.6	--	4	7040	买盘
10:43:15	17.6	--	2	3520	买盘
10:43:06	17.6	--	12	21120	卖盘
10:42:57	17.6	--	10	17600	卖盘
10:42:48	17.6	--	8	14080	卖盘
10:42:27	17.6	0.01	10	17600	中性盘
10:41:54	17.59	-0.01	10	17590	卖盘
10:41:48	17.6	--	10	17600	买盘
10:41:42	17.6	--	21	36960	买盘
10:41:36	17.6	0.01	4	7040	买盘
10:41:33	17.59	--	4	7036	卖盘
10:41:24	17.59	0.01	34	59806	买盘
10:41:15	17.58	-0.01	2	3515	卖盘
10:41:00	17.59	-0.01	4	7036	卖盘
10:40:51	17.6	0.01	20	35200	买盘
10:40:45	17.59	0.01	6	10554	买盘
10:40:36	17.58	-0.01	31	54497	卖盘
10:40:24	17.59	-0.01	3	5277	卖盘
10:40:03	17.6	0.02	30	52800	买盘
10:39:57	17.58	--	38	66804	卖盘
10:39:51	17.58	0.01	5	8790	中性盘
10:39:21	17.57	-0.02	5	8785	中性盘
10:39:15	17.59	--	7	12313	买盘
10:39:12	17.59	0.03	11	19349	买盘
10:39:06	17.56	--	26	45656	卖盘
10:39:03	17.56	-0.01	15	26339	卖盘
10:39:00	17.57	--	3	5271	买盘
10:38:57	17.57	0.01	12	21101	买盘
10:38:51	17.56	--	5	8780	买盘
10:38:48	17.56	-0.01	107	189630	卖盘
10:38:45	17.57	--	9	15830	买盘
10:38:30	17.57	0.01	3	5271	买盘
10:38:27	17.56	--	11	19316	买盘
10:38:24	17.56	--	37	64971	卖盘
10:38:21	17.56	0.01	14	24584	卖盘
10:38:12	17.55	--	10	17550	卖盘
10:38:09	17.55	--	7	12285	卖盘
10:38:06	17.55	--	19	33345	卖盘
10:38:03	17.55	-0.01	21	36855	卖盘
10:38:00	17.56	-0.03	10	17560	中性盘
10:37:48	17.59	0.01	13	24608	卖盘
10:37:45	17.58	--	16	28145	买盘
10:37:39	17.58	-0.01	36	63287	中性盘
10:37:36	17.59	--	616	1083544	买盘
10:37:30	17.59	--	3	5277	买盘
10:37:24	17.59	0.01	10	17590	买盘
10:37:12	17.58	-0.01	316	555528	卖盘
10:37:09	17.59	--	51	91450	卖盘
10:37:06	17.59	-0.01	24	42233	卖盘
10:36:54	17.6	--	6	10560	买盘
10:36:48	17.6	0.01	22	38720	买盘
10:36:39	17.59	-0.04	14	24626	卖盘
10:36:24	17.63	--	121	213323	卖盘
10:36:18	17.63	--	1	1763	卖盘
10:36:15	17.63	--	14	24682	卖盘
10:36:12	17.63	--	7	12341	卖盘
10:36:06	17.63	0.03	15	26445	买盘
10:36:00	17.6	--	8	14080	买盘
10:35:57	17.6	--	15	26400	买盘
10:35:54	17.6	-0.03	372	654720	卖盘
10:35:15	17.63	--	14	24682	卖盘
10:35:12	17.63	-0.02	5	8815	卖盘
10:35:09	17.65	0.02	15	26474	买盘
10:35:03	17.63	--	10	17630	卖盘
10:35:00	17.63	-0.01	11	19393	卖盘
10:34:45	17.64	--	9	15876	卖盘
10:34:27	17.64	--	1	1764	卖盘
10:34:09	17.64	--	11	19404	卖盘
10:34:06	17.64	-0.02	10	17640	卖盘
10:34:03	17.66	0.02	39	68874	买盘
10:33:39	17.64	--	48	84672	卖盘
10:33:03	17.64	-0.01	10	17640	卖盘
10:32:57	17.65	0.01	6	10590	买盘
10:32:54	17.64	-0.01	5	8820	卖盘
10:32:36	17.65	--	4	7059	卖盘
10:32:30	17.65	0.01	11	19415	买盘
10:32:18	17.64	--	5	8820	卖盘
10:32:09	17.64	--	9	15876	卖盘
10:31:48	17.64	0.02	6	10584	买盘
10:31:33	17.62	-0.02	400	704800	卖盘
10:31:06	17.64	-0.02	9	15876	卖盘
10:30:54	17.66	0.03	7	12362	买盘
10:30:42	17.63	-0.01	14	24682	卖盘
10:30:36	17.64	--	2	3528	卖盘
10:30:30	17.64	0.01	1	1764	买盘
10:30:15	17.63	--	14	24682	卖盘
10:30:12	17.63	--	10	17630	卖盘
10:29:48	17.63	-0.01	15	26445	卖盘
10:29:39	17.64	0.01	10	17640	买盘
10:29:36	17.63	--	4	7052	卖盘
10:29:27	17.63	--	25	44075	卖盘
10:29:21	17.63	--	10	17630	卖盘
10:29:06	17.63	--	10	17630	卖盘
10:28:51	17.63	-0.01	30	52890	卖盘
10:28:36	17.64	-0.01	3	5292	卖盘
10:28:12	17.65	--	10	17650	卖盘
10:27:48	17.65	-0.01	10	17650	卖盘
10:27:39	17.66	--	6	10596	买盘
10:27:18	17.66	0.01	10	17660	买盘
10:27:09	17.65	-0.03	3	5295	卖盘
10:26:18	17.68	0.03	5	8840	买盘
10:26:15	17.65	--	6	10590	卖盘
10:26:00	17.65	--	13	22944	买盘
10:25:57	17.65	--	5	8825	买盘
10:25:51	17.65	0.02	8	14119	买盘
10:25:24	17.63	--	10	17630	卖盘
10:25:15	17.63	--	10	17630	卖盘
10:24:57	17.63	--	14	24682	卖盘
10:24:45	17.63	-0.04	10	17630	卖盘
10:24:30	17.67	0.02	51	90117	买盘
10:24:21	17.65	0.03	1	1764	买盘
10:24:12	17.62	-0.01	31	54622	卖盘
10:24:09	17.63	--	20	35260	卖盘
10:24:00	17.63	--	14	24682	卖盘
10:23:51	17.63	--	3	5289	买盘
10:23:48	17.63	--	12	21156	买盘
10:23:42	17.63	--	25	44075	买盘
10:23:39	17.63	0.01	10	17630	买盘
10:23:27	17.62	--	14	24668	卖盘
10:23:18	17.62	--	10	17620	卖盘
10:23:09	17.62	--	2	3524	卖盘
10:23:03	17.62	--	1	1762	卖盘
10:22:54	17.62	--	1	1762	买盘
10:22:48	17.62	0.01	10	17620	买盘
10:22:42	17.61	-0.01	14	24654	卖盘
10:22:39	17.62	--	30	52860	买盘
10:22:36	17.62	--	2	3524	买盘
10:22:18	17.62	--	2	3524	买盘
10:22:12	17.62	--	27	47574	卖盘
10:22:00	17.62	--	35	61670	买盘
10:21:51	17.62	--	22	38764	买盘
10:21:48	17.62	0.01	4	7048	买盘
10:21:45	17.61	-0.01	5	8805	卖盘
10:21:42	17.62	0.01	8	14096	买盘
10:21:39	17.61	-0.01	17	29937	卖盘
10:21:33	17.62	--	6	10572	买盘
10:21:21	17.62	--	11	19382	买盘
10:20:54	17.62	--	10	17620	买盘
10:20:48	17.62	--	17	29954	卖盘
10:20:39	17.62	-0.01	10	17620	卖盘
10:20:36	17.63	0.01	34	59942	买盘
10:20:24	17.62	--	3	5286	卖盘
10:20:21	17.62	--	10	17620	卖盘
10:20:18	17.62	0.02	41	72242	买盘
10:20:03	17.6	--	150	264000	卖盘
10:19:27	17.6	--	17	29920	卖盘
10:19:21	17.6	--	10	17600	卖盘
10:19:06	17.6	-0.01	200	352000	卖盘
10:19:03	17.61	--	5	8805	卖盘
10:18:57	17.61	-0.01	20	35220	卖盘
10:18:45	17.62	--	5	8810	买盘
10:18:33	17.62	--	3	5286	卖盘
10:18:24	17.62	--	10	17620	卖盘
10:18:18	17.62	--	5	8810	卖盘
10:18:12	17.62	--	9	15858	卖盘
10:17:51	17.62	--	43	75766	卖盘
10:17:48	17.62	--	3	5286	卖盘
10:17:45	17.62	--	12	21144	卖盘
10:17:36	17.62	--	5	8810	卖盘
10:17:27	17.62	0.01	17	29954	买盘
10:17:24	17.61	-0.01	10	17610	卖盘
10:17:15	17.62	--	6	10572	买盘
10:16:48	17.62	--	190	334780	卖盘
10:16:21	17.62	--	20	35240	卖盘
10:16:15	17.62	--	30	52860	买盘
10:15:54	17.62	0.01	5	8810	买盘
10:15:39	17.61	--	7	12327	卖盘
10:15:33	17.61	-0.01	2	3522	卖盘
10:15:30	17.62	0.01	7	12334	买盘
10:15:21	17.61	-0.01	10	17610	卖盘
10:15:09	17.62	--	10	17620	买盘
10:14:54	17.62	--	20	35240	买盘
10:14:33	17.62	0.01	10	17620	买盘
10:14:30	17.61	--	18	31698	卖盘
10:14:21	17.61	-0.01	10	17610	卖盘
10:14:03	17.62	--	2	3524	买盘
10:13:54	17.62	0.01	64	112768	买盘
10:13:42	17.61	-0.01	22	38742	卖盘
10:13:39	17.62	--	6	10572	买盘
10:13:33	17.62	0.01	7	12334	买盘
10:13:30	17.61	-0.01	20	35220	卖盘
10:13:12	17.62	-0.01	25	44050	卖盘
10:13:06	17.63	0.01	4	7052	买盘
10:12:48	17.62	--	4	7048	买盘
10:12:42	17.62	-0.01	1	1762	卖盘
10:12:36	17.63	0.01	9	15867	买盘
10:12:33	17.62	--	19	33478	买盘
10:12:21	17.62	-0.01	6	10572	卖盘
10:12:18	17.63	0.01	4	7052	买盘
10:12:15	17.62	0.01	4	7048	卖盘
10:11:45	17.61	-0.02	46	81006	卖盘
10:11:39	17.63	--	6	10578	买盘
10:11:27	17.63	0.02	102	179826	买盘
10:11:24	17.61	-0.02	10	17610	卖盘
10:11:09	17.63	0.02	10	17630	买盘
10:11:00	17.61	--	10	17610	卖盘
10:10:45	17.61	--	2	3522	卖盘
10:10:39	17.61	--	4	7044	卖盘
10:10:30	17.61	--	10	17610	卖盘
10:10:27	17.61	-0.02	4	7044	卖盘
10:10:15	17.63	0.02	3	5289	买盘
10:10:12	17.61	--	4	7044	卖盘
10:10:03	17.61	-0.02	10	17610	卖盘
10:10:00	17.63	0.03	10	17630	买盘
10:09:57	17.6	--	3	5280	卖盘
10:09:48	17.6	0.01	1	1760	中性盘
10:09:45	17.59	-0.01	50	87950	卖盘
10:09:42	17.6	--	45	79200	买盘
10:09:39	17.6	--	6	10560	买盘
10:09:33	17.6	0.01	11	19360	买盘
10:09:30	17.59	--	10	17590	卖盘
10:09:27	17.59	-0.01	5	8795	卖盘
10:09:24	17.6	--	10	17600	买盘
10:09:21	17.6	--	10	17600	买盘
10:09:18	17.6	--	5	8800	买盘
10:09:12	17.6	0.01	2	3520	中性盘
10:09:09	17.59	-0.01	50	87950	卖盘
10:08:48	17.6	--	12	21120	买盘
10:08:30	17.6	--	1	1760	买盘
10:08:27	17.6	-0.03	3	5280	卖盘
10:08:24	17.63	0.01	10	17630	买盘
10:08:18	17.62	0.01	14	24668	买盘
10:08:09	17.61	0.03	10	17610	买盘
10:08:06	17.58	-0.02	57	100205	卖盘
10:07:54	17.6	0.01	10	17600	买盘
10:07:51	17.59	--	75	131925	卖盘
10:07:48	17.59	-0.01	2	3518	卖盘
10:07:45	17.6	--	16	28160	买盘
10:07:42	17.6	0.01	10	17600	买盘
10:07:39	17.59	--	14	24626	卖盘
10:07:30	17.59	-0.01	10	17590	卖盘
10:07:27	17.6	0.01	2	3520	买盘
10:07:12	17.59	--	6	10554	买盘
10:07:03	17.59	--	38	66842	买盘
10:07:00	17.59	0.01	6	10554	买盘
10:06:51	17.58	-0.02	50	87899	卖盘
10:06:48	17.6	--	19	33440	买盘
10:06:45	17.6	--	10	17600	买盘
10:06:39	17.6	--	3	5280	中性盘
10:06:33	17.6	-0.02	29	51040	卖盘
10:06:30	17.62	0.02	27	47574	买盘
10:06:27	17.6	--	52	91520	卖盘
10:06:24	17.6	-0.01	9	15840	卖盘
10:06:18	17.61	0.01	30	52830	中性盘
10:06:15	17.6	-0.04	100	176000	卖盘
10:06:12	17.64	0.01	28	49392	买盘
10:06:06	17.63	0.03	2	3526	买盘
10:06:03	17.6	-0.03	500	880000	卖盘
10:06:00	17.63	--	5	8815	买盘
10:05:57	17.63	-0.01	21	37023	卖盘
10:05:39	17.64	0.01	6	10584	买盘
10:05:36	17.63	-0.02	10	17630	卖盘
10:05:21	17.65	0.02	8	14119	买盘
10:05:15	17.63	-0.01	400	705200	卖盘
10:05:06	17.64	-0.01	24	42336	卖盘
10:05:03	17.65	--	3	5295	买盘
10:04:48	17.65	--	8	14119	买盘
10:04:42	17.65	--	10	17650	买盘
10:04:39	17.65	--	50	88250	卖盘
10:04:36	17.65	--	10	17650	卖盘
10:04:33	17.65	--	4	7059	卖盘
10:04:12	17.65	--	10	17650	卖盘
10:04:09	17.65	--	2	3529	卖盘
10:04:00	17.65	-0.01	50	88250	卖盘
10:03:48	17.66	0.01	1	1766	买盘
10:03:42	17.65	--	10	17650	卖盘
10:03:39	17.65	--	11	19415	卖盘
10:03:36	17.65	--	10	17650	卖盘
10:03:00	17.65	--	40	70600	卖盘
10:02:51	17.65	--	36	63539	卖盘
10:02:33	17.65	-0.01	10	17650	卖盘
10:02:27	17.66	0.01	10	17660	买盘
10:02:21	17.65	--	5	8825	卖盘
10:01:57	17.65	--	3	5295	卖盘
10:01:48	17.65	--	50	88250	卖盘
10:01:45	17.65	-0.01	15	26474	卖盘
10:01:42	17.66	-0.01	14	24724	卖盘
10:01:39	17.67	0.01	3	5301	买盘
10:01:36	17.66	0.01	10	17660	中性盘
10:01:30	17.65	-0.03	5	8825	卖盘
10:01:24	17.68	--	10	17680	买盘
10:01:21	17.68	0.03	50	88400	买盘
10:01:09	17.65	-0.01	1	1764	卖盘
10:00:42	17.66	0.01	14	24724	买盘
10:00:39	17.65	--	10	17650	卖盘
10:00:36	17.65	--	10	17650	卖盘
10:00:15	17.65	0.01	14	24709	中性盘
09:59:42	17.64	--	10	17640	卖盘
09:59:39	17.64	--	2	3528	卖盘
09:59:24	17.64	--	14	24696	卖盘
09:59:06	17.64	--	7	12348	卖盘
09:59:03	17.64	--	10	17640	卖盘
09:58:48	17.64	--	10	17640	卖盘
09:58:45	17.64	--	11	19404	卖盘
09:58:42	17.64	--	3	5292	卖盘
09:58:39	17.64	0.01	1	1764	中性盘
09:58:30	17.63	--	14	24682	卖盘
09:58:21	17.63	-0.01	35	61705	卖盘
09:58:18	17.64	--	2	3528	买盘
09:58:09	17.64	--	9	15876	买盘
09:58:00	17.64	--	3	5292	卖盘
09:57:51	17.64	--	15	26460	卖盘
09:57:45	17.64	-0.01	10	17640	卖盘
09:57:39	17.65	--	6	10590	买盘
09:57:36	17.65	--	22	38830	卖盘
09:57:27	17.65	--	13	22944	卖盘
09:57:24	17.65	--	10	17650	卖盘
09:57:06	17.65	-0.01	25	44125	卖盘
09:56:51	17.66	--	5	8830	买盘
09:56:45	17.66	-0.01	7	12362	卖盘
09:56:30	17.67	0.01	5	8835	买盘
09:56:24	17.66	-0.02	64	113024	卖盘
09:56:21	17.68	0.01	20	35360	买盘
09:56:03	17.67	-0.01	30	53010	卖盘
09:55:57	17.68	--	6	10608	买盘
09:55:54	17.68	--	35	61880	卖盘
09:55:42	17.68	--	10	17680	买盘
09:55:30	17.68	--	3	5304	卖盘
09:55:27	17.68	--	7	12376	买盘
09:55:00	17.68	0.01	8	14144	买盘
09:54:51	17.67	--	5	8835	卖盘
09:54:48	17.67	--	7	12369	买盘
09:54:42	17.67	--	40	70680	买盘
09:54:39	17.67	0.01	7	12369	买盘
09:54:30	17.66	-0.01	1	1766	卖盘
09:54:24	17.67	0.01	5	8835	买盘
09:53:54	17.66	--	10	17660	卖盘
09:53:48	17.66	-0.01	10	17660	卖盘
09:53:39	17.67	--	6	10602	买盘
09:53:21	17.67	--	24	42408	卖盘
09:53:03	17.67	0.01	89	157263	买盘
09:53:00	17.66	-0.01	7	12362	卖盘
09:52:45	17.67	--	391	690897	买盘
09:52:42	17.67	--	5	8835	买盘
09:52:27	17.67	0.01	100	176700	买盘
09:52:24	17.66	--	18	31788	卖盘
09:52:15	17.66	--	5	8830	卖盘
09:52:12	17.66	-0.01	10	17660	卖盘
09:52:06	17.67	--	10	17670	买盘
09:52:03	17.67	0.01	28	49476	买盘
09:51:54	17.66	--	55	97130	卖盘
09:51:45	17.66	--	21	37086	卖盘
09:51:42	17.66	--	4	7064	卖盘
09:51:27	17.66	--	51	90066	卖盘
09:51:18	17.66	-0.01	10	17660	卖盘
09:51:03	17.67	0.01	5	8835	买盘
09:51:00	17.66	--	60	105960	卖盘
09:50:57	17.66	--	55	97130	卖盘
09:50:54	17.66	--	75	132450	卖盘
09:50:48	17.66	--	14	24724	卖盘
09:50:42	17.66	--	30	52980	卖盘
09:50:39	17.66	--	2	3532	卖盘
09:50:33	17.66	--	60	105960	卖盘
09:50:15	17.66	--	24	42384	卖盘
09:50:00	17.66	--	8	14128	卖盘
09:49:54	17.66	-0.01	46	81236	卖盘
09:49:45	17.67	-0.01	101	178467	卖盘
09:49:42	17.68	--	5	8840	卖盘
09:49:27	17.68	--	12	21216	买盘
09:49:24	17.68	0.01	2	3536	中性盘
09:49:21	17.67	--	11	19437	卖盘
09:49:18	17.67	-0.02	10	17670	卖盘
09:49:12	17.69	0.01	46	81374	买盘
09:49:06	17.68	--	2	3536	卖盘
09:49:00	17.68	--	10	17680	卖盘
09:48:54	17.68	0.01	3	5304	买盘
09:48:48	17.67	-0.01	10	17670	卖盘
09:48:42	17.68	0.01	12	21216	买盘
09:48:33	17.67	--	1	1767	卖盘
09:48:30	17.67	-0.01	15	26505	卖盘
09:48:21	17.68	0.01	10	17680	中性盘
09:48:12	17.67	-0.01	34	60078	卖盘
09:48:06	17.68	--	50	88400	买盘
09:48:03	17.68	--	2	3536	买盘
09:48:00	17.68	--	5	8840	买盘
09:47:48	17.68	--	75	132600	卖盘
09:47:42	17.68	-0.01	10	17680	卖盘
09:47:39	17.69	--	10	17690	买盘
09:47:27	17.69	--	12	21228	买盘
09:47:15	17.69	0.01	100	176900	买盘
09:47:12	17.68	--	100	176800	卖盘
09:47:06	17.68	0.01	36	63648	买盘
09:46:57	17.67	--	4	7068	卖盘
09:46:54	17.67	-0.01	10	17670	卖盘
09:46:21	17.68	0.01	9	15912	买盘
09:46:18	17.67	-0.01	10	17670	卖盘
09:46:15	17.68	0.01	4	7072	买盘
09:46:06	17.67	-0.01	4	7068	卖盘
09:46:00	17.68	0.01	3	5304	买盘
09:45:54	17.67	--	14	24738	卖盘
09:45:51	17.67	--	13	22971	买盘
09:45:42	17.67	--	20	35340	买盘
09:45:39	17.67	0.01	5	8835	买盘
09:45:30	17.66	--	1	1766	卖盘
09:45:21	17.66	--	73	128918	买盘
09:45:15	17.66	--	15	26490	买盘
09:45:12	17.66	--	5	8830	买盘
09:45:06	17.66	0.01	5	8830	买盘
09:44:54	17.65	--	10	17650	卖盘
09:44:48	17.65	--	10	17650	卖盘
09:44:45	17.65	--	9	15884	买盘
09:44:42	17.65	--	15	26474	买盘
09:44:36	17.65	0.01	11	19415	买盘
09:44:30	17.64	-0.01	7	12348	卖盘
09:44:27	17.65	0.01	20	35300	中性盘
09:44:15	17.64	-0.01	56	98784	卖盘
09:44:12	17.65	-0.01	24	42360	卖盘
09:44:06	17.66	0.01	22	38852	买盘
09:44:00	17.65	--	4	7059	卖盘
09:43:57	17.65	--	10	17650	卖盘
09:43:54	17.65	-0.01	9	15884	卖盘
09:43:48	17.66	0.01	3	5298	中性盘
09:43:39	17.65	-0.01	4	7059	卖盘
09:43:36	17.66	0.01	5	8830	买盘
09:43:33	17.65	--	28	49419	卖盘
09:43:24	17.65	--	5	8825	卖盘
09:43:18	17.65	-0.01	1	1764	卖盘
09:43:00	17.66	--	10	17660	卖盘
09:42:36	17.66	--	5	8830	买盘
09:42:12	17.66	0.01	11	19426	买盘
09:42:00	17.65	--	8	14119	卖盘
09:41:57	17.65	--	30	52949	卖盘
09:41:48	17.65	--	5	8825	卖盘
09:41:39	17.65	0.01	3	5295	买盘
09:41:36	17.64	-0.01	2	3528	卖盘
09:41:33	17.65	--	1	1764	卖盘
09:41:30	17.65	0.03	9	15884	中性盘
09:41:12	17.62	-0.05	28	49336	卖盘
09:41:03	17.67	0.04	14	24738	买盘
09:40:57	17.63	0.01	10	17630	中性盘
09:40:39	17.62	--	12	21144	卖盘
09:40:36	17.62	-0.05	25	44050	卖盘
09:40:33	17.67	0.07	5	8835	中性盘
09:40:18	17.6	-0.08	173	304480	卖盘
09:40:12	17.68	--	2	3536	买盘
09:40:03	17.68	--	1	1768	卖盘
09:40:00	17.68	--	10	17680	卖盘
09:39:57	17.68	--	22	38896	卖盘
09:39:54	17.68	-0.02	10	17680	卖盘
09:39:45	17.7	--	4	7080	买盘
09:39:39	17.7	--	200	354000	卖盘
09:39:36	17.7	--	190	336300	卖盘
09:39:33	17.7	--	357	631890	卖盘
09:39:30	17.7	-0.02	350	619500	卖盘
09:39:27	17.72	0.01	2	3544	买盘
09:39:12	17.71	--	95	168245	卖盘
09:39:09	17.71	-0.01	13	23023	卖盘
09:39:06	17.72	0.01	60	106320	买盘
09:39:03	17.71	--	54	95634	卖盘
09:39:00	17.71	--	11	19481	卖盘
09:38:57	17.71	--	10	17710	卖盘
09:38:51	17.71	-0.01	30	53130	卖盘
09:38:42	17.72	--	100	177200	买盘
09:38:36	17.72	--	5	8860	买盘
09:38:27	17.72	--	20	35440	卖盘
09:38:24	17.72	-0.01	25	44300	卖盘
09:38:21	17.73	0.01	20	35460	买盘
09:38:09	17.72	-0.01	57	101004	卖盘
09:38:06	17.73	0.01	8	14184	中性盘
09:37:57	17.72	--	10	17720	卖盘
09:37:48	17.72	-0.01	40	70880	卖盘
09:37:42	17.73	--	10	17730	卖盘
09:37:33	17.73	--	97	172512	买盘
09:37:12	17.73	--	3	5319	买盘
09:37:00	17.73	-0.01	24	43793	卖盘
09:36:57	17.74	0.01	8	14191	买盘
09:36:54	17.73	--	66	117549	卖盘
09:36:51	17.73	-0.01	44	78012	卖盘
09:36:33	17.74	--	5	8870	买盘
09:36:27	17.74	--	1	1773	买盘
09:36:21	17.74	0.01	5	8870	买盘
09:36:00	17.73	0.01	19	33687	买盘
09:35:57	17.72	-0.01	10	17720	卖盘
09:35:42	17.73	--	6	10638	买盘
09:35:39	17.73	--	2	3546	买盘
09:35:33	17.73	-0.01	84	148932	卖盘
09:35:24	17.74	--	2	3547	买盘
09:35:18	17.74	--	120	212879	买盘
09:35:12	17.74	--	6	10643	买盘
09:35:09	17.74	--	24	42575	买盘
09:35:06	17.74	--	28	49671	买盘
09:35:00	17.74	--	78	138372	卖盘
09:34:51	17.74	--	30	53219	卖盘
09:34:48	17.74	--	38	67412	买盘
09:34:30	17.74	--	2	3547	买盘
09:34:24	17.74	0.02	50	88699	买盘
09:34:06	17.72	--	4	7088	卖盘
09:34:03	17.72	-0.02	10	17720	卖盘
09:34:00	17.74	0.02	1	1773	买盘
09:33:54	17.72	0.01	4	7088	中性盘
09:33:42	17.71	--	14	24794	卖盘
09:33:21	17.71	--	25	44275	卖盘
09:33:18	17.71	-0.01	3	5313	卖盘
09:33:03	17.72	-0.03	6	10632	卖盘
09:32:54	17.75	--	177	314175	卖盘
09:32:51	17.75	--	510	905250	卖盘
09:32:42	17.75	--	189	335475	卖盘
09:32:39	17.75	--	50	88750	卖盘
09:32:36	17.75	--	67	118925	卖盘
09:32:33	17.75	--	1	1775	卖盘
09:32:24	17.75	-0.01	5	8875	卖盘
09:32:21	17.76	-0.01	98	174048	卖盘
09:32:15	17.77	--	60	106620	买盘
09:32:12	17.77	--	1	1777	买盘
09:32:00	17.77	--	28	49756	卖盘
09:31:57	17.77	--	18	31986	卖盘
09:31:54	17.77	--	20	35540	卖盘
09:31:48	17.77	--	6	10662	卖盘
09:31:45	17.77	--	25	44425	卖盘
09:31:39	17.77	-0.01	8	14216	卖盘
09:31:33	17.78	-0.01	5	8890	中性盘
09:31:21	17.79	--	1	1779	卖盘
09:31:15	17.79	--	5	8895	买盘
09:31:12	17.79	0.03	20	35580	买盘
09:31:09	17.76	-0.01	50	88800	卖盘
09:31:06	17.77	-0.03	10	17770	卖盘
09:30:51	17.8	0.04	5	8900	买盘
09:30:12	17.76	-0.04	54	95904	卖盘
09:30:09	17.8	0.04	22	39160	买盘
09:30:06	17.76	--	329	584304	卖盘
09:30:03	17.76	0.01	44	78144	买盘
09:25:03	17.75	17.75	78	138450	买盘
