成交时间	成交价	价格变动	成交量(手)	成交额(元)	性质
15:00:03	17.95	-0.02	270	484650	卖盘
14:57:03	17.97	--	1	1797	买盘
14:57:00	17.97	0.01	5	8985	买盘
14:56:57	17.96	--	50	89800	卖盘
14:56:51	17.96	-0.02	6	10776	卖盘
14:56:42	17.98	0.02	10	17980	买盘
14:56:36	17.96	-0.02	18	32328	卖盘
14:56:27	17.98	--	19	34162	买盘
14:56:12	17.98	0.01	3	5394	买盘
14:56:09	17.97	--	2	3594	买盘
14:56:03	17.97	--	20	35940	买盘
14:55:48	17.97	--	1	1797	买盘
14:55:39	17.97	0.01	3	5391	买盘
14:55:36	17.96	--	8	14368	卖盘
14:55:33	17.96	--	10	17960	卖盘
14:55:24	17.96	--	16	28736	买盘
14:55:21	17.96	--	1	1796	卖盘
14:55:18	17.96	--	30	53880	卖盘
14:55:12	17.96	--	10	17960	卖盘
14:55:03	17.96	-0.01	38	68248	卖盘
14:54:54	17.97	--	1	1797	买盘
14:54:48	17.97	0.01	5	8985	买盘
14:54:42	17.96	--	6	10776	卖盘
14:54:39	17.96	-0.01	5	8980	卖盘
14:54:33	17.97	--	1	1797	买盘
14:54:30	17.97	0.01	2	3594	买盘
14:54:24	17.96	-0.01	10	17960	卖盘
14:54:12	17.97	0.01	1	1797	中性盘
14:54:06	17.96	--	100	179600	卖盘
14:53:57	17.96	--	13	23348	买盘
14:53:51	17.96	--	6	10776	买盘
14:53:48	17.96	--	3	5388	买盘
14:53:42	17.96	0.01	3	5388	买盘
14:53:39	17.95	--	8	14360	卖盘
14:53:36	17.95	-0.01	5	8975	卖盘
14:53:33	17.96	0.01	2	3592	买盘
14:53:24	17.95	--	4	7180	卖盘
14:53:18	17.95	-0.01	11	19745	卖盘
14:53:12	17.96	--	1	1796	买盘
14:53:09	17.96	--	8	14368	卖盘
14:53:06	17.96	--	20	35920	卖盘
14:53:00	17.96	-0.01	3	5388	卖盘
14:52:54	17.97	0.01	1	1797	买盘
14:52:51	17.96	--	5	8980	卖盘
14:52:39	17.96	--	4	7184	卖盘
14:52:33	17.96	--	7	12572	买盘
14:52:21	17.96	-0.01	87	156252	卖盘
14:52:12	17.97	--	1	1797	买盘
14:52:03	17.97	--	20	35940	买盘
14:52:00	17.97	--	45	80865	买盘
14:51:54	17.97	--	3	5391	买盘
14:51:51	17.97	-0.01	19	34143	卖盘
14:51:42	17.98	0.01	4	7192	买盘
14:51:30	17.97	-0.01	10	17970	卖盘
14:51:27	17.98	--	29	52142	买盘
14:51:24	17.98	--	1	1798	买盘
14:51:03	17.98	--	3	5394	买盘
14:50:57	17.98	--	20	35960	买盘
14:50:54	17.98	-0.03	52	93496	卖盘
14:50:42	18.01	0.01	1	1801	买盘
14:50:36	18.0	--	9	16200	卖盘
14:50:30	18.0	-0.01	106	190800	卖盘
14:50:24	18.01	--	1	1801	买盘
14:50:18	18.01	--	7	12607	买盘
14:50:03	18.01	--	1	1801	买盘
14:49:54	18.01	0.01	1	1801	买盘
14:49:51	18.0	-0.01	1	1800	卖盘
14:49:42	18.01	--	1	1801	买盘
14:49:39	18.01	--	1	1801	买盘
14:49:30	18.01	--	1	1801	买盘
14:49:24	18.01	-0.04	20	36020	卖盘
14:49:21	18.05	0.01	1	1805	买盘
14:49:18	18.04	--	4	7216	卖盘
14:49:12	18.04	--	8	14432	买盘
14:49:09	18.04	0.03	2	3608	买盘
14:49:06	18.01	-0.03	71	127871	卖盘
14:49:03	18.04	--	1	1804	买盘
14:49:00	18.04	--	1	1804	买盘
14:48:51	18.04	0.04	1	1804	买盘
14:48:48	18.0	-0.04	440	792000	卖盘
14:48:42	18.04	--	2	3608	买盘
14:48:36	18.04	0.03	1	1804	买盘
14:48:33	18.01	-0.03	100	180100	卖盘
14:48:30	18.04	--	4	7216	买盘
14:48:24	18.04	--	1	1804	买盘
14:48:21	18.04	0.01	1	1804	买盘
14:48:18	18.03	--	15	27045	卖盘
14:48:12	18.03	-0.01	4	7212	卖盘
14:48:03	18.04	--	1	1804	买盘
14:48:00	18.04	--	1	1804	买盘
14:47:51	18.04	--	1	1804	买盘
14:47:39	18.04	--	1	1804	买盘
14:47:36	18.04	--	9	16236	买盘
14:47:33	18.04	--	1	1804	买盘
14:47:30	18.04	--	1	1804	买盘
14:47:12	18.04	--	1	1804	买盘
14:47:09	18.04	0.01	1	1804	买盘
14:47:03	18.03	--	10	18030	卖盘
14:46:54	18.03	0.01	33	59499	买盘
14:46:51	18.02	--	2	3604	买盘
14:46:48	18.02	-0.01	97	174794	卖盘
14:46:39	18.03	--	1	1803	买盘
14:46:36	18.03	--	9	16227	买盘
14:46:33	18.03	--	1	1803	买盘
14:46:30	18.03	--	1	1803	买盘
14:46:21	18.03	--	1	1803	买盘
14:46:18	18.03	--	10	18030	买盘
14:46:15	18.03	--	10	18030	买盘
14:46:12	18.03	--	1	1803	买盘
14:46:09	18.03	--	1	1803	买盘
14:46:06	18.03	-0.01	58	104574	卖盘
14:46:00	18.04	--	1	1804	买盘
14:45:51	18.04	--	2	3608	买盘
14:45:39	18.04	--	1	1804	买盘
14:45:36	18.04	--	9	16236	买盘
14:45:33	18.04	--	1	1804	买盘
14:45:30	18.04	--	8	14432	买盘
14:45:24	18.04	-0.01	13	23452	卖盘
14:45:21	18.05	--	1	1805	买盘
14:45:12	18.05	--	1	1805	买盘
14:45:09	18.05	--	1	1805	买盘
14:45:00	18.05	--	1	1805	买盘
14:44:51	18.05	0.01	2	3610	买盘
14:44:45	18.04	--	12	21648	卖盘
14:44:42	18.04	--	127	229108	买盘
14:44:39	18.04	--	2	3608	买盘
14:44:36	18.04	--	9	16236	买盘
14:44:33	18.04	--	1	1804	买盘
14:44:30	18.04	--	1	1804	买盘
14:44:27	18.04	-0.01	14	25256	卖盘
14:44:21	18.05	--	1	1805	买盘
14:44:12	18.05	--	1	1805	买盘
14:44:09	18.05	--	1	1805	买盘
14:44:00	18.05	0.01	1	1805	买盘
14:43:51	18.04	0.01	7	12628	买盘
14:43:48	18.03	--	100	180300	卖盘
14:43:45	18.03	-0.01	1	1803	卖盘
14:43:39	18.04	--	1	1804	买盘
14:43:36	18.04	--	9	16236	买盘
14:43:30	18.04	--	1	1804	买盘
14:43:21	18.04	0.01	1	1804	买盘
14:43:03	18.03	-0.01	3	5409	卖盘
14:43:00	18.04	--	1	1804	买盘
14:42:51	18.04	0.01	1	1804	买盘
14:42:45	18.03	-0.01	1	1803	卖盘
14:42:42	18.04	--	1	1804	买盘
14:42:39	18.04	--	1	1804	买盘
14:42:30	18.04	--	1	1804	买盘
14:42:21	18.04	--	1	1804	买盘
14:42:12	18.04	--	1	1804	买盘
14:42:00	18.04	--	1	1804	买盘
14:41:51	18.04	--	4	7216	买盘
14:41:48	18.04	--	1	1804	买盘
14:41:39	18.04	--	1	1804	买盘
14:41:36	18.04	-0.01	2	3608	卖盘
14:41:30	18.05	0.01	1	1805	买盘
14:41:24	18.04	-0.01	50	90200	卖盘
14:41:18	18.05	--	1	1805	买盘
14:41:09	18.05	--	1	1805	买盘
14:41:00	18.05	--	1	1805	买盘
14:40:48	18.05	0.01	1	1805	买盘
14:40:42	18.04	-0.01	29	52316	卖盘
14:40:39	18.05	0.01	1	1805	买盘
14:40:36	18.04	--	7	12628	卖盘
14:40:33	18.04	--	22	39688	买盘
14:40:30	18.04	--	1	1804	买盘
14:40:18	18.04	--	1	1804	买盘
14:40:15	18.04	-0.01	8	14432	卖盘
14:40:09	18.05	0.01	1	1805	买盘
14:40:03	18.04	-0.01	7	12628	卖盘
14:40:00	18.05	--	1	1805	买盘
14:39:48	18.05	0.01	1	1805	买盘
14:39:45	18.04	-0.01	100	180400	卖盘
14:39:39	18.05	--	1	1805	买盘
14:39:30	18.05	0.01	1	1805	买盘
14:39:24	18.04	-0.01	2	3608	卖盘
14:39:21	18.05	0.01	1	1805	买盘
14:39:15	18.04	-0.01	1	1804	卖盘
14:39:09	18.05	--	1	1805	买盘
14:39:03	18.05	-0.01	2	3898	卖盘
14:38:51	18.06	0.01	16	28895	买盘
14:38:45	18.05	--	2	3610	卖盘
14:38:42	18.05	-0.01	5	9313	卖盘
14:38:39	18.06	0.01	1	1805	买盘
14:38:33	18.05	-0.01	5	9025	卖盘
14:38:30	18.06	--	1	1805	买盘
14:38:27	18.06	0.01	20	36120	买盘
14:38:24	18.05	-0.01	5	9331	卖盘
14:38:21	18.06	--	1	1805	买盘
14:38:09	18.06	0.01	1	1805	买盘
14:38:06	18.05	-0.01	5	9331	卖盘
14:38:00	18.06	--	11	19866	买盘
14:37:51	18.06	0.01	1	1805	买盘
14:37:45	18.05	-0.01	5	9331	卖盘
14:37:39	18.06	0.01	12	21672	买盘
14:37:33	18.05	-0.01	20	36406	卖盘
14:37:30	18.06	--	1	1805	买盘
14:37:21	18.06	0.01	84	151704	买盘
14:37:12	18.05	-0.01	1	1805	卖盘
14:37:09	18.06	0.01	101	182406	买盘
14:37:00	18.05	-0.01	3	5415	卖盘
14:36:51	18.06	--	1	1805	买盘
14:36:39	18.06	--	1	1805	买盘
14:36:36	18.06	--	30	54179	买盘
14:36:33	18.06	--	100	180600	买盘
14:36:30	18.06	--	1	1805	买盘
14:36:24	18.06	--	16	28895	买盘
14:36:21	18.06	--	6	10836	买盘
14:36:09	18.06	0.01	1	1805	买盘
14:36:00	18.05	-0.01	3	5415	卖盘
14:35:54	18.06	-0.02	16	28895	卖盘
14:35:48	18.08	--	1	1807	买盘
14:35:39	18.08	0.02	1	1807	买盘
14:35:33	18.06	-0.01	9	16253	卖盘
14:35:30	18.07	--	1	1807	买盘
14:35:24	18.07	--	2	3614	买盘
14:35:21	18.07	-0.01	1	1807	中性盘
14:35:15	18.08	0.01	227	410415	买盘
14:35:09	18.07	--	1	1807	买盘
14:35:00	18.07	--	1	1807	买盘
14:34:45	18.07	--	19	34333	买盘
14:34:39	18.07	--	1	1807	买盘
14:34:30	18.07	0.02	3	5421	买盘
14:34:27	18.05	-0.02	82	148010	卖盘
14:34:21	18.07	--	232	419224	卖盘
14:34:15	18.07	--	64	115648	买盘
14:34:09	18.07	--	1	1807	买盘
14:34:00	18.07	0.01	1	1807	买盘
14:33:48	18.06	--	22	39732	买盘
14:33:39	18.06	--	1	1805	买盘
14:33:30	18.06	--	1	1805	买盘
14:33:24	18.06	--	2	3611	买盘
14:33:21	18.06	--	10	18060	买盘
14:33:18	18.06	--	1	1805	买盘
14:33:09	18.06	--	41	74046	买盘
14:33:00	18.06	--	1	1805	买盘
14:32:48	18.06	--	1	1805	买盘
14:32:42	18.06	-0.01	2	3611	中性盘
14:31:48	18.07	--	2	3614	买盘
14:31:24	18.07	--	2	3614	买盘
14:30:39	18.07	0.02	2	3614	中性盘
14:30:12	18.05	-0.03	7	12635	卖盘
14:30:06	18.08	--	1	1807	买盘
14:30:03	18.08	--	8	14463	买盘
14:29:57	18.08	--	1	1807	买盘
14:29:54	18.08	--	12	21695	买盘
14:29:45	18.08	--	1	1807	买盘
14:29:42	18.08	--	9	16271	买盘
14:29:36	18.08	--	1	1807	买盘
14:29:33	18.08	--	16	28927	买盘
14:29:30	18.08	--	2	3615	买盘
14:29:27	18.08	--	1	1807	买盘
14:29:15	18.08	--	16	28927	买盘
14:29:12	18.08	--	1	1807	买盘
14:29:06	18.08	0.03	3	5423	买盘
14:28:51	18.05	--	16	28880	买盘
14:28:48	18.05	--	14	25270	买盘
14:28:45	18.05	--	3	5415	买盘
14:28:42	18.05	--	5	9025	买盘
14:28:39	18.05	-0.03	13	23465	卖盘
14:28:36	18.08	--	1	1807	买盘
14:28:33	18.08	0.03	1	1807	买盘
14:28:27	18.05	-0.01	100	180500	卖盘
14:28:24	18.06	--	3	5418	买盘
14:28:15	18.06	--	1	1805	买盘
14:27:57	18.06	--	1	1805	买盘
14:27:45	18.06	--	1	1805	买盘
14:27:39	18.06	--	6	10836	买盘
14:27:36	18.06	--	1	1805	买盘
14:27:27	18.06	0.01	1	1805	中性盘
14:27:21	18.05	-0.03	60	108300	卖盘
14:27:15	18.08	--	1	1807	买盘
14:27:12	18.08	--	1	1807	买盘
14:27:06	18.08	--	1	1807	买盘
14:26:57	18.08	--	1	1807	买盘
14:26:48	18.08	0.02	3	5423	买盘
14:26:42	18.06	-0.02	30	54179	卖盘
14:26:36	18.08	--	1	1807	买盘
14:26:27	18.08	-0.01	7	12655	卖盘
14:26:24	18.09	--	2	3618	买盘
14:26:18	18.09	--	1	1809	买盘
14:26:12	18.09	0.01	6	10854	买盘
14:26:09	18.08	-0.01	2	3615	卖盘
14:26:06	18.09	0.01	1	1809	买盘
14:25:57	18.08	--	89	160911	买盘
14:25:54	18.08	--	1	1807	买盘
14:25:48	18.08	0.02	1	1807	买盘
14:25:39	18.06	--	17	30701	卖盘
14:25:33	18.06	0.02	10	18060	买盘
14:25:30	18.04	-0.02	5	9020	卖盘
14:25:27	18.06	0.02	1	1805	买盘
14:25:18	18.04	-0.02	31	55924	卖盘
14:25:15	18.06	--	1	1805	买盘
14:25:06	18.06	--	1	1805	买盘
14:24:57	18.06	--	1	1805	买盘
14:24:42	18.06	0.02	1	1805	中性盘
14:24:36	18.04	-0.05	3	5412	卖盘
14:24:33	18.09	--	1	1809	买盘
14:24:27	18.09	--	3	5427	买盘
14:24:24	18.09	--	2	3618	买盘
14:24:15	18.09	--	1	1809	买盘
14:24:12	18.09	0.05	1	1809	买盘
14:24:06	18.04	--	16	28864	卖盘
14:24:03	18.04	-0.01	20	36080	卖盘
14:23:57	18.05	0.01	1	1805	买盘
14:23:48	18.04	-0.01	4	7216	卖盘
14:23:45	18.05	--	1	1805	买盘
14:23:36	18.05	--	1	1805	买盘
14:23:27	18.05	--	2	3610	卖盘
14:23:24	18.05	-0.04	6	10830	卖盘
14:23:18	18.09	--	1	1809	买盘
14:23:12	18.09	--	1	1809	买盘
14:23:06	18.09	--	1	1809	买盘
14:23:03	18.09	--	1	1809	买盘
14:22:57	18.09	--	1	1809	买盘
14:22:54	18.09	--	1	1809	买盘
14:22:45	18.09	--	1	1809	买盘
14:22:36	18.09	--	1	1809	买盘
14:22:33	18.09	--	1	1809	买盘
14:22:24	18.09	0.05	2	3618	买盘
14:22:21	18.04	-0.02	6	10824	卖盘
14:22:15	18.06	0.01	11	19866	中性盘
14:22:12	18.05	--	2	3610	卖盘
14:22:06	18.05	-0.03	35	63175	卖盘
14:22:03	18.08	0.03	45	81359	买盘
14:22:00	18.05	--	6	10830	卖盘
14:21:57	18.05	--	8	14440	卖盘
14:21:54	18.05	--	5	9025	卖盘
14:21:51	18.05	--	5	9025	卖盘
14:21:45	18.05	-0.03	12	21660	卖盘
14:21:36	18.08	--	1	1807	买盘
14:21:15	18.08	--	46	83167	买盘
14:21:06	18.08	--	1	1807	买盘
14:20:57	18.08	--	1	1807	买盘
14:20:45	18.08	--	41	74128	买盘
14:20:36	18.08	--	1	1807	买盘
14:20:27	18.08	--	11	19887	买盘
14:20:15	18.08	0.03	1	1807	买盘
14:20:06	18.05	--	20	36100	卖盘
14:20:03	18.05	--	89	160645	买盘
14:19:57	18.05	--	1	1805	买盘
14:19:45	18.05	0.01	1	1805	买盘
14:19:39	18.04	--	6	10824	买盘
14:19:36	18.04	--	1	1804	买盘
14:19:27	18.04	--	1	1804	买盘
14:19:15	18.04	--	1	1804	买盘
14:19:09	18.04	--	5	9020	买盘
14:19:06	18.04	--	1	1804	买盘
14:18:57	18.04	--	1	1804	买盘
14:18:45	18.04	--	1	1804	买盘
14:18:39	18.04	--	2	3608	买盘
14:18:36	18.04	--	1	1804	买盘
14:18:33	18.04	-0.01	11	19844	卖盘
14:18:24	18.05	0.01	20	36100	买盘
14:18:15	18.04	--	18	32472	卖盘
14:18:06	18.04	-0.01	40	72160	卖盘
14:17:57	18.05	--	1	1805	买盘
14:17:45	18.05	0.01	1	1805	买盘
14:17:39	18.04	-0.01	41	73964	卖盘
14:17:36	18.05	0.01	11	19855	买盘
14:17:33	18.04	-0.01	10	18040	卖盘
14:17:27	18.05	-0.04	1	1805	中性盘
14:17:15	18.09	0.05	1	1809	买盘
14:17:12	18.04	-0.01	1	1804	卖盘
14:17:06	18.05	--	1	1805	买盘
14:16:57	18.05	--	1	1805	买盘
14:16:45	18.05	--	1	1805	买盘
14:16:39	18.05	--	1	1805	买盘
14:16:36	18.05	0.01	1	1805	买盘
14:16:33	18.04	-0.01	7	12628	卖盘
14:16:24	18.05	--	1	1805	买盘
14:16:15	18.05	--	1	1805	买盘
14:16:06	18.05	-0.01	5	9025	卖盘
14:15:54	18.06	--	1	1805	买盘
14:15:45	18.06	--	97	175182	买盘
14:15:39	18.06	--	1	1805	买盘
14:15:36	18.06	--	1	1805	买盘
14:15:24	18.06	--	1	1805	买盘
14:15:15	18.06	--	1	1805	买盘
14:15:06	18.06	0.01	8	14447	买盘
14:15:03	18.05	-0.01	2	3610	卖盘
14:14:54	18.06	--	1	1805	买盘
14:14:39	18.06	--	1	1805	买盘
14:14:36	18.06	--	1	1805	买盘
14:14:27	18.06	-0.04	39	70434	卖盘
14:14:24	18.1	0.04	1	1810	买盘
14:14:15	18.06	--	32	57791	卖盘
14:14:12	18.06	-0.02	5	9030	卖盘
14:14:09	18.08	--	33	59663	买盘
14:14:06	18.08	--	1	1807	买盘
14:13:54	18.08	--	1	1807	买盘
14:13:45	18.08	--	1	1807	买盘
14:13:39	18.08	--	1	1807	买盘
14:13:36	18.08	0.02	1	1807	买盘
14:13:33	18.06	-0.02	3	5418	卖盘
14:13:27	18.08	--	1	1807	买盘
14:13:15	18.08	0.02	1	1807	买盘
14:13:12	18.06	-0.02	8	14447	卖盘
14:13:06	18.08	--	1	1807	买盘
14:12:45	18.08	--	3	5423	买盘
14:12:39	18.08	--	1	1807	买盘
14:12:12	18.08	-0.02	20	36160	卖盘
14:11:39	18.1	0.02	1	1810	买盘
14:11:27	18.08	--	9	16271	卖盘
14:11:18	18.08	0.03	2	3615	中性盘
14:10:42	18.05	-0.05	46	83030	卖盘
14:10:39	18.1	--	1	1810	买盘
14:10:36	18.1	0.03	4	7240	买盘
14:09:51	18.07	-0.03	5	9035	卖盘
14:09:39	18.1	0.01	1	1810	买盘
14:09:36	18.09	0.02	5	9045	买盘
14:09:03	18.07	-0.02	1	1807	卖盘
14:08:45	18.09	-0.01	1	1809	卖盘
14:08:39	18.1	-0.01	21	38010	中性盘
14:07:57	18.11	0.02	55	99605	买盘
14:07:39	18.09	-0.01	12	21708	中性盘
14:07:15	18.1	0.01	165	298650	买盘
14:06:42	18.09	-0.01	165	298485	卖盘
14:06:39	18.1	0.01	1	1810	买盘
14:06:24	18.09	--	5	9045	卖盘
14:06:21	18.09	-0.01	80	144720	卖盘
14:06:18	18.1	0.01	1	1810	买盘
14:06:15	18.09	-0.01	74	133866	卖盘
14:05:39	18.1	0.01	1	1810	买盘
14:05:36	18.09	-0.01	1	1809	卖盘
14:05:33	18.1	-0.01	27	48870	卖盘
14:05:21	18.11	--	1	1811	买盘
14:05:18	18.11	0.01	10	18110	买盘
14:05:12	18.1	-0.01	5	9050	卖盘
14:05:03	18.11	0.01	5	9055	买盘
14:04:57	18.1	-0.01	2	3620	卖盘
14:04:39	18.11	--	1	1811	买盘
14:04:27	18.11	--	1	1811	买盘
14:03:45	18.11	-0.02	20	36220	卖盘
14:03:39	18.13	--	1	1813	买盘
14:03:33	18.13	--	1	1813	买盘
14:02:39	18.13	--	1	1813	买盘
14:02:30	18.13	0.03	1	1813	买盘
14:02:24	18.1	-0.03	20	36200	卖盘
14:02:00	18.13	0.01	56	101528	买盘
14:01:57	18.12	-0.01	6	10872	卖盘
14:01:51	18.13	0.01	34	61642	买盘
14:01:42	18.12	-0.01	2	3624	卖盘
14:01:39	18.13	0.01	1	1813	买盘
14:01:36	18.12	-0.01	21	38052	卖盘
14:00:45	18.13	--	28	50764	买盘
14:00:42	18.13	--	1	1813	买盘
14:00:39	18.13	0.01	1	1813	买盘
14:00:36	18.12	-0.01	5	9060	卖盘
14:00:06	18.13	--	110	199430	买盘
13:59:45	18.13	0.01	1	1813	买盘
13:59:39	18.12	0.02	3	5436	买盘
13:59:36	18.1	-0.02	78	141180	卖盘
13:59:33	18.12	--	1	1812	买盘
13:59:30	18.12	--	2	3624	买盘
13:59:12	18.12	--	2	3624	买盘
13:58:51	18.12	-0.01	3	5436	中性盘
13:58:39	18.13	0.01	11	19943	买盘
13:58:27	18.12	-0.01	1	1812	中性盘
13:58:15	18.13	--	1	1813	买盘
13:58:12	18.13	--	5	9065	买盘
13:57:57	18.13	--	4	7252	买盘
13:57:51	18.13	--	1	1813	买盘
13:57:45	18.13	--	18	32634	买盘
13:57:42	18.13	--	5	9065	买盘
13:57:39	18.13	--	1	1813	买盘
13:57:36	18.13	0.03	11	19943	买盘
13:57:27	18.1	-0.03	15	27150	卖盘
13:57:24	18.13	0.03	14	25382	买盘
13:57:15	18.1	0.01	117	211770	买盘
13:57:06	18.09	0.03	67	121203	买盘
13:57:03	18.06	--	17	30701	买盘
13:56:54	18.06	--	5	9030	买盘
13:56:51	18.06	--	5	9030	买盘
13:56:42	18.06	--	3	5418	买盘
13:56:39	18.06	--	1	1805	买盘
13:56:30	18.06	--	78	140868	买盘
13:56:12	18.06	--	30	54179	买盘
13:56:06	18.06	--	38	68628	买盘
13:56:00	18.06	--	32	57791	买盘
13:55:39	18.06	--	1	1805	买盘
13:55:36	18.06	-0.03	20	36120	中性盘
13:55:06	18.09	0.07	3	5427	买盘
13:54:33	18.02	-0.08	42	75684	卖盘
13:54:24	18.1	--	89	161090	买盘
13:54:09	18.1	0.07	346	626260	买盘
13:54:03	18.03	-0.03	42	75726	卖盘
13:53:45	18.06	0.01	277	500261	买盘
13:53:42	18.05	--	20	36100	买盘
13:53:21	18.05	0.03	34	61370	买盘
13:53:06	18.02	--	42	75684	卖盘
13:52:48	18.02	--	2	3604	卖盘
13:52:42	18.02	0.01	2	3604	中性盘
13:52:15	18.01	-0.01	6	10806	卖盘
13:52:06	18.02	--	19	34238	买盘
13:51:45	18.02	-0.01	2	3604	卖盘
13:51:30	18.03	0.02	2	3606	买盘
13:51:03	18.01	-0.02	1	1801	卖盘
13:50:54	18.03	--	40	72120	买盘
13:50:42	18.03	0.02	1	1803	买盘
13:50:09	18.01	--	5	9005	买盘
13:50:03	18.01	--	13	23413	买盘
13:49:57	18.01	--	1	1801	买盘
13:49:54	18.01	-0.02	40	72040	卖盘
13:49:48	18.03	--	1	1803	买盘
13:49:21	18.03	--	16	28848	买盘
13:49:00	18.03	--	1	1803	买盘
13:48:51	18.03	0.02	1	1803	买盘
13:48:33	18.01	-0.02	10	18010	卖盘
13:47:57	18.03	0.02	1	1803	买盘
13:47:48	18.01	--	2	3602	卖盘
13:47:45	18.01	-0.02	89	160289	卖盘
13:47:27	18.03	0.01	26	46878	买盘
13:47:21	18.02	-0.01	4	7208	卖盘
13:47:18	18.03	--	100	180300	买盘
13:47:15	18.03	0.01	174	313722	买盘
13:47:06	18.02	-0.01	4	7208	卖盘
13:47:03	18.03	--	14	25242	买盘
13:46:57	18.03	0.01	1	1803	买盘
13:46:39	18.02	0.01	10	18020	买盘
13:46:18	18.01	-0.01	3	5403	卖盘
13:46:03	18.02	--	2	3604	买盘
13:45:48	18.02	-0.01	6	10812	卖盘
13:45:45	18.03	--	22	39666	买盘
13:45:39	18.03	0.01	17	30651	买盘
13:45:24	18.02	--	3	5406	卖盘
13:45:21	18.02	--	10	18020	买盘
13:45:15	18.02	--	32	57664	买盘
13:45:12	18.02	--	20	36040	买盘
13:45:06	18.02	--	1	1802	买盘
13:45:03	18.02	0.01	19	34238	买盘
13:44:57	18.01	--	5	9005	卖盘
13:44:39	18.01	-0.01	16	28816	卖盘
13:44:36	18.02	0.02	1	1802	买盘
13:44:33	18.0	-0.01	1	1800	卖盘
13:44:24	18.01	0.01	56	100856	买盘
13:44:21	18.0	-0.01	28	50400	卖盘
13:44:15	18.01	--	17	30617	买盘
13:44:12	18.01	--	1	1801	买盘
13:44:06	18.01	--	13	23413	买盘
13:43:54	18.01	--	140	252140	卖盘
13:43:51	18.01	-0.01	2	3602	卖盘
13:43:36	18.02	-0.01	45	81090	卖盘
13:43:15	18.03	--	1	1803	买盘
13:42:54	18.03	--	62	111786	卖盘
13:42:45	18.03	-0.01	13	23439	卖盘
13:42:36	18.04	--	14	25256	买盘
13:42:33	18.04	--	7	12628	卖盘
13:42:21	18.04	-0.01	100	180400	卖盘
13:42:18	18.05	--	20	36100	买盘
13:42:15	18.05	0.01	13	23465	买盘
13:42:12	18.04	-0.01	5	9020	卖盘
13:42:09	18.05	--	17	30685	买盘
13:41:42	18.05	0.01	29	52345	买盘
13:41:36	18.04	-0.01	5	9020	卖盘
13:40:51	18.05	0.01	1	1805	买盘
13:40:45	18.04	--	1	1804	卖盘
13:40:36	18.04	--	20	36080	卖盘
13:40:18	18.04	--	1	1804	卖盘
13:40:06	18.04	-0.01	34	61336	卖盘
13:39:57	18.05	--	1	1805	买盘
13:39:24	18.05	--	17	30685	买盘
13:39:09	18.05	-0.01	144	259920	卖盘
13:39:03	18.06	--	1	1805	买盘
13:38:45	18.06	0.02	13	23478	买盘
13:38:24	18.04	-0.02	1	1804	卖盘
13:38:06	18.06	0.01	1	1805	买盘
13:37:30	18.05	-0.01	2	3610	卖盘
13:37:12	18.06	--	10	18060	买盘
13:37:06	18.06	--	1	1805	买盘
13:36:57	18.06	0.01	2	3611	买盘
13:36:51	18.05	-0.01	33	59565	卖盘
13:36:42	18.06	0.01	9	16253	买盘
13:36:27	18.05	--	3	5415	卖盘
13:36:21	18.05	-0.01	2	3610	卖盘
13:36:12	18.06	0.01	1	1805	买盘
13:36:06	18.05	--	1	1805	卖盘
13:36:00	18.05	--	30	54150	卖盘
13:35:36	18.05	--	5	9025	卖盘
13:35:33	18.05	0.01	7	12635	买盘
13:35:21	18.04	-0.01	2	3608	卖盘
13:35:15	18.05	--	1	1805	买盘
13:35:00	18.05	0.01	1	1805	买盘
13:34:51	18.04	-0.04	1	1804	卖盘
13:34:21	18.08	0.04	1	1807	买盘
13:34:18	18.04	-0.01	140	252560	卖盘
13:33:57	18.05	--	5	9025	卖盘
13:33:45	18.05	-0.04	3	5415	卖盘
13:33:39	18.09	0.01	3	5427	买盘
13:33:27	18.08	0.03	1	1807	中性盘
13:33:21	18.05	--	2	3610	卖盘
13:32:21	18.05	--	4	7220	卖盘
13:32:18	18.05	--	2	3610	卖盘
13:31:27	18.05	-0.01	70	126350	卖盘
13:31:18	18.06	--	2	3611	卖盘
13:30:54	18.06	--	15	27089	卖盘
13:30:24	18.06	-0.01	72	130031	卖盘
13:30:18	18.07	--	2	3614	卖盘
13:30:12	18.07	0.01	12	21684	买盘
13:30:03	18.06	-0.01	7	12642	卖盘
13:29:51	18.07	0.01	1	1807	买盘
13:29:36	18.06	-0.01	1	1805	卖盘
13:29:18	18.07	0.01	43	77701	买盘
13:29:09	18.06	--	23	41538	买盘
13:28:42	18.06	--	24	43344	卖盘
13:28:36	18.06	-0.01	3	5418	卖盘
13:28:30	18.07	0.01	2	3614	买盘
13:28:18	18.06	0.02	42	75852	买盘
13:28:15	18.04	--	2	3608	卖盘
13:27:54	18.04	--	85	153340	买盘
13:27:18	18.04	0.01	1	1804	买盘
13:27:15	18.03	-0.01	2	3606	卖盘
13:26:57	18.04	--	111	200244	买盘
13:26:54	18.04	--	4	7216	卖盘
13:26:48	18.04	-0.01	7	12628	卖盘
13:26:42	18.05	--	1	1805	买盘
13:26:24	18.05	--	1	1805	中性盘
13:26:09	18.05	-0.01	1	1805	卖盘
13:25:27	18.06	--	3	5418	买盘
13:25:12	18.06	-0.01	10	18060	卖盘
13:24:54	18.07	--	7	12649	买盘
13:24:30	18.07	0.01	1	1807	买盘
13:24:18	18.06	-0.01	35	63209	卖盘
13:24:03	18.07	--	111	200577	卖盘
13:23:33	18.07	-0.01	20	36140	卖盘
13:23:30	18.08	--	1	1807	卖盘
13:23:27	18.08	0.01	14	25311	买盘
13:23:12	18.07	-0.01	15	27105	卖盘
13:23:06	18.08	--	5	9040	买盘
13:22:36	18.08	--	1	1807	买盘
13:22:12	18.08	--	55	99439	卖盘
13:21:57	18.08	-0.01	8	14463	卖盘
13:21:42	18.09	0.01	4	7236	买盘
13:21:30	18.08	--	10	18080	卖盘
13:21:12	18.08	-0.01	2	3615	卖盘
13:20:45	18.09	--	1	1809	买盘
13:20:42	18.09	0.01	3	5427	买盘
13:20:27	18.08	--	17	30735	卖盘
13:20:09	18.08	-0.01	2	3615	卖盘
13:19:51	18.09	--	1	1809	买盘
13:19:48	18.09	0.01	1	1809	买盘
13:19:36	18.08	--	5	9040	卖盘
13:19:09	18.08	-0.01	2	3615	卖盘
13:18:24	18.09	0.01	10	18090	买盘
13:18:09	18.08	-0.01	2	3615	卖盘
13:18:03	18.09	0.01	16	28944	买盘
13:18:00	18.08	-0.01	5	9040	卖盘
13:17:39	18.09	0.01	5	9045	买盘
13:17:36	18.08	--	5	9040	卖盘
13:17:09	18.08	-0.01	2	3615	卖盘
13:16:27	18.09	0.01	4	7236	买盘
13:16:09	18.08	--	34	61471	买盘
13:15:15	18.08	0.01	4	7231	买盘
13:15:09	18.07	-0.01	2	3614	卖盘
13:14:21	18.08	0.01	1	1807	买盘
13:14:06	18.07	--	2	3614	卖盘
13:14:00	18.07	-0.01	1	1807	卖盘
13:13:24	18.08	0.01	1	1807	买盘
13:13:15	18.07	0.01	6	10842	买盘
13:13:09	18.06	-0.01	29	52373	卖盘
13:13:06	18.07	--	2	3614	卖盘
13:12:51	18.07	0.01	7	12649	买盘
13:12:48	18.06	--	3	5418	卖盘
13:12:33	18.06	-0.01	5	9030	卖盘
13:12:30	18.07	--	1	1807	买盘
13:12:18	18.07	0.01	11	19877	买盘
13:12:06	18.06	-0.01	2	3611	卖盘
13:11:30	18.07	--	1	1807	买盘
13:11:27	18.07	0.01	1	1807	买盘
13:11:12	18.06	--	5	9030	中性盘
13:10:33	18.06	--	1	1805	买盘
13:10:24	18.06	--	13	23478	卖盘
13:10:09	18.06	--	12	21672	买盘
13:09:39	18.06	--	1	1805	买盘
13:08:42	18.06	0.03	1	1805	买盘
13:08:00	18.03	--	5	9015	买盘
13:07:48	18.03	--	1	1803	买盘
13:07:45	18.03	--	5	9015	买盘
13:07:24	18.03	--	5	9015	买盘
13:06:39	18.03	0.01	67	120801	买盘
13:06:36	18.02	-0.01	1	1802	卖盘
13:06:30	18.03	0.01	10	18030	买盘
13:05:57	18.02	-0.01	1	1802	卖盘
13:05:48	18.03	--	5	9015	买盘
13:04:57	18.03	0.01	1	1803	买盘
13:04:30	18.02	--	50	90100	卖盘
13:03:39	18.02	--	5	9010	卖盘
13:03:06	18.02	--	1	1802	卖盘
13:02:45	18.02	-0.01	6	10812	卖盘
13:02:39	18.03	0.01	1	1803	买盘
13:02:36	18.02	-0.01	4	7208	卖盘
13:02:27	18.03	0.01	2	3606	买盘
13:02:15	18.02	-0.01	20	36040	卖盘
13:02:06	18.03	0.01	42	75726	买盘
13:01:51	18.02	-0.01	5	9010	卖盘
13:00:06	18.03	--	102	183906	卖盘
13:00:03	18.03	--	0	0	卖盘
11:30:03	18.03	--	0	0	卖盘
11:29:54	18.03	--	20	36060	卖盘
11:29:36	18.03	-0.02	20	36060	卖盘
11:29:24	18.05	--	8	14440	买盘
11:29:12	18.05	--	2	3610	买盘
11:29:03	18.05	0.02	1	1805	买盘
11:28:51	18.03	--	21	37863	卖盘
11:28:36	18.03	-0.02	16	28848	卖盘
11:28:27	18.05	--	1	1805	买盘
11:28:06	18.05	0.02	5	9025	买盘
11:28:00	18.03	-0.02	20	36060	卖盘
11:27:30	18.05	0.02	1	1805	买盘
11:27:24	18.03	--	2	3606	卖盘
11:26:54	18.03	-0.02	1	1803	卖盘
11:26:36	18.05	--	1	1805	买盘
11:26:33	18.05	--	1	1805	买盘
11:26:24	18.05	--	15	27075	卖盘
11:26:21	18.05	-0.01	15	27075	卖盘
11:26:12	18.06	--	5	9030	买盘
11:25:42	18.06	--	1	1805	买盘
11:25:39	18.06	0.01	15	27089	买盘
11:25:03	18.05	--	10	18050	买盘
11:24:42	18.05	0.02	1	1805	买盘
11:24:36	18.03	--	19	34257	卖盘
11:24:24	18.03	0.01	4	7212	买盘
11:24:06	18.02	-0.01	2	3604	卖盘
11:24:03	18.03	0.01	1	1803	买盘
11:23:48	18.02	-0.01	1	1802	卖盘
11:23:45	18.03	--	1	1803	买盘
11:23:27	18.03	--	100	180300	买盘
11:23:12	18.03	0.01	4	7212	买盘
11:22:57	18.02	--	11	19822	买盘
11:22:51	18.02	0.01	2	3604	买盘
11:22:48	18.01	-0.01	8	14408	卖盘
11:22:36	18.02	--	1	1802	买盘
11:22:15	18.02	--	5	9010	买盘
11:21:57	18.02	--	1	1802	买盘
11:21:54	18.02	0.01	1	1802	买盘
11:21:48	18.01	--	3	5403	卖盘
11:21:18	18.01	-0.01	3	5403	卖盘
11:21:09	18.02	--	10	18020	买盘
11:21:03	18.02	--	2	3604	买盘
11:21:00	18.02	0.01	2	3604	买盘
11:20:48	18.01	-0.01	3	5403	卖盘
11:20:45	18.02	--	14	25228	买盘
11:20:42	18.02	0.01	1	1802	买盘
11:20:24	18.01	--	10	18010	卖盘
11:20:18	18.01	-0.01	20	36020	卖盘
11:20:06	18.02	0.01	1	1802	买盘
11:19:48	18.01	-0.01	3	5403	卖盘
11:19:06	18.02	0.01	1	1802	买盘
11:18:51	18.01	--	20	36020	卖盘
11:18:48	18.01	-0.01	3	5403	卖盘
11:18:12	18.02	0.01	1	1802	买盘
11:17:48	18.01	-0.01	3	5403	卖盘
11:17:33	18.02	0.01	5	9010	买盘
11:17:30	18.01	-0.01	9	16209	卖盘
11:17:15	18.02	0.01	9	16218	买盘
11:17:12	18.01	-0.01	1	1801	卖盘
11:17:03	18.02	0.01	2	3604	买盘
11:16:48	18.01	-0.01	3	5403	卖盘
11:16:39	18.02	--	1	1802	买盘
11:16:21	18.02	--	1	1802	买盘
11:15:57	18.02	0.01	10	18020	买盘
11:15:48	18.01	-0.01	3	5403	卖盘
11:15:45	18.02	--	1	1802	买盘
11:15:42	18.02	--	1	1802	买盘
11:15:30	18.02	--	1	1802	买盘
11:15:24	18.02	--	1	1802	买盘
11:14:48	18.02	--	4	7208	买盘
11:14:36	18.02	0.01	10	18020	买盘
11:14:27	18.01	--	20	36020	卖盘
11:14:06	18.01	-0.01	1	1801	卖盘
11:13:48	18.02	0.01	1	1802	买盘
11:13:03	18.01	-0.01	3	5403	卖盘
11:12:54	18.02	0.01	1	1802	买盘
11:12:33	18.01	--	1	1801	卖盘
11:12:18	18.01	-0.01	20	36020	卖盘
11:12:12	18.02	--	40	72080	买盘
11:12:00	18.02	--	1	1802	买盘
11:11:24	18.02	--	19	34238	卖盘
11:11:12	18.02	--	1	1802	卖盘
11:11:09	18.02	-0.01	20	36040	卖盘
11:11:03	18.03	0.01	1	1803	买盘
11:10:30	18.02	-0.01	3	5406	卖盘
11:10:12	18.03	-0.02	9	16227	卖盘
11:10:09	18.05	0.02	1	1805	买盘
11:10:03	18.03	0.01	1	1803	中性盘
11:09:33	18.02	0.01	14	25228	买盘
11:09:30	18.01	--	3	5403	卖盘
11:09:06	18.01	--	28	50428	卖盘
11:09:00	18.01	--	50	90050	卖盘
11:08:45	18.01	--	71	127871	卖盘
11:08:30	18.01	--	3	5403	卖盘
11:08:15	18.01	--	7	12607	卖盘
11:08:09	18.01	--	7	12607	卖盘
11:07:39	18.01	-0.01	23	41423	卖盘
11:07:33	18.02	--	3	5406	卖盘
11:07:30	18.02	0.01	3	5406	中性盘
11:06:51	18.01	-0.01	4	7204	卖盘
11:06:45	18.02	-0.03	24	43248	卖盘
11:06:27	18.05	--	2	3610	中性盘
11:06:21	18.05	--	1	1805	卖盘
11:05:54	18.05	--	17	30685	卖盘
11:05:51	18.05	--	3	5415	卖盘
11:05:39	18.05	0.03	3	5415	中性盘
11:05:21	18.02	-0.03	52	93704	卖盘
11:05:18	18.05	--	10	18050	卖盘
11:05:15	18.05	--	20	36100	卖盘
11:05:06	18.05	0.03	69	124545	买盘
11:04:36	18.02	--	30	54060	卖盘
11:04:30	18.02	0.01	3	5406	中性盘
11:04:18	18.01	-0.04	17	30617	卖盘
11:04:12	18.05	0.04	1	1805	买盘
11:03:30	18.01	--	3	5403	卖盘
11:03:21	18.01	--	5	9005	卖盘
11:03:15	18.01	-0.04	17	30617	卖盘
11:02:57	18.05	0.05	1	1805	买盘
11:02:36	18.0	--	1	1800	卖盘
11:02:30	18.0	--	3	5400	卖盘
11:02:21	18.0	--	6	10800	卖盘
11:02:18	18.0	-0.01	12	21600	卖盘
11:02:09	18.01	--	14	25214	买盘
11:02:00	18.01	0.01	1	1801	买盘
11:01:57	18.0	-0.01	17	30600	卖盘
11:01:48	18.01	--	5	9005	买盘
11:01:27	18.01	0.01	15	27015	买盘
11:01:24	18.0	-0.01	23	41400	卖盘
11:01:06	18.01	0.01	1	1801	中性盘
11:00:36	18.0	-0.01	24	43200	卖盘
11:00:30	18.01	--	19	34219	卖盘
11:00:27	18.01	--	3	5403	卖盘
11:00:15	18.01	--	13	23413	买盘
11:00:12	18.01	0.01	1	1801	买盘
11:00:06	18.0	-0.01	2	3600	卖盘
10:59:45	18.01	-0.03	25	45025	卖盘
10:59:33	18.04	--	1	1804	买盘
10:59:12	18.04	0.04	1	1804	买盘
10:58:54	18.0	-0.01	24	43200	卖盘
10:58:48	18.01	--	1	1801	卖盘
10:58:45	18.01	-0.03	13	23413	卖盘
10:58:15	18.04	0.03	1	1804	买盘
10:58:06	18.01	0.01	15	27015	买盘
10:57:57	18.0	--	20	36000	卖盘
10:57:48	18.0	--	3	5400	卖盘
10:57:45	18.0	-0.05	22	39600	卖盘
10:57:39	18.05	0.04	5	9025	买盘
10:57:27	18.01	-0.04	12	21612	卖盘
10:57:21	18.05	--	1	1805	买盘
10:57:12	18.05	0.05	1	1805	买盘
10:56:54	18.0	--	27	48600	卖盘
10:56:48	18.0	-0.05	3	5400	卖盘
10:56:24	18.05	0.05	1	1805	买盘
10:56:21	18.0	-0.05	8	14400	卖盘
10:56:18	18.05	0.05	1	1805	买盘
10:56:12	18.0	-0.01	12	21600	卖盘
10:56:06	18.01	-0.04	20	36020	卖盘
10:55:54	18.05	0.05	1	1805	买盘
10:55:48	18.0	--	3	5400	卖盘
10:55:30	18.0	-0.05	19	34200	卖盘
10:55:21	18.05	0.05	1	1805	买盘
10:55:12	18.0	-0.01	21	37800	卖盘
10:55:06	18.01	0.01	9	16209	买盘
10:55:00	18.0	--	1	1800	卖盘
10:54:57	18.0	--	12	21600	卖盘
10:54:48	18.0	-0.01	3	5400	卖盘
10:54:42	18.01	0.01	10	18010	买盘
10:54:33	18.0	--	20	36000	卖盘
10:54:24	18.0	-0.01	19	34200	卖盘
10:54:21	18.01	0.01	1	1801	买盘
10:54:09	18.0	--	21	37800	卖盘
10:54:06	18.0	-0.01	36	64800	卖盘
10:53:57	18.01	-0.04	3	5403	卖盘
10:53:51	18.05	0.04	1	1805	买盘
10:53:48	18.01	0.01	3	5403	中性盘
10:53:33	18.0	-0.06	24	43200	卖盘
10:53:27	18.06	0.06	1	1805	买盘
10:53:15	18.0	-0.01	13	23400	卖盘
10:52:57	18.01	--	15	27015	买盘
10:52:54	18.01	0.01	1	1801	买盘
10:52:51	18.0	--	13	23400	卖盘
10:52:48	18.0	--	12	21600	卖盘
10:52:42	18.0	-0.01	21	37800	卖盘
10:52:39	18.01	-0.06	20	36020	卖盘
10:52:33	18.07	0.06	1	1807	买盘
10:52:27	18.01	--	19	34219	卖盘
10:52:21	18.01	--	13	23413	卖盘
10:52:06	18.01	-0.02	20	36020	卖盘
10:52:00	18.03	--	21	37863	卖盘
10:51:51	18.03	--	5	9015	卖盘
10:51:48	18.03	--	3	5409	卖盘
10:51:45	18.03	--	61	109983	买盘
10:51:36	18.03	0.02	1	1803	买盘
10:51:24	18.01	-0.02	1	1801	卖盘
10:51:21	18.03	--	29	52287	买盘
10:51:06	18.03	0.03	1	1803	买盘
10:51:03	18.0	--	27	48600	卖盘
10:50:51	18.0	-0.01	62	111600	卖盘
10:50:48	18.01	--	104	187304	买盘
10:50:42	18.01	0.01	1	1801	买盘
10:50:09	18.0	-0.01	18	32400	卖盘
10:50:06	18.01	0.01	1	1801	买盘
10:49:57	18.0	--	2	3600	卖盘
10:49:48	18.0	-0.01	3	5400	卖盘
10:49:39	18.01	--	5	9005	买盘
10:49:36	18.01	--	5	9005	买盘
10:49:30	18.01	0.01	52	93652	买盘
10:49:15	18.0	-0.01	24	43200	卖盘
10:49:09	18.01	--	49	88249	卖盘
10:48:27	18.01	--	25	45025	卖盘
10:48:24	18.01	--	60	108060	卖盘
10:48:18	18.01	--	68	122468	买盘
10:48:15	18.01	--	1	1801	买盘
10:48:12	18.01	--	5	9005	买盘
10:47:57	18.01	--	7	12607	卖盘
10:47:51	18.01	--	13	23413	卖盘
10:47:48	18.01	--	26	46826	卖盘
10:47:39	18.01	--	19	34219	卖盘
10:47:36	18.01	--	23	41423	卖盘
10:47:33	18.01	--	1	1801	卖盘
10:47:30	18.01	--	13	23413	卖盘
10:47:24	18.01	-0.02	16	28816	卖盘
10:47:18	18.03	0.02	1	1803	买盘
10:47:12	18.01	-0.02	13	23413	卖盘
10:47:03	18.03	0.02	10	18030	买盘
10:47:00	18.01	--	10	18010	卖盘
10:46:54	18.01	--	16	28816	卖盘
10:46:51	18.01	--	2	3602	卖盘
10:46:48	18.01	--	12	21612	卖盘
10:46:45	18.01	--	12	21612	卖盘
10:46:33	18.01	-0.02	3	5403	卖盘
10:46:24	18.03	0.03	1	1803	买盘
10:45:54	18.0	-0.01	25	45000	卖盘
10:45:33	18.01	-0.02	3	5403	卖盘
10:45:30	18.03	0.03	1	1803	买盘
10:45:06	18.0	--	23	41400	卖盘
10:45:00	18.0	-0.03	11	19800	卖盘
10:44:36	18.03	0.03	1	1803	买盘
10:44:33	18.0	--	3	5400	卖盘
10:44:24	18.0	--	19	34200	买盘
10:43:42	18.0	--	40	72000	买盘
10:43:39	18.0	0.01	1	1800	买盘
10:43:36	17.99	--	17	30582	卖盘
10:43:33	17.99	-0.01	3	5396	卖盘
10:42:51	18.0	--	3	5400	买盘
10:42:48	18.0	--	3	5400	买盘
10:42:45	18.0	0.01	1	1800	买盘
10:42:33	17.99	-0.01	3	5396	卖盘
10:42:21	18.0	--	20	36000	买盘
10:41:45	18.0	--	1	1800	买盘
10:41:36	18.0	0.01	6	10800	买盘
10:41:33	17.99	--	3	5396	卖盘
10:41:21	17.99	0.01	7	12592	买盘
10:41:09	17.98	-0.01	23	41354	卖盘
10:41:06	17.99	0.01	10	17990	买盘
10:41:03	17.98	--	24	43152	卖盘
10:40:54	17.98	-0.02	1	1798	卖盘
10:40:48	18.0	--	1	1800	买盘
10:40:36	18.0	0.02	5	9000	买盘
10:40:33	17.98	--	3	5394	卖盘
10:40:21	17.98	0.01	48	86304	买盘
10:40:09	17.97	-0.01	23	41331	卖盘
10:40:06	17.98	--	10	17980	买盘
10:39:54	17.98	--	1	1798	买盘
10:39:39	17.98	--	5	8990	买盘
10:39:36	17.98	--	21	37758	卖盘
10:39:33	17.98	--	3	5394	卖盘
10:39:27	17.98	--	1	1798	卖盘
10:39:24	17.98	--	12	21576	卖盘
10:39:21	17.98	-0.01	40	71920	卖盘
10:39:15	17.99	--	7	12592	买盘
10:39:00	17.99	0.01	1	1798	买盘
10:38:54	17.98	--	53	95294	卖盘
10:38:36	17.98	-0.01	25	44950	卖盘
10:38:30	17.99	--	2	3597	卖盘
10:38:18	17.99	-0.01	6	10793	卖盘
10:38:06	18.0	-0.01	24	43200	卖盘
10:37:45	18.01	0.01	22	39622	买盘
10:37:39	18.0	--	12	21600	卖盘
10:37:33	18.0	-0.01	30	54000	卖盘
10:37:21	18.01	--	36	64836	卖盘
10:36:54	18.01	-0.02	30	54030	卖盘
10:36:48	18.03	0.01	1	1803	买盘
10:36:30	18.02	0.01	1	1802	中性盘
10:36:21	18.01	--	15	27015	卖盘
10:35:57	18.01	-0.02	53	95453	卖盘
10:35:54	18.03	0.01	1	1803	买盘
10:35:42	18.02	-0.01	31	55862	卖盘
10:35:36	18.03	--	2	3606	买盘
10:35:12	18.03	--	1	1803	买盘
10:35:00	18.03	--	1	1803	买盘
10:34:42	18.03	0.01	12	21636	买盘
10:34:27	18.02	--	10	18020	卖盘
10:34:24	18.02	--	4	7208	买盘
10:34:21	18.02	--	20	36040	买盘
10:34:03	18.02	-0.01	2	3604	卖盘
10:34:00	18.03	0.01	1	1803	买盘
10:33:54	18.02	--	9	16218	买盘
10:33:51	18.02	--	11	19822	卖盘
10:33:42	18.02	-0.01	3	5406	卖盘
10:33:03	18.03	0.01	1	1803	买盘
10:32:42	18.02	-0.01	3	5406	卖盘
10:32:30	18.03	--	26	46878	卖盘
10:32:06	18.03	--	5	9015	买盘
10:31:42	18.03	-0.03	2	3606	卖盘
10:31:15	18.06	--	1	1805	买盘
10:31:12	18.06	-0.01	6	10836	中性盘
10:31:03	18.07	--	1	1807	买盘
10:31:00	18.07	0.04	1	1807	买盘
10:30:42	18.03	-0.04	3	5409	卖盘
10:30:18	18.07	--	1	1807	买盘
10:30:09	18.07	0.05	1	1807	买盘
10:29:42	18.02	-0.05	3	5406	卖盘
10:29:12	18.07	--	1	1807	买盘
10:29:09	18.07	--	1	1807	买盘
10:28:45	18.07	0.05	1	1807	买盘
10:28:42	18.02	-0.05	3	5406	卖盘
10:28:36	18.07	--	1	1807	买盘
10:28:18	18.07	0.05	1	1807	买盘
10:28:03	18.02	--	5	9010	卖盘
10:27:45	18.02	--	6	10812	卖盘
10:27:42	18.02	-0.05	3	5406	卖盘
10:27:39	18.07	--	1	1807	买盘
10:27:21	18.07	--	1	1807	买盘
10:27:18	18.07	--	1	1807	买盘
10:27:00	18.07	0.05	1	1807	买盘
10:26:42	18.02	-0.05	3	5406	中性盘
10:26:24	18.07	--	1	1807	买盘
10:26:12	18.07	--	17	30719	买盘
10:26:06	18.07	0.06	20	36140	买盘
10:26:00	18.01	-0.06	6	10806	卖盘
10:25:51	18.07	--	14	25298	买盘
10:25:48	18.07	0.06	13	23491	买盘
10:25:36	18.01	-0.06	57	102657	卖盘
10:25:30	18.07	--	1	1807	买盘
10:25:27	18.07	--	1	1807	买盘
10:25:03	18.07	0.01	1	1807	买盘
10:24:33	18.06	-0.01	1	1805	中性盘
10:24:21	18.07	--	1	1807	买盘
10:23:48	18.07	0.01	1	1807	买盘
10:23:36	18.06	0.03	1	1805	买盘
10:23:33	18.03	--	1	1803	中性盘
10:23:21	18.03	--	1	1803	卖盘
10:23:15	18.03	--	4	7212	卖盘
10:23:12	18.03	0.04	10	18030	买盘
10:23:03	17.99	-0.04	3	5396	中性盘
10:22:45	18.03	--	1	1803	中性盘
10:22:33	18.03	--	3	5409	卖盘
10:22:12	18.03	--	5	9015	买盘
10:22:09	18.03	--	13	23439	买盘
10:22:06	18.03	--	37	66711	买盘
10:22:03	18.03	-0.04	8	14424	中性盘
10:21:45	18.07	0.07	105	189735	买盘
10:21:33	18.0	--	141	253800	买盘
10:21:18	18.0	0.02	10	18000	买盘
10:21:00	17.98	--	3	5394	买盘
10:20:57	17.98	--	28	50344	买盘
10:20:42	17.98	--	2	3596	卖盘
10:20:33	17.98	-0.03	3	5394	卖盘
10:20:15	18.01	-0.01	3	5403	卖盘
10:20:06	18.02	--	6	10812	买盘
10:20:03	18.02	0.04	14	25228	买盘
10:19:57	17.98	-0.03	209	375782	卖盘
10:19:51	18.01	-0.01	3	5403	卖盘
10:19:48	18.02	--	5	9010	买盘
10:19:39	18.02	--	25	45050	买盘
10:19:36	18.02	--	13	23426	买盘
10:19:30	18.02	--	1	1802	买盘
10:19:24	18.02	--	95	171190	卖盘
10:18:45	18.02	-0.01	10	18020	卖盘
10:18:39	18.03	--	8	14424	买盘
10:18:36	18.03	0.01	3	5409	买盘
10:18:33	18.02	-0.01	3	5406	卖盘
10:18:30	18.03	--	1	1803	买盘
10:17:57	18.03	0.01	1	1803	买盘
10:17:36	18.02	--	40	72080	卖盘
10:17:33	18.02	--	58	104516	卖盘
10:17:27	18.02	--	22	39644	卖盘
10:17:15	18.02	-0.01	6	10812	卖盘
10:17:00	18.03	-0.02	5	9015	中性盘
10:16:33	18.05	--	7	12635	买盘
10:16:09	18.05	0.03	1	1805	中性盘
10:15:51	18.02	-0.04	1	1802	卖盘
10:15:24	18.06	-0.01	1	1805	卖盘
10:15:15	18.07	0.04	1	1807	买盘
10:15:00	18.03	-0.03	10	18030	卖盘
10:14:51	18.06	--	12	21672	买盘
10:14:33	18.06	0.03	4	7223	买盘
10:14:30	18.03	-0.03	1	1803	卖盘
10:14:18	18.06	--	1	1805	买盘
10:14:00	18.06	--	1	1805	买盘
10:13:48	18.06	--	3	5418	买盘
10:12:39	18.06	0.04	2	3611	买盘
10:12:36	18.02	--	30	54060	卖盘
10:12:15	18.02	--	7	12614	卖盘
10:12:06	18.02	-0.04	1	1802	卖盘
10:12:00	18.06	0.04	1	1805	买盘
10:11:21	18.02	-0.04	12	21624	卖盘
10:11:18	18.06	0.04	1	1805	买盘
10:11:12	18.02	0.01	5	9010	中性盘
10:10:24	18.01	0.03	5	9005	中性盘
10:09:42	17.98	0.01	3	5394	中性盘
10:09:03	17.97	-0.1	40	71880	卖盘
10:08:36	18.07	0.07	4	7228	买盘
10:08:18	18.0	--	5	9000	卖盘
10:08:15	18.0	--	4	7200	买盘
10:07:30	18.0	--	10	18000	买盘
10:07:12	18.0	--	87	156600	卖盘
10:06:54	18.0	--	5	9000	卖盘
10:06:39	18.0	--	5	9000	卖盘
10:06:27	18.0	--	1	1800	卖盘
10:06:18	18.0	--	13	23400	买盘
10:06:06	18.0	--	8	14400	买盘
10:05:57	18.0	0.01	1	1800	买盘
10:05:54	17.99	-0.01	33	59366	卖盘
10:05:51	18.0	--	3	5400	买盘
10:05:42	18.0	-0.04	269	484200	卖盘
10:05:21	18.04	--	10	18040	卖盘
10:03:24	18.04	0.01	1	1804	买盘
10:03:21	18.03	--	10	18030	卖盘
10:03:15	18.03	-0.01	100	180300	卖盘
10:03:09	18.04	--	20	36080	买盘
10:03:00	18.04	--	15	27060	买盘
10:02:42	18.04	--	15	27060	买盘
10:02:36	18.04	--	5	9020	买盘
10:02:30	18.04	--	9	16236	卖盘
10:02:09	18.04	--	10	18040	卖盘
10:01:45	18.04	--	1	1804	卖盘
10:01:42	18.04	0.01	5	9020	买盘
10:01:33	18.03	-0.02	1	1803	卖盘
10:01:03	18.05	--	13	23465	卖盘
10:00:57	18.05	-0.03	5	9025	卖盘
10:00:54	18.08	0.04	27	48815	买盘
10:00:51	18.04	--	2	3608	买盘
10:00:48	18.04	--	15	27060	卖盘
10:00:45	18.04	-0.01	41	73964	卖盘
10:00:30	18.05	--	17	30685	卖盘
10:00:27	18.05	--	13	23465	卖盘
10:00:21	18.05	--	12	21660	卖盘
10:00:12	18.05	-0.01	17	30685	卖盘
09:59:45	18.06	--	45	81270	卖盘
09:59:36	18.06	--	17	30701	卖盘
09:59:33	18.06	-0.01	30	54179	卖盘
09:59:30	18.07	--	3	5421	买盘
09:59:12	18.07	--	25	45175	卖盘
09:59:09	18.07	--	1	1807	卖盘
09:58:54	18.07	0.01	7	12649	买盘
09:58:51	18.06	-0.01	5	9030	卖盘
09:58:36	18.07	-0.01	15	27105	卖盘
09:58:33	18.08	--	2	3615	买盘
09:58:18	18.08	0.01	22	39775	买盘
09:58:06	18.07	-0.01	5	9035	卖盘
09:58:03	18.08	--	3	5423	买盘
09:57:54	18.08	--	50	90399	买盘
09:57:36	18.08	--	10	18080	买盘
09:57:18	18.08	0.02	4	7231	买盘
09:57:06	18.06	--	3	5418	买盘
09:57:00	18.06	--	2	3611	买盘
09:56:57	18.06	--	8	14447	买盘
09:56:54	18.06	--	6	10836	买盘
09:56:51	18.06	--	16	28895	买盘
09:56:48	18.06	--	12	21672	买盘
09:56:45	18.06	--	12	21672	买盘
09:56:42	18.06	--	3	5418	买盘
09:56:39	18.06	--	4	7223	买盘
09:56:36	18.06	-0.02	141	254645	卖盘
09:56:33	18.08	-0.02	45	81359	卖盘
09:56:30	18.1	0.05	35	63350	买盘
09:55:12	18.05	-0.02	47	84835	卖盘
09:55:09	18.07	0.01	2	3614	中性盘
09:55:06	18.06	--	11	19866	买盘
09:55:03	18.06	--	4	7223	买盘
09:55:00	18.06	--	2	3611	买盘
09:54:57	18.06	0.01	22	39732	买盘
09:54:54	18.05	-0.01	2	3610	卖盘
09:54:51	18.06	--	15	27089	买盘
09:54:45	18.06	--	15	27089	买盘
09:54:33	18.06	-0.06	110	198660	卖盘
09:54:30	18.12	--	19	34428	买盘
09:54:12	18.12	--	3	5436	卖盘
09:54:03	18.12	--	3	5436	卖盘
09:53:57	18.12	--	4	7248	卖盘
09:53:51	18.12	--	1	1812	卖盘
09:53:45	18.12	--	4	7248	买盘
09:53:30	18.12	--	20	36240	卖盘
09:53:24	18.12	-0.01	2	3624	卖盘
09:53:03	18.13	--	2	3626	卖盘
09:52:51	18.13	--	13	23569	买盘
09:52:39	18.13	-0.02	3	5439	卖盘
09:52:00	18.15	0.02	2	3629	买盘
09:51:57	18.13	--	10	18130	卖盘
09:51:42	18.13	-0.02	100	181300	卖盘
09:51:39	18.15	--	3	5445	卖盘
09:51:27	18.15	-0.01	7	12704	卖盘
09:51:18	18.16	-0.01	10	18160	卖盘
09:51:09	18.17	--	20	36340	中性盘
09:51:06	18.17	-0.01	20	36340	卖盘
09:51:00	18.18	--	6	10908	买盘
09:50:39	18.18	-0.01	128	232704	卖盘
09:50:36	18.19	0.01	10	18190	买盘
09:50:27	18.18	--	100	181800	卖盘
09:50:18	18.18	--	20	36360	卖盘
09:50:00	18.18	--	2	3636	卖盘
09:49:51	18.18	--	2	3636	卖盘
09:49:48	18.18	--	19	34542	卖盘
09:49:42	18.18	-0.01	1	1818	卖盘
09:49:21	18.19	0.01	1	1819	中性盘
09:49:15	18.18	--	12	21816	卖盘
09:49:09	18.18	-0.02	75	136350	卖盘
09:48:48	18.2	--	3	5460	卖盘
09:48:18	18.2	--	20	36400	卖盘
09:48:09	18.2	--	28	50960	买盘
09:47:42	18.2	--	5	9100	卖盘
09:47:27	18.2	-0.01	26	47320	卖盘
09:46:30	18.21	0.01	24	43704	中性盘
09:45:21	18.2	-0.04	3	5460	卖盘
09:45:09	18.24	--	1	1823	买盘
09:44:48	18.24	0.04	2	3647	买盘
09:44:45	18.2	-0.04	23	41860	卖盘
09:44:24	18.24	-0.01	10	18240	卖盘
09:44:09	18.25	0.01	10	18250	买盘
09:43:54	18.24	--	10	18240	卖盘
09:43:45	18.24	--	10	18240	卖盘
09:43:39	18.24	--	2	3647	卖盘
09:43:27	18.24	--	20	36480	卖盘
09:43:24	18.24	0.04	17	31007	买盘
09:43:18	18.2	--	10	18200	卖盘
09:42:54	18.2	--	3	5460	买盘
09:42:33	18.2	--	5	9100	买盘
09:42:21	18.2	0.02	2	3640	买盘
09:42:12	18.18	-0.01	5	9090	卖盘
09:42:00	18.19	--	5	9095	买盘
09:41:54	18.19	-0.01	44	80036	卖盘
09:41:45	18.2	-0.05	3	5460	卖盘
09:41:33	18.25	--	16	29200	卖盘
09:41:30	18.25	-0.02	10	18250	买盘
09:40:57	18.27	--	3	5481	卖盘
09:40:54	18.27	--	53	96831	卖盘
09:40:51	18.27	--	13	23751	卖盘
09:40:45	18.27	--	9	16443	卖盘
09:40:42	18.27	--	27	49329	买盘
09:40:33	18.27	--	3	5481	买盘
09:40:30	18.27	--	90	164430	买盘
09:40:24	18.27	--	100	182700	买盘
09:40:09	18.27	--	16	29232	买盘
09:40:00	18.27	--	2	3654	卖盘
09:39:57	18.27	0.01	38	69426	买盘
09:39:48	18.26	0.04	20	36520	买盘
09:39:39	18.22	0.03	9	16398	买盘
09:39:36	18.19	-0.03	5	9095	卖盘
09:39:12	18.22	-0.04	132	240503	卖盘
09:39:03	18.26	--	20	36520	买盘
09:38:57	18.26	--	1	1826	买盘
09:38:45	18.26	--	1	1826	买盘
09:38:33	18.26	--	14	25564	买盘
09:38:30	18.26	--	3	5478	买盘
09:38:09	18.26	--	3	5478	卖盘
09:38:06	18.26	0.04	2	3652	买盘
09:38:03	18.22	-0.04	16	29152	卖盘
09:37:54	18.26	-0.01	1	1826	买盘
09:37:45	18.27	0.01	29	52983	买盘
09:37:42	18.26	--	20	36520	卖盘
09:37:33	18.26	--	20	36520	卖盘
09:37:24	18.26	--	10	18260	卖盘
09:37:12	18.26	0.01	34	62084	买盘
09:37:06	18.25	--	19	34675	卖盘
09:37:00	18.25	--	17	31025	买盘
09:36:57	18.25	0.03	90	164250	买盘
09:36:54	18.22	-0.01	150	273300	卖盘
09:36:33	18.23	--	40	72920	买盘
09:36:30	18.23	-0.01	151	275273	中性盘
09:35:48	18.24	0.08	15	27359	买盘
09:35:36	18.16	--	20	36320	卖盘
09:35:21	18.16	-0.09	7	12712	卖盘
09:35:18	18.25	--	12	21900	卖盘
09:35:15	18.25	--	15	27375	卖盘
09:35:03	18.25	0.1	21	38325	买盘
09:34:57	18.15	-0.1	2	3629	卖盘
09:34:51	18.25	0.1	8	14600	买盘
09:34:48	18.15	--	8	14519	卖盘
09:34:39	18.15	--	7	12704	卖盘
09:34:24	18.15	-0.13	3	5445	卖盘
09:34:21	18.28	0.13	10	18280	买盘
09:34:15	18.15	-0.13	13	23594	卖盘
09:34:09	18.28	-0.02	14	25592	中性盘
09:33:51	18.3	-0.01	4	7320	买盘
09:33:48	18.31	-0.01	35	64084	中性盘
09:33:36	18.32	--	2	3664	买盘
09:33:30	18.32	--	6	10992	卖盘
09:33:27	18.32	-0.03	14	25648	卖盘
09:33:18	18.35	-0.02	23	42205	中性盘
09:33:06	18.37	-0.01	145	266365	卖盘
09:33:03	18.38	0.01	30	55140	买盘
09:33:00	18.37	0.01	43	78991	买盘
09:32:57	18.36	--	1	1836	卖盘
09:32:54	18.36	--	20	36720	卖盘
09:32:48	18.36	--	46	84456	买盘
09:32:45	18.36	--	195	358020	买盘
09:32:42	18.36	-0.01	3	5508	中性盘
09:32:33	18.37	-0.01	5	9185	中性盘
09:32:30	18.38	-0.02	3	5514	中性盘
09:32:18	18.4	0.4	10	18400	中性盘
09:32:03	18.0	0.04	9	16200	中性盘
09:31:54	17.96	--	41	73636	买盘
09:31:51	17.96	--	3	5388	买盘
09:31:48	17.96	--	15	26940	买盘
09:31:45	17.96	-0.52	2	3592	中性盘
09:31:39	18.48	0.53	1000	1848000	买盘
09:31:33	17.95	-0.02	140	251300	卖盘
09:31:24	17.97	0.02	4	7188	中性盘
09:30:24	17.95	--	12	21540	卖盘
09:30:06	17.95	--	16	28720	卖盘
09:30:03	17.95	--	3	5385	买盘
09:25:03	17.95	17.95	30	53850	买盘
