成交时间	成交价	价格变动	成交量(手)	成交额(元)	性质
15:00:03	16.59	--	128	212352	卖盘
14:57:03	16.59	-0.01	11	18249	卖盘
14:57:00	16.6	0.01	60	99600	买盘
14:56:48	16.59	--	60	99540	卖盘
14:56:42	16.59	-0.01	10	16590	卖盘
14:56:39	16.6	--	7	11620	买盘
14:56:27	16.6	0.01	1	1660	买盘
14:56:24	16.59	--	10	16590	卖盘
14:56:18	16.59	--	49	81291	卖盘
14:56:12	16.59	-0.01	23	38157	卖盘
14:56:06	16.6	--	1	1660	买盘
14:56:03	16.6	--	5	8300	买盘
14:55:51	16.6	--	8	13280	买盘
14:55:39	16.6	--	80	133696	卖盘
14:55:36	16.6	--	3	4980	卖盘
14:55:33	16.6	-0.01	2	3320	卖盘
14:54:57	16.61	--	2	3322	卖盘
14:54:51	16.61	--	20	33220	卖盘
14:54:48	16.61	--	8	13288	买盘
14:54:36	16.61	--	6	9966	卖盘
14:54:12	16.61	0.01	2	3322	买盘
14:54:09	16.6	-0.01	22	36520	卖盘
14:54:06	16.61	--	1	1661	买盘
14:54:00	16.61	--	2	3322	卖盘
14:53:45	16.61	--	6	9966	卖盘
14:53:24	16.61	--	2	3322	中性盘
14:53:12	16.61	--	4	6644	卖盘
14:53:09	16.61	--	17	28237	买盘
14:52:48	16.61	--	11	18271	买盘
14:52:36	16.61	--	16	26576	买盘
14:52:18	16.61	0.01	13	21593	买盘
14:52:03	16.6	--	6	9960	卖盘
14:51:39	16.6	--	8	14043	买盘
14:51:27	16.6	-0.03	61	102156	卖盘
14:51:12	16.63	0.01	3	4989	买盘
14:51:09	16.62	--	7	11634	卖盘
14:51:06	16.62	-0.01	40	66480	卖盘
14:50:51	16.63	0.01	4	6652	卖盘
14:50:45	16.62	--	10	16620	卖盘
14:50:27	16.62	-0.02	3	4986	卖盘
14:50:15	16.64	--	6	9984	买盘
14:50:06	16.64	-0.01	1	1664	中性盘
14:49:54	16.65	0.04	2	3329	买盘
14:49:45	16.61	-0.04	5	8305	卖盘
14:49:39	16.65	--	3	4995	买盘
14:49:27	16.65	0.04	60	99899	买盘
14:49:12	16.61	-0.02	60	99660	卖盘
14:49:00	16.63	--	40	66520	卖盘
14:48:57	16.63	-0.01	120	199560	卖盘
14:48:51	16.64	--	45	75246	买盘
14:48:39	16.64	0.01	6	9984	买盘
14:48:21	16.63	--	3	4989	卖盘
14:48:15	16.63	--	20	33260	卖盘
14:48:12	16.63	--	10	16630	卖盘
14:48:06	16.63	--	3	4989	卖盘
14:48:03	16.63	--	5	8315	卖盘
14:47:57	16.63	--	72	119736	买盘
14:47:33	16.63	--	3	4989	买盘
14:47:15	16.63	0.03	60	99780	买盘
14:47:09	16.6	-0.02	2	3320	卖盘
14:47:06	16.62	-0.01	1	1662	买盘
14:47:00	16.63	0.03	66	109758	买盘
14:46:24	16.6	-0.03	20	33200	卖盘
14:46:21	16.63	--	5	8315	买盘
14:45:36	16.63	--	1	1663	中性盘
14:45:24	16.63	--	12	19956	卖盘
14:45:15	16.63	--	1	1663	卖盘
14:45:06	16.63	--	8	13304	卖盘
14:44:48	16.63	0.03	30	49890	买盘
14:44:09	16.6	--	20	33200	卖盘
14:43:57	16.6	--	6	9960	卖盘
14:43:48	16.6	--	8	13280	卖盘
14:43:21	16.6	--	8	14624	卖盘
14:43:09	16.6	-0.05	21	35175	卖盘
14:42:06	16.65	0.02	1	1664	买盘
14:41:48	16.63	-0.02	20	33260	卖盘
14:41:42	16.65	--	5	8325	卖盘
14:41:24	16.65	--	5	8325	买盘
14:41:03	16.65	--	1	1664	卖盘
14:41:00	16.65	--	2	3329	卖盘
14:40:57	16.65	--	30	49949	卖盘
14:40:42	16.65	--	30	49949	卖盘
14:40:27	16.65	-0.02	3	4995	卖盘
14:39:51	16.67	--	9	16303	卖盘
14:39:39	16.67	-0.01	1	1667	卖盘
14:39:33	16.68	0.01	10	16680	买盘
14:39:21	16.67	--	4	7034	买盘
14:39:06	16.67	--	5	9635	卖盘
14:38:54	16.67	0.02	19	32039	买盘
14:38:45	16.65	-0.01	3	4995	卖盘
14:38:42	16.66	--	21	34986	买盘
14:38:33	16.66	--	2	3332	买盘
14:38:21	16.66	0.01	8	13328	买盘
14:38:06	16.65	--	4	6659	买盘
14:37:24	16.65	--	1	1664	卖盘
14:37:09	16.65	-0.01	5	8325	卖盘
14:37:06	16.66	0.01	1	1666	买盘
14:37:03	16.65	0.01	4	6659	中性盘
14:36:45	16.64	-0.01	5	8320	卖盘
14:36:33	16.65	-0.01	7	11654	卖盘
14:35:54	16.66	--	5	8330	买盘
14:35:21	16.66	--	7	11662	买盘
14:35:09	16.66	--	1	1666	买盘
14:34:51	16.66	--	5	8330	卖盘
14:34:21	16.66	--	15	24990	买盘
14:34:09	16.66	-0.04	23	38318	卖盘
14:33:51	16.7	0.04	3	5010	买盘
14:33:39	16.66	-0.04	3	4998	卖盘
14:33:36	16.7	0.04	8	13360	买盘
14:33:24	16.66	-0.04	16	26656	卖盘
14:33:18	16.7	--	43	71810	买盘
14:32:57	16.7	--	56	93520	买盘
14:32:39	16.7	0.03	100	167000	买盘
14:32:33	16.67	0.01	93	155031	买盘
14:32:18	16.66	0.03	90	149940	买盘
14:32:15	16.63	--	13	22949	买盘
14:32:12	16.63	--	6	9978	买盘
14:32:06	16.63	--	1	1663	买盘
14:32:03	16.63	--	12	19956	买盘
14:32:00	16.63	--	6	9978	买盘
14:31:39	16.63	--	20	33260	买盘
14:31:36	16.63	0.03	85	141355	买盘
14:31:06	16.6	-0.02	9	15056	卖盘
14:31:03	16.62	0.02	25	41550	买盘
14:31:00	16.6	--	1	1660	卖盘
14:30:42	16.6	--	24	39840	卖盘
14:30:36	16.6	-0.01	18	31423	卖盘
14:30:30	16.61	--	22	36542	卖盘
14:30:00	16.61	-0.01	2	3322	卖盘
14:29:42	16.62	0.01	27	44874	买盘
14:29:36	16.61	-0.01	10	16610	卖盘
14:29:21	16.62	--	3	4986	买盘
14:28:39	16.62	--	10	16620	买盘
14:28:15	16.62	--	3	4986	买盘
14:27:54	16.62	--	11	18282	买盘
14:27:51	16.62	--	10	16620	买盘
14:27:42	16.62	--	10	16620	买盘
14:27:27	16.62	0.01	1	1662	买盘
14:27:18	16.61	-0.01	15	24915	卖盘
14:27:12	16.62	--	8	13296	买盘
14:27:06	16.62	0.01	1	1662	买盘
14:26:57	16.61	--	1	1661	卖盘
14:26:33	16.61	--	21	34881	买盘
14:26:21	16.61	-0.01	2	3322	卖盘
14:26:03	16.62	0.02	13	21606	买盘
14:25:51	16.6	--	5	8300	卖盘
14:25:03	16.6	--	6	9960	卖盘
14:24:33	16.6	-0.02	55	91300	卖盘
14:24:27	16.62	--	4	6648	买盘
14:24:18	16.62	--	4	6648	买盘
14:24:15	16.62	--	5	8310	买盘
14:23:33	16.62	0.02	3	4986	买盘
14:23:24	16.6	-0.02	50	83000	卖盘
14:23:12	16.62	-0.01	4	6648	中性盘
14:22:15	16.63	0.02	1	1663	买盘
14:22:09	16.61	-0.01	21	34881	卖盘
14:21:57	16.62	--	5	8310	买盘
14:21:21	16.62	--	3	4986	买盘
14:21:06	16.62	--	21	34902	买盘
14:21:03	16.62	0.02	10	16620	买盘
14:20:42	16.6	-0.02	13	21580	卖盘
14:20:33	16.62	0.02	3	4986	买盘
14:20:12	16.6	--	6	9960	卖盘
14:20:09	16.6	--	1	1660	卖盘
14:19:57	16.6	-0.01	3	4980	卖盘
14:19:42	16.61	0.01	19	32323	买盘
14:19:30	16.6	--	7	11620	买盘
14:18:51	16.6	--	2	3320	买盘
14:18:06	16.6	--	9	15836	卖盘
14:18:03	16.6	--	4	7403	卖盘
14:17:57	16.6	--	4	6640	卖盘
14:17:54	16.6	-0.03	18	29880	卖盘
14:17:09	16.63	-0.02	16	26608	卖盘
14:16:33	16.65	--	8	13319	卖盘
14:16:00	16.65	-0.02	20	33300	卖盘
14:15:33	16.67	--	9	15003	卖盘
14:15:30	16.67	--	5	8335	卖盘
14:15:21	16.67	--	14	23338	卖盘
14:15:18	16.67	-0.01	10	16670	卖盘
14:14:54	16.68	--	57	95076	买盘
14:14:30	16.68	--	18	30024	买盘
14:14:27	16.68	0.01	1	1668	买盘
14:14:12	16.67	-0.01	11	18337	卖盘
14:14:06	16.68	0.01	1	1668	买盘
14:13:51	16.67	0.02	44	73348	买盘
14:13:39	16.65	-0.02	5	8325	卖盘
14:13:33	16.67	0.02	4	6668	中性盘
14:12:42	16.65	--	1	1664	卖盘
14:12:21	16.65	--	2	3329	卖盘
14:11:30	16.65	-0.03	10	16650	卖盘
14:11:06	16.68	0.03	10	16680	买盘
14:11:00	16.65	--	20	33300	卖盘
14:10:36	16.65	--	10	16650	卖盘
14:10:18	16.65	-0.03	2	3329	卖盘
14:08:39	16.68	0.01	6	10008	买盘
14:08:33	16.67	--	25	41675	卖盘
14:08:30	16.67	-0.01	31	51677	卖盘
14:08:27	16.68	-0.01	6	10008	中性盘
14:08:06	16.69	-0.01	2	3338	卖盘
14:08:03	16.7	0.01	50	83500	买盘
14:07:51	16.69	-0.01	3	5007	卖盘
14:07:42	16.7	--	1	1670	卖盘
14:07:39	16.7	--	5	8350	卖盘
14:07:33	16.7	0.01	34	56780	买盘
14:07:30	16.69	-0.01	22	36718	卖盘
14:07:24	16.7	--	1	1670	买盘
14:07:15	16.7	--	18	30060	卖盘
14:07:12	16.7	-0.01	40	66800	卖盘
14:07:06	16.71	0.01	26	43446	买盘
14:07:03	16.7	--	10	16700	卖盘
14:07:00	16.7	--	11	18370	卖盘
14:06:57	16.7	--	30	50100	卖盘
14:06:48	16.7	--	12	20040	买盘
14:06:45	16.7	--	22	36740	买盘
14:06:30	16.7	--	10	16700	买盘
14:06:27	16.7	--	41	68470	卖盘
14:06:21	16.7	--	30	50100	卖盘
14:06:09	16.7	--	77	128590	买盘
14:06:06	16.7	0.01	5	8350	买盘
14:06:03	16.69	--	5	8345	卖盘
14:06:00	16.69	--	19	31711	卖盘
14:05:57	16.69	--	15	25035	中性盘
14:05:48	16.69	--	10	16690	买盘
14:05:42	16.69	--	6	10014	买盘
14:05:30	16.69	0.03	50	83450	买盘
14:05:27	16.66	0.01	20	33320	买盘
14:05:03	16.65	--	47	78255	买盘
14:05:00	16.65	0.03	100	166500	买盘
14:04:54	16.62	0.01	39	64818	买盘
14:04:51	16.61	0.01	87	144507	买盘
14:04:45	16.6	0.01	192	318985	买盘
14:04:24	16.59	0.03	2	3318	买盘
14:04:15	16.56	--	2	3311	卖盘
14:04:06	16.56	-0.02	20	33120	卖盘
14:03:45	16.58	--	2	3315	卖盘
14:03:42	16.58	--	68	112743	卖盘
14:03:21	16.58	--	225	373049	买盘
14:03:12	16.58	0.02	34	56371	买盘
14:03:09	16.56	--	20	33120	买盘
14:02:54	16.56	--	5	8280	买盘
14:02:48	16.56	-0.02	60	99359	卖盘
14:02:42	16.58	0.02	17	28185	买盘
14:02:30	16.56	--	10	16560	卖盘
14:02:27	16.56	-0.01	2	3311	卖盘
14:02:12	16.57	-0.01	6	9942	卖盘
14:02:09	16.58	0.01	2	3315	买盘
14:01:48	16.57	--	5	8285	买盘
14:01:45	16.57	--	5	8285	买盘
14:01:36	16.57	0.01	30	49710	买盘
14:01:30	16.56	-0.01	10	16560	卖盘
14:01:27	16.57	--	103	170671	买盘
14:01:21	16.57	--	10	16570	买盘
14:01:06	16.57	--	7	11599	买盘
14:00:45	16.57	--	5	8285	买盘
14:00:24	16.57	0.01	5	8285	买盘
13:59:00	16.56	-0.01	10	16560	卖盘
13:58:57	16.57	--	4	6628	买盘
13:58:21	16.57	--	10	16570	买盘
13:57:24	16.57	0.01	17	28169	买盘
13:57:09	16.56	--	5	8280	卖盘
13:56:51	16.56	--	2	3311	卖盘
13:56:36	16.56	--	5	8280	卖盘
13:56:27	16.56	--	5	8280	卖盘
13:56:00	16.56	--	10	16560	卖盘
13:55:45	16.56	--	2	3311	卖盘
13:55:39	16.56	--	5	8280	卖盘
13:55:33	16.56	--	2	3311	卖盘
13:55:15	16.56	0.01	2	3311	买盘
13:55:09	16.55	--	3	4965	卖盘
13:54:18	16.55	-0.02	8	13240	卖盘
13:54:15	16.57	0.02	3	4971	买盘
13:54:03	16.55	-0.01	7	11585	卖盘
13:53:48	16.56	-0.01	2	3311	卖盘
13:53:33	16.57	0.01	2	3314	中性盘
13:53:12	16.56	-0.02	10	16560	卖盘
13:53:06	16.58	0.01	1	1657	买盘
13:52:57	16.57	--	8	13256	卖盘
13:52:36	16.57	--	5	8285	卖盘
13:52:12	16.57	-0.01	17	28169	卖盘
13:51:09	16.58	--	3	4973	买盘
13:51:00	16.58	--	5	8290	买盘
13:50:51	16.58	--	28	46423	买盘
13:50:36	16.58	--	79	130981	卖盘
13:50:21	16.58	--	18	29843	卖盘
13:50:18	16.58	0.01	3	4973	卖盘
13:50:06	16.57	-0.02	30	49710	卖盘
13:49:51	16.59	0.02	30	49770	买盘
13:49:36	16.57	--	4	7406	卖盘
13:49:24	16.57	-0.01	25	42303	卖盘
13:49:00	16.58	-0.02	4	6631	卖盘
13:48:39	16.6	0.02	14	23240	买盘
13:48:36	16.58	-0.02	3	4973	卖盘
13:48:21	16.6	--	8	13280	买盘
13:47:30	16.6	--	4	6640	买盘
13:47:27	16.6	--	4	6640	买盘
13:46:39	16.6	--	6	9960	买盘
13:46:18	16.6	0.01	10	16600	买盘
13:46:06	16.59	--	11	18249	卖盘
13:46:03	16.59	--	30	49770	卖盘
13:46:00	16.59	-0.01	2	3318	卖盘
13:45:39	16.6	0.01	13	21580	买盘
13:45:18	16.59	-0.01	1	1659	卖盘
13:45:06	16.6	0.01	1	1660	买盘
13:45:00	16.59	--	3	5889	买盘
13:44:45	16.59	--	11	18995	卖盘
13:44:21	16.59	--	8	13272	卖盘
13:44:03	16.59	--	10	17502	买盘
13:43:42	16.59	--	1	1659	买盘
13:43:03	16.59	0.01	1	1659	买盘
13:42:45	16.58	-0.01	21	34818	卖盘
13:42:33	16.59	0.01	36	59724	买盘
13:42:21	16.58	--	4	6631	卖盘
13:42:15	16.58	0.01	14	23211	买盘
13:42:12	16.57	--	21	34797	卖盘
13:41:42	16.57	--	12	19884	卖盘
13:41:24	16.57	--	25	41425	买盘
13:41:15	16.57	0.01	20	33140	买盘
13:41:09	16.56	-0.01	5	8280	卖盘
13:40:39	16.57	-0.01	26	43082	卖盘
13:40:30	16.58	--	20	33160	买盘
13:40:12	16.58	--	2	3315	买盘
13:39:45	16.58	0.01	13	21553	买盘
13:39:24	16.57	0.01	5	8285	中性盘
13:38:48	16.56	-0.01	20	33120	卖盘
13:38:39	16.57	--	30	49710	买盘
13:38:36	16.57	--	52	86164	买盘
13:38:33	16.57	--	1	1657	买盘
13:38:03	16.57	--	28	46396	买盘
13:37:39	16.57	--	10	16570	买盘
13:37:33	16.57	0.01	2	3314	买盘
13:37:27	16.56	--	16	26495	卖盘
13:37:24	16.56	--	19	31463	卖盘
13:37:03	16.56	--	14	23184	卖盘
13:36:42	16.56	-0.01	10	16560	卖盘
13:36:33	16.57	0.01	2	3314	买盘
13:36:27	16.56	--	10	16560	卖盘
13:36:24	16.56	-0.01	7	11592	卖盘
13:36:03	16.57	0.01	2	3314	买盘
13:35:33	16.56	-0.01	4	6623	卖盘
13:35:30	16.57	--	2	3314	买盘
13:35:12	16.57	-0.01	317	525269	卖盘
13:35:09	16.58	--	1	1657	买盘
13:35:06	16.58	--	1	1657	买盘
13:35:03	16.58	-0.01	4	6631	卖盘
13:35:00	16.59	--	9	14931	买盘
13:34:30	16.59	--	2	3318	买盘
13:34:03	16.59	--	9	15677	卖盘
13:33:51	16.59	-0.01	10	16590	卖盘
13:33:48	16.6	0.01	10	16600	买盘
13:33:36	16.59	0.01	19	32433	买盘
13:33:33	16.58	--	1	1657	卖盘
13:33:12	16.58	--	34	56371	卖盘
13:33:06	16.58	-0.01	4	6631	卖盘
13:32:21	16.59	0.01	1	1659	买盘
13:32:12	16.58	-0.01	14	23211	卖盘
13:32:09	16.59	--	5	8295	买盘
13:32:00	16.59	--	5	8295	买盘
13:31:45	16.59	-0.01	21	35585	卖盘
13:31:33	16.6	0.01	1	1660	买盘
13:31:18	16.59	--	4	6636	卖盘
13:31:12	16.59	--	1	2571	买盘
13:31:06	16.59	0.01	1	1659	买盘
13:30:57	16.58	--	11	18237	卖盘
13:30:45	16.58	-0.01	1	1657	卖盘
13:30:36	16.59	--	17	28949	卖盘
13:30:15	16.59	--	2	3318	卖盘
13:30:12	16.59	-0.01	50	83862	卖盘
13:29:57	16.6	--	55	92594	卖盘
13:29:54	16.6	-0.01	9	14940	卖盘
13:29:51	16.61	0.01	9	14949	买盘
13:29:45	16.6	--	2	3320	卖盘
13:29:42	16.6	--	5	8300	卖盘
13:29:33	16.6	--	3	4980	卖盘
13:29:30	16.6	--	10	16600	卖盘
13:29:12	16.6	-0.01	2	3320	卖盘
13:29:03	16.61	0.01	5	8305	买盘
13:29:00	16.6	--	33	54780	卖盘
13:28:39	16.6	0.01	17	28585	买盘
13:28:36	16.59	-0.01	25	41475	卖盘
13:28:27	16.6	--	8	13280	买盘
13:28:24	16.6	--	4	6640	买盘
13:28:18	16.6	--	50	83000	买盘
13:28:06	16.6	0.01	1	1660	买盘
13:27:57	16.59	-0.01	5	8295	卖盘
13:27:33	16.6	0.01	2	3320	买盘
13:27:24	16.59	-0.01	20	33180	卖盘
13:27:21	16.6	--	10	16600	买盘
13:27:00	16.6	0.01	10	16600	买盘
13:26:54	16.59	-0.01	10	16590	卖盘
13:26:45	16.6	--	10	16600	买盘
13:26:21	16.6	0.02	85	141100	买盘
13:26:15	16.58	--	5	8290	卖盘
13:26:03	16.58	--	3	4973	卖盘
13:26:00	16.58	--	2	3315	卖盘
13:25:51	16.58	--	18	29843	卖盘
13:25:48	16.58	--	2	3315	卖盘
13:25:42	16.58	--	20	33160	卖盘
13:25:33	16.58	--	9	14921	卖盘
13:25:15	16.58	--	5	8290	卖盘
13:25:09	16.58	--	16	26527	卖盘
13:25:03	16.58	-0.01	20	33160	卖盘
13:25:00	16.59	--	10	16590	买盘
13:24:33	16.59	0.01	3	4977	买盘
13:24:30	16.58	-0.01	5	8290	卖盘
13:23:39	16.59	--	3	4977	买盘
13:23:33	16.59	--	20	33180	卖盘
13:23:27	16.59	-0.01	20	33180	卖盘
13:23:21	16.6	0.01	30	49800	买盘
13:23:15	16.59	0.01	10	16590	买盘
13:22:54	16.58	--	20	33160	卖盘
13:22:39	16.58	-0.01	11	18237	卖盘
13:22:21	16.59	--	6	9954	买盘
13:22:18	16.59	--	5	8295	卖盘
13:22:09	16.59	--	4	6636	卖盘
13:21:42	16.59	--	5	8295	卖盘
13:21:39	16.59	--	6	9954	中性盘
13:21:03	16.59	-0.01	17	28203	卖盘
13:20:42	16.6	0.01	2	3320	买盘
13:20:27	16.59	-0.01	15	24885	卖盘
13:20:15	16.6	0.01	29	48140	买盘
13:20:09	16.59	-0.01	9	14931	卖盘
13:20:06	16.6	0.01	1	1660	买盘
13:19:57	16.59	--	5	8295	卖盘
13:19:36	16.59	0.01	27	44793	买盘
13:19:12	16.58	-0.01	10	16580	卖盘
13:18:27	16.59	-0.01	182	301938	卖盘
13:18:24	16.6	0.01	8	13280	买盘
13:18:12	16.59	-0.01	20	33180	卖盘
13:17:57	16.6	--	10	16600	买盘
13:17:51	16.6	0.01	10	16600	买盘
13:17:36	16.59	--	2	3318	卖盘
13:17:33	16.59	-0.01	2	3318	卖盘
13:17:21	16.6	--	50	83000	买盘
13:17:15	16.6	0.01	5	8300	买盘
13:17:03	16.59	--	4	6636	卖盘
13:16:51	16.59	--	2	3318	卖盘
13:16:45	16.59	--	5	8295	卖盘
13:16:21	16.59	-0.01	50	82950	卖盘
13:15:57	16.6	--	50	83000	买盘
13:15:24	16.6	--	5	8300	买盘
13:15:03	16.6	0.01	6	9960	买盘
13:14:39	16.59	-0.02	61	101199	中性盘
13:14:03	16.61	0.03	60	99660	买盘
13:14:00	16.58	--	4	6631	卖盘
13:13:48	16.58	-0.02	29	48081	卖盘
13:13:42	16.6	0.01	17	28220	买盘
13:13:33	16.59	--	10	16590	卖盘
13:13:27	16.59	--	5	8295	卖盘
13:13:24	16.59	-0.01	40	66360	卖盘
13:13:06	16.6	0.01	1	1660	中性盘
13:12:48	16.59	--	4	6636	卖盘
13:12:36	16.59	--	31	51429	卖盘
13:12:27	16.59	--	32	53088	卖盘
13:12:24	16.59	-0.02	4	6636	卖盘
13:12:09	16.61	0.01	30	49830	买盘
13:12:06	16.6	--	18	29880	卖盘
13:11:45	16.6	-0.01	4	6640	中性盘
13:11:18	16.61	0.01	20	33220	买盘
13:11:15	16.6	--	10	16600	买盘
13:11:12	16.6	0.01	2	3320	买盘
13:11:03	16.59	-0.01	32	53088	卖盘
13:11:00	16.6	--	15	24900	卖盘
13:10:57	16.6	--	85	141100	卖盘
13:10:54	16.6	-0.01	5	8300	卖盘
13:10:36	16.61	--	37	61457	卖盘
13:10:30	16.61	--	10	16610	卖盘
13:10:27	16.61	0.01	3	4983	买盘
13:09:51	16.6	--	10	16600	卖盘
13:09:12	16.6	--	31	51460	买盘
13:09:09	16.6	--	20	33200	买盘
13:09:06	16.6	--	1	1660	买盘
13:09:03	16.6	--	1	1660	买盘
13:09:00	16.6	--	30	49800	买盘
13:08:51	16.6	0.01	56	92960	买盘
13:08:30	16.59	0.01	4	6636	买盘
13:08:18	16.58	-0.01	10	16580	卖盘
13:08:03	16.59	--	8	13272	卖盘
13:07:54	16.59	--	19	31521	买盘
13:07:42	16.59	--	1	1659	买盘
13:07:39	16.59	--	20	33180	买盘
13:07:36	16.59	--	12	19908	买盘
13:07:33	16.59	--	2	3318	买盘
13:07:24	16.59	--	40	66360	买盘
13:07:18	16.59	--	18	29862	买盘
13:07:15	16.59	--	1	1659	买盘
13:07:12	16.59	--	3	4977	买盘
13:07:06	16.59	0.02	40	66360	买盘
13:06:09	16.57	--	6	9942	卖盘
13:06:00	16.57	--	10	16570	卖盘
13:05:42	16.57	--	127	210439	卖盘
13:05:21	16.57	-0.01	257	425849	卖盘
13:05:09	16.58	--	29	48081	卖盘
13:05:06	16.58	--	111	184037	卖盘
13:05:03	16.58	--	5	8290	卖盘
13:04:54	16.58	-0.01	8	13263	卖盘
13:04:48	16.59	--	10	16590	买盘
13:04:42	16.59	0.01	10	16590	买盘
13:04:39	16.58	--	9	14921	卖盘
13:04:30	16.58	-0.01	109	180721	卖盘
13:04:18	16.59	--	10	16590	买盘
13:04:15	16.59	--	42	69678	卖盘
13:04:12	16.59	--	6	9954	卖盘
13:03:48	16.59	--	2	3318	卖盘
13:03:45	16.59	--	24	39816	卖盘
13:03:36	16.59	--	5	8295	卖盘
13:03:21	16.59	-0.01	4	6636	卖盘
13:03:15	16.6	--	29	48140	中性盘
13:03:06	16.6	--	47	78020	卖盘
13:03:03	16.6	--	60	99600	卖盘
13:02:51	16.6	--	8	13280	卖盘
13:02:36	16.6	--	35	58100	买盘
13:02:33	16.6	--	58	96280	买盘
13:02:15	16.6	--	40	66400	买盘
13:02:06	16.6	--	1	1660	买盘
13:01:57	16.6	--	26	43160	买盘
13:01:54	16.6	--	4	6640	买盘
13:01:42	16.6	--	76	126160	买盘
13:01:30	16.6	--	36	59760	买盘
13:01:27	16.6	--	10	16600	买盘
13:01:24	16.6	--	10	16600	买盘
13:01:21	16.6	--	14	23240	买盘
13:01:18	16.6	--	1	1660	买盘
13:01:06	16.6	--	109	180940	买盘
13:01:03	16.6	--	9	14940	买盘
13:00:54	16.6	--	9	14940	买盘
13:00:39	16.6	--	56	92960	买盘
13:00:36	16.6	--	100	166000	买盘
13:00:27	16.6	--	40	66400	买盘
13:00:15	16.6	0.02	18	29880	买盘
13:00:12	16.58	--	15	24869	卖盘
13:00:09	16.58	-0.01	11	18237	卖盘
13:00:06	16.59	0.03	173	287007	买盘
13:00:03	16.56	--	0	0	卖盘
11:30:03	16.56	--	0	0	卖盘
11:29:51	16.56	0.01	13	21528	买盘
11:29:45	16.55	--	92	152260	买盘
11:29:36	16.55	--	4	6620	买盘
11:29:30	16.55	0.01	40	66200	买盘
11:29:21	16.54	--	6	9924	买盘
11:29:12	16.54	0.01	6	9924	买盘
11:29:06	16.53	--	13	21489	买盘
11:29:00	16.53	--	156	257868	买盘
11:28:57	16.53	--	74	122322	买盘
11:28:36	16.53	0.01	31	51243	买盘
11:28:12	16.52	-0.01	3	4956	卖盘
11:28:03	16.53	0.01	20	33060	买盘
11:27:57	16.52	-0.01	10	16520	卖盘
11:27:39	16.53	--	3	4959	买盘
11:27:15	16.53	--	1	1653	买盘
11:27:06	16.53	--	16	26448	买盘
11:26:51	16.53	--	4	6612	买盘
11:26:45	16.53	--	1	1653	买盘
11:26:15	16.53	--	1	1653	买盘
11:26:06	16.53	0.02	1	1653	买盘
11:25:54	16.51	-0.01	13	21463	卖盘
11:25:48	16.52	--	13	21476	买盘
11:25:45	16.52	--	6	9912	买盘
11:25:30	16.52	--	5	8260	卖盘
11:25:27	16.52	-0.01	40	66080	卖盘
11:25:18	16.53	0.01	3	4959	买盘
11:24:48	16.52	--	10	16520	卖盘
11:24:42	16.52	-0.01	1	1652	卖盘
11:24:39	16.53	0.01	100	165300	买盘
11:24:27	16.52	-0.01	10	16520	卖盘
11:24:21	16.53	--	10	16530	买盘
11:23:57	16.53	--	1	1653	买盘
11:23:51	16.53	--	1	1653	卖盘
11:23:39	16.53	--	2	3306	买盘
11:22:48	16.53	-0.01	10	16530	卖盘
11:22:33	16.54	0.02	2	3308	买盘
11:22:15	16.52	--	10	16520	买盘
11:22:12	16.52	--	20	33040	买盘
11:21:57	16.52	-0.02	20	33040	卖盘
11:21:54	16.54	0.02	149	246446	买盘
11:21:45	16.52	-0.01	1	1652	卖盘
11:21:39	16.53	--	5	8265	买盘
11:21:18	16.53	--	20	33060	买盘
11:21:15	16.53	--	5	8265	买盘
11:21:09	16.53	0.01	57	94221	买盘
11:20:03	16.52	--	5	8260	卖盘
11:20:00	16.52	--	24	39648	买盘
11:19:27	16.52	--	30	49560	卖盘
11:19:09	16.52	--	1	1652	中性盘
11:19:00	16.52	--	15	24780	卖盘
11:18:45	16.52	--	5	8260	买盘
11:18:39	16.52	--	50	82600	买盘
11:18:09	16.52	0.01	55	90860	买盘
11:17:06	16.51	0.01	1	1651	买盘
11:16:39	16.5	--	3	4950	卖盘
11:16:24	16.5	-0.01	7	11550	中性盘
11:16:21	16.51	0.01	18	29718	买盘
11:15:36	16.5	--	42	69300	卖盘
11:15:09	16.5	-0.01	1	1650	卖盘
11:14:57	16.51	--	26	42926	卖盘
11:14:45	16.51	--	3	4953	卖盘
11:14:36	16.51	0.01	21	34671	买盘
11:14:30	16.5	--	19	31350	中性盘
11:14:06	16.5	--	3	4950	中性盘
11:13:54	16.5	--	30	49500	卖盘
11:13:30	16.5	-0.01	5	8250	中性盘
11:12:12	16.51	--	24	39624	卖盘
11:12:03	16.51	--	10	16510	卖盘
11:11:09	16.51	--	6	9906	卖盘
11:11:00	16.51	0.04	16	26416	中性盘
11:10:45	16.47	-0.05	63	103761	卖盘
11:10:30	16.52	-0.02	17	28084	中性盘
11:09:24	16.54	0.03	119	196826	买盘
11:09:15	16.51	-0.01	30	49530	卖盘
11:09:09	16.52	--	14	23128	买盘
11:09:06	16.52	0.01	1	1652	买盘
11:08:54	16.51	--	2	3302	卖盘
11:08:42	16.51	--	1	1651	卖盘
11:08:27	16.51	-0.01	10	16510	卖盘
11:08:24	16.52	--	11	18172	买盘
11:08:06	16.52	--	14	23128	卖盘
11:08:03	16.52	-0.01	3	4956	卖盘
11:07:36	16.53	--	15	24795	卖盘
11:07:33	16.53	--	5	8265	卖盘
11:07:21	16.53	--	2	3306	卖盘
11:07:18	16.53	--	10	16530	卖盘
11:06:48	16.53	--	8	13224	卖盘
11:06:45	16.53	--	20	33060	卖盘
11:06:42	16.53	--	11	18183	卖盘
11:06:36	16.53	0.01	64	105792	买盘
11:06:33	16.52	-0.01	13	21476	卖盘
11:06:24	16.53	0.01	2	3306	买盘
11:06:18	16.52	-0.01	5	8260	卖盘
11:06:15	16.53	0.01	5	8265	买盘
11:05:39	16.52	--	3	4956	卖盘
11:05:33	16.52	--	4	6608	卖盘
11:05:30	16.52	--	4	6608	卖盘
11:05:24	16.52	--	2	3304	卖盘
11:05:12	16.52	-0.01	4	6608	卖盘
11:04:54	16.53	0.01	3	4959	买盘
11:04:51	16.52	--	3	4956	卖盘
11:04:45	16.52	--	3	4956	卖盘
11:04:42	16.52	-0.01	5	8260	卖盘
11:04:24	16.53	-0.01	1	1653	中性盘
11:04:15	16.54	0.01	5	8270	买盘
11:04:06	16.53	--	5	8265	卖盘
11:03:57	16.53	--	5	8265	买盘
11:03:54	16.53	--	1	1653	买盘
11:03:48	16.53	--	2	3306	买盘
11:03:39	16.53	0.01	18	29754	买盘
11:03:27	16.52	-0.01	1	1652	卖盘
11:02:36	16.53	--	27	44631	卖盘
11:02:30	16.53	--	10	16530	卖盘
11:02:27	16.53	--	8	13224	卖盘
11:02:24	16.53	--	9	14877	卖盘
11:02:09	16.53	-0.01	20	33060	卖盘
11:02:06	16.54	0.01	1	1654	买盘
11:02:00	16.53	-0.01	6	9918	卖盘
11:01:33	16.54	--	1	1654	买盘
11:01:24	16.54	--	58	95932	中性盘
11:01:06	16.54	0.01	21	34734	买盘
11:00:45	16.53	--	10	16530	卖盘
11:00:39	16.53	--	25	41325	买盘
11:00:27	16.53	--	18	29754	买盘
11:00:24	16.53	0.01	21	34713	买盘
10:59:54	16.52	--	10	16520	买盘
10:59:45	16.52	--	20	33040	买盘
10:59:42	16.52	0.01	20	33040	买盘
10:59:30	16.51	0.01	39	64389	买盘
10:58:48	16.5	--	62	102300	卖盘
10:58:42	16.5	-0.01	20	33000	卖盘
10:58:03	16.51	0.01	4	6604	买盘
10:57:54	16.5	0.03	8	13200	买盘
10:57:42	16.47	--	4	7806	卖盘
10:57:39	16.47	-0.04	29	48191	卖盘
10:56:06	16.51	-0.01	1	1651	买盘
10:55:39	16.52	--	20	33040	买盘
10:55:33	16.52	--	1	1652	买盘
10:55:15	16.52	--	2	3304	卖盘
10:55:12	16.52	-0.01	3	4956	卖盘
10:55:06	16.53	0.01	4	6612	买盘
10:54:54	16.52	--	1	1652	卖盘
10:54:51	16.52	--	1	1652	卖盘
10:54:45	16.52	-0.01	4	6608	卖盘
10:54:39	16.53	--	4	6612	买盘
10:54:33	16.53	-0.01	1	1653	中性盘
10:54:27	16.54	0.01	5	8270	买盘
10:53:57	16.53	--	30	49590	卖盘
10:53:54	16.53	-0.01	4	6612	中性盘
10:53:51	16.54	0.02	31	51274	买盘
10:53:45	16.52	-0.01	10	16520	卖盘
10:53:42	16.53	0.01	21	34713	买盘
10:53:39	16.52	--	31	51212	卖盘
10:53:24	16.52	--	8	13216	买盘
10:53:06	16.52	-0.01	11	18172	卖盘
10:53:03	16.53	--	3	4959	买盘
10:52:57	16.53	--	18	29754	买盘
10:52:54	16.53	--	10	16530	卖盘
10:52:48	16.53	--	20	33060	卖盘
10:52:42	16.53	0.01	2	3306	中性盘
10:52:39	16.52	--	16	27324	买盘
10:52:24	16.52	-0.02	186	308031	卖盘
10:52:12	16.54	0.02	1	1654	买盘
10:52:06	16.52	--	22	37236	买盘
10:52:00	16.52	--	32	53623	卖盘
10:51:57	16.52	--	10	16520	卖盘
10:51:45	16.52	0.02	128	212348	买盘
10:51:42	16.5	-0.02	10	16500	中性盘
10:51:00	16.52	0.02	9	14868	买盘
10:50:57	16.5	-0.02	10	16500	中性盘
10:50:42	16.52	0.05	155	256060	买盘
10:50:27	16.47	-0.03	5	8235	卖盘
10:50:24	16.5	0.04	31	51150	买盘
10:50:15	16.46	--	12	19752	买盘
10:50:12	16.46	--	14	23044	买盘
10:50:06	16.46	--	1	1646	买盘
10:49:45	16.46	0.02	5	8230	买盘
10:49:18	16.44	-0.02	3	4932	卖盘
10:49:12	16.46	--	10	16460	买盘
10:49:06	16.46	--	1	1646	买盘
10:48:57	16.46	0.02	10	16460	买盘
10:48:54	16.44	-0.02	10	16440	卖盘
10:48:51	16.46	0.02	10	16460	买盘
10:48:36	16.44	--	35	57540	买盘
10:48:30	16.44	0.04	14	23016	买盘
10:48:24	16.4	-0.01	26	42639	卖盘
10:48:06	16.41	-0.01	1	1641	买盘
10:47:57	16.42	-0.01	13	21346	卖盘
10:47:51	16.43	--	10	16430	买盘
10:47:48	16.43	--	2	3286	买盘
10:47:36	16.43	--	1	1643	买盘
10:47:30	16.43	--	13	21359	卖盘
10:47:24	16.43	--	2	3286	卖盘
10:47:15	16.43	--	3	4929	卖盘
10:47:12	16.43	-0.01	3	4929	卖盘
10:47:06	16.44	--	1	1644	买盘
10:46:54	16.44	--	10	16440	买盘
10:46:18	16.44	--	19	31236	买盘
10:45:57	16.44	--	1	1644	卖盘
10:45:39	16.44	--	2	3288	卖盘
10:45:06	16.44	-0.01	28	46032	卖盘
10:45:00	16.45	--	3	4935	卖盘
10:44:39	16.45	0.01	3	4935	中性盘
10:44:30	16.44	-0.02	3	4932	卖盘
10:43:54	16.46	-0.01	37	60902	卖盘
10:43:18	16.47	-0.04	1	1647	卖盘
10:43:03	16.51	--	51	84201	买盘
10:42:51	16.51	--	18	29718	买盘
10:42:48	16.51	--	21	34671	买盘
10:42:45	16.51	--	1	1651	买盘
10:42:39	16.51	--	2	3302	买盘
10:42:33	16.51	--	18	29718	买盘
10:42:30	16.51	--	21	34671	买盘
10:41:57	16.51	0.01	26	42926	买盘
10:41:54	16.5	0.02	33	54450	买盘
10:41:48	16.48	-0.03	9	14832	卖盘
10:41:45	16.51	0.03	18	29718	买盘
10:41:36	16.48	-0.03	2	3296	卖盘
10:41:12	16.51	--	10	16510	卖盘
10:41:09	16.51	0.01	7	11557	中性盘
10:41:06	16.5	-0.01	2	3300	卖盘
10:40:57	16.51	--	11	18161	买盘
10:40:45	16.51	0.01	17	28067	买盘
10:40:39	16.5	--	36	59400	买盘
10:40:24	16.5	--	5	8250	卖盘
10:40:09	16.5	-0.02	40	66000	卖盘
10:39:51	16.52	--	1	1652	买盘
10:39:48	16.52	--	20	33040	买盘
10:39:30	16.52	--	10	16520	买盘
10:39:27	16.52	--	5	8260	买盘
10:39:06	16.52	-0.02	68	113095	卖盘
10:39:03	16.54	0.02	165	272910	买盘
10:39:00	16.52	0.01	97	161136	买盘
10:38:57	16.51	0.05	152	250952	买盘
10:38:51	16.46	-0.04	1	1646	卖盘
10:38:36	16.5	0.01	5	8250	买盘
10:38:30	16.49	-0.01	6	9893	中性盘
10:38:18	16.5	--	5	8250	买盘
10:38:15	16.5	--	2	3300	买盘
10:38:03	16.5	0.07	2	3300	买盘
10:37:30	16.43	--	3	4929	卖盘
10:37:27	16.43	--	4	6572	卖盘
10:37:24	16.43	-0.07	5	8215	卖盘
10:37:15	16.5	0.07	60	99000	买盘
10:37:00	16.43	0.01	6	9858	买盘
10:36:39	16.42	0.01	6	9852	买盘
10:36:24	16.41	0.01	4	6564	买盘
10:36:00	16.4	0.01	4	6559	中性盘
10:35:48	16.39	--	3	4917	卖盘
10:35:18	16.39	--	2	3278	卖盘
10:35:12	16.39	--	6	9834	卖盘
10:34:48	16.39	--	22	36058	卖盘
10:34:30	16.39	-0.02	5	8195	卖盘
10:34:18	16.41	0.02	1	1641	买盘
10:34:12	16.39	-0.02	5	8195	卖盘
10:33:42	16.41	--	1	1641	买盘
10:33:36	16.41	-0.01	23	37743	买盘
10:33:12	16.42	-0.01	1	1642	卖盘
10:33:06	16.43	0.01	1	1643	买盘
10:32:39	16.42	0.03	10	16420	买盘
10:32:24	16.39	0.03	18	29502	买盘
10:31:54	16.36	-0.01	10	16360	卖盘
10:31:45	16.37	-0.01	3	4911	中性盘
10:30:54	16.38	-0.01	20	32759	卖盘
10:30:48	16.39	--	5	8195	卖盘
10:30:09	16.39	-0.04	5	8195	卖盘
10:29:33	16.43	--	0	887	卖盘
10:29:27	16.43	0.05	25	41075	买盘
10:28:48	16.38	0.04	10	16379	中性盘
10:28:42	16.34	--	21	34314	卖盘
10:28:39	16.34	-0.09	28	45752	卖盘
10:28:30	16.43	--	27	44361	卖盘
10:28:12	16.43	--	29	47647	卖盘
10:28:03	16.43	-0.02	3	4929	卖盘
10:27:54	16.45	0.02	8	13160	买盘
10:27:51	16.43	--	5	8215	卖盘
10:27:48	16.43	-0.02	1	1643	卖盘
10:27:33	16.45	-0.03	8	13916	卖盘
10:27:27	16.48	0.03	18	29664	买盘
10:27:24	16.45	-0.01	5	8225	卖盘
10:27:21	16.46	0.01	1	1646	买盘
10:27:18	16.45	--	3	5823	卖盘
10:27:15	16.45	-0.03	10	16450	卖盘
10:27:12	16.48	--	3	4944	卖盘
10:27:06	16.48	0.02	2	3296	中性盘
10:26:45	16.46	0.01	20	32920	卖盘
10:26:33	16.45	--	2	3290	卖盘
10:26:30	16.45	--	70	115150	卖盘
10:26:15	16.45	-0.05	3	4935	卖盘
10:26:09	16.5	0.05	15	24750	买盘
10:26:00	16.45	--	5	8225	卖盘
10:25:45	16.45	-0.06	1	1645	卖盘
10:25:30	16.51	--	1	1651	买盘
10:25:27	16.51	--	41	67691	卖盘
10:25:21	16.51	--	15	24765	卖盘
10:25:15	16.51	--	2	3302	卖盘
10:25:06	16.51	--	67	110617	买盘
10:25:00	16.51	--	41	67691	买盘
10:24:48	16.51	0.01	1	1651	买盘
10:24:45	16.5	--	2	3300	卖盘
10:24:42	16.5	--	10	16500	卖盘
10:24:39	16.5	--	10	16500	卖盘
10:24:36	16.5	--	3	4950	卖盘
10:24:33	16.5	-0.01	2	3300	卖盘
10:24:30	16.51	0.05	33	54483	买盘
10:24:27	16.46	-0.05	20	32920	卖盘
10:24:21	16.51	0.01	100	165100	买盘
10:24:18	16.5	0.01	12	19800	买盘
10:24:15	16.49	-0.01	24	39575	中性盘
10:24:12	16.5	--	12	19800	买盘
10:24:09	16.5	0.04	32	52800	买盘
10:24:06	16.46	0.01	2	3292	中性盘
10:23:54	16.45	-0.05	9	14805	卖盘
10:23:51	16.5	--	20	33000	买盘
10:23:42	16.5	-0.01	2	3300	中性盘
10:23:36	16.51	0.01	7	11557	买盘
10:23:33	16.5	--	1	1650	买盘
10:23:30	16.5	-0.01	1	1650	中性盘
10:23:18	16.51	-0.04	13	21463	卖盘
10:23:15	16.55	0.04	51	84405	买盘
10:23:12	16.51	0.01	15	24765	卖盘
10:23:06	16.5	0.16	106	174900	买盘
10:22:51	16.34	-0.01	60	98040	卖盘
10:22:45	16.35	-0.09	5	8175	中性盘
10:22:42	16.44	0.11	165	271260	买盘
10:22:39	16.33	-0.01	10	16329	卖盘
10:22:12	16.34	0.01	1	1634	买盘
10:22:06	16.33	--	137	223720	买盘
10:21:54	16.33	0.01	39	63686	买盘
10:21:42	16.32	--	28	45696	卖盘
10:21:36	16.32	-0.01	7	11424	买盘
10:21:33	16.33	0.01	18	29393	买盘
10:21:27	16.32	--	20	32640	卖盘
10:21:15	16.32	--	8	13056	卖盘
10:21:09	16.32	--	1	1632	卖盘
10:21:06	16.32	--	2	3264	卖盘
10:21:03	16.32	--	44	71808	买盘
10:21:00	16.32	--	18	29376	买盘
10:20:42	16.32	0.01	18	29376	买盘
10:20:33	16.31	--	12	19572	卖盘
10:20:24	16.31	0.01	61	99490	买盘
10:20:21	16.3	0.04	9	14670	中性盘
10:20:09	16.26	--	3	4878	卖盘
10:19:51	16.26	-0.06	3	4878	卖盘
10:19:48	16.32	--	16	26112	买盘
10:19:42	16.32	0.01	18	29376	买盘
10:19:39	16.31	--	6	9786	卖盘
10:19:36	16.31	--	1	1630	卖盘
10:19:27	16.31	--	21	34251	买盘
10:19:06	16.31	--	16	26095	买盘
10:18:54	16.31	-0.01	2	3261	中性盘
10:18:39	16.32	--	16	26112	买盘
10:18:33	16.32	0.01	30	48960	买盘
10:18:27	16.31	--	1	1630	卖盘
10:18:24	16.31	--	20	32619	卖盘
10:18:21	16.31	-0.01	5	8154	卖盘
10:18:18	16.32	0.01	22	35904	买盘
10:18:12	16.31	--	3	4893	卖盘
10:18:03	16.31	-0.01	19	30988	中性盘
10:18:00	16.32	--	7	11424	买盘
10:17:57	16.32	0.01	10	16320	买盘
10:17:54	16.31	0.01	1	1630	买盘
10:17:51	16.3	-0.02	2	3260	卖盘
10:17:48	16.32	--	14	22848	买盘
10:17:42	16.32	--	10	16320	买盘
10:17:33	16.32	--	30	48960	买盘
10:17:30	16.32	--	3	4896	买盘
10:17:27	16.32	0.02	16	26112	买盘
10:17:24	16.3	--	3	4890	买盘
10:17:03	16.3	--	10	16300	买盘
10:17:00	16.3	0.02	40	65200	买盘
10:16:54	16.28	0.02	4	6512	中性盘
10:16:39	16.26	-0.04	29	47154	卖盘
10:16:33	16.3	0.02	1	1630	买盘
10:16:30	16.28	-0.02	4	6512	卖盘
10:16:24	16.3	0.02	40	65200	买盘
10:16:12	16.28	-0.02	3	4884	卖盘
10:16:06	16.3	--	1	1630	买盘
10:16:03	16.3	--	21	34230	买盘
10:15:51	16.3	--	11	17930	买盘
10:15:48	16.3	--	46	74980	买盘
10:15:42	16.3	--	5	8150	卖盘
10:15:36	16.3	--	14	22820	卖盘
10:15:30	16.3	--	10	16300	卖盘
10:15:27	16.3	--	10	16300	卖盘
10:15:24	16.3	0.01	176	286880	买盘
10:15:18	16.29	-0.01	42	68418	卖盘
10:15:09	16.3	0.01	53	86390	买盘
10:15:03	16.29	--	3	4887	卖盘
10:14:57	16.29	--	10	16290	卖盘
10:14:54	16.29	--	4	6516	卖盘
10:14:51	16.29	0.01	41	66789	买盘
10:14:48	16.28	-0.01	7	11396	卖盘
10:14:42	16.29	--	10	16290	买盘
10:14:36	16.29	--	15	24435	买盘
10:14:30	16.29	0.01	6	9774	买盘
10:14:27	16.28	--	13	21164	卖盘
10:14:18	16.28	--	10	16280	买盘
10:14:15	16.28	--	10	16280	买盘
10:14:03	16.28	0.03	6	9768	买盘
10:13:57	16.25	--	3	4875	卖盘
10:13:54	16.25	--	10	16250	卖盘
10:13:42	16.25	--	19	30875	买盘
10:13:36	16.25	--	5	8125	买盘
10:13:33	16.25	--	10	16250	买盘
10:13:27	16.25	--	51	82875	买盘
10:13:18	16.25	0.01	10	16250	买盘
10:13:03	16.24	0.02	6	9743	买盘
10:12:48	16.22	--	12	19464	买盘
10:12:45	16.22	--	4	6488	买盘
10:12:12	16.22	--	19	30817	买盘
10:12:09	16.22	0.01	50	81100	买盘
10:12:06	16.21	-0.01	1	1621	卖盘
10:12:03	16.22	--	45	72990	买盘
10:11:57	16.22	--	15	24330	买盘
10:11:48	16.22	--	19	30817	买盘
10:11:39	16.22	0.01	2	3244	买盘
10:11:36	16.21	-0.01	8	12968	卖盘
10:11:30	16.22	--	2	3244	买盘
10:11:27	16.22	--	2	3244	买盘
10:11:15	16.22	--	7	11354	买盘
10:11:06	16.22	0.01	36	58391	买盘
10:10:54	16.21	-0.01	2	3242	中性盘
10:10:45	16.22	0.02	15	24330	买盘
10:10:42	16.2	--	5	8100	卖盘
10:10:39	16.2	--	13	21060	买盘
10:10:27	16.2	--	19	30780	买盘
10:10:06	16.2	--	1	1620	买盘
10:10:00	16.2	-0.02	1	1620	中性盘
10:09:36	16.22	0.03	7	11354	买盘
10:09:27	16.19	--	18	29142	买盘
10:09:15	16.19	0.06	7	11333	买盘
10:08:48	16.13	-0.06	4	6452	卖盘
10:08:39	16.19	0.07	7	11333	买盘
10:07:12	16.12	-0.02	48	77376	卖盘
10:07:00	16.14	--	7	11298	买盘
10:06:45	16.14	0.02	1	1614	买盘
10:06:27	16.12	--	10	16120	卖盘
10:06:18	16.12	--	12	19344	卖盘
10:06:15	16.12	-0.02	30	48360	卖盘
10:06:06	16.14	0.02	1	1614	买盘
10:05:57	16.12	--	31	49972	卖盘
10:05:54	16.12	-0.02	10	16120	卖盘
10:05:45	16.14	0.02	10	16140	买盘
10:05:30	16.12	--	7	11284	卖盘
10:05:27	16.12	--	6	9672	卖盘
10:05:09	16.12	--	10	16120	卖盘
10:05:06	16.12	--	3	4836	卖盘
10:04:54	16.12	-0.01	11	17732	卖盘
10:04:51	16.13	0.01	4	6452	买盘
10:04:48	16.12	-0.01	3	4836	卖盘
10:04:42	16.13	--	6	9678	买盘
10:04:27	16.13	0.01	4	6452	买盘
10:04:21	16.12	-0.01	30	48360	卖盘
10:04:18	16.13	--	4	6452	买盘
10:04:15	16.13	--	35	56455	卖盘
10:04:09	16.13	--	4	6452	卖盘
10:04:03	16.13	--	10	16129	卖盘
10:04:00	16.13	--	4	6452	卖盘
10:03:57	16.13	--	20	32259	卖盘
10:03:48	16.13	--	52	83876	卖盘
10:03:36	16.13	--	34	54842	卖盘
10:03:30	16.13	--	3	4839	卖盘
10:03:09	16.13	--	23	37099	卖盘
10:03:06	16.13	--	30	48390	卖盘
10:02:45	16.13	0.01	3	4839	中性盘
10:02:12	16.12	-0.05	4	6448	卖盘
10:02:06	16.17	0.04	1	1617	买盘
10:01:57	16.13	-0.04	8	12904	卖盘
10:01:48	16.17	--	7	11319	买盘
10:01:09	16.17	0.05	10	16170	买盘
10:01:00	16.12	--	20	32240	卖盘
10:00:48	16.12	--	2	3224	卖盘
10:00:15	16.12	-0.01	25	40300	卖盘
10:00:09	16.13	--	1	1613	卖盘
09:59:48	16.13	-0.07	5	8064	卖盘
09:59:45	16.2	-0.01	9	14580	买盘
09:59:33	16.21	-0.01	19	30799	中性盘
09:59:21	16.22	0.1	3	4866	买盘
09:59:18	16.12	-0.1	8	12896	卖盘
09:58:42	16.22	0.1	27	43794	买盘
09:58:30	16.12	--	2	3224	买盘
09:58:21	16.12	--	3	4836	买盘
09:58:06	16.12	--	6	9672	买盘
09:57:54	16.12	--	10	16120	买盘
09:57:30	16.12	--	10	16120	买盘
09:57:24	16.12	0.01	65	104780	买盘
09:56:42	16.11	-0.01	20	32220	卖盘
09:56:36	16.12	--	1	1612	买盘
09:56:33	16.12	--	20	32240	买盘
09:56:15	16.12	--	10	16120	买盘
09:56:00	16.12	--	2	3224	买盘
09:55:54	16.12	0.02	10	16120	买盘
09:55:51	16.1	-0.01	20	32200	卖盘
09:55:39	16.11	--	13	20943	买盘
09:55:27	16.11	-0.01	57	91827	卖盘
09:55:24	16.12	--	7	11284	买盘
09:54:33	16.12	--	30	48360	买盘
09:54:30	16.12	--	5	8060	买盘
09:54:18	16.12	--	6	9672	买盘
09:54:06	16.12	--	1	1612	买盘
09:53:51	16.12	--	8	12896	买盘
09:53:36	16.12	--	5	8060	买盘
09:53:27	16.12	0.02	1	1612	买盘
09:53:03	16.1	--	7	12638	买盘
09:52:45	16.1	0.02	8	12880	买盘
09:52:42	16.08	-0.02	4	6431	卖盘
09:52:33	16.1	0.02	10	16100	买盘
09:52:27	16.08	--	25	40199	卖盘
09:52:18	16.08	-0.02	2	3215	卖盘
09:52:00	16.1	--	20	32200	买盘
09:51:57	16.1	-0.02	69	111331	卖盘
09:51:54	16.12	--	21	33852	买盘
09:51:42	16.12	0.02	4	6448	买盘
09:51:39	16.1	--	3	4830	卖盘
09:51:36	16.1	-0.02	18	28980	卖盘
09:51:27	16.12	0.01	9	15878	买盘
09:51:24	16.11	--	40	64440	买盘
09:51:18	16.11	--	35	56385	卖盘
09:51:12	16.11	0.01	2	3222	卖盘
09:51:06	16.1	--	22	35420	卖盘
09:51:03	16.1	-0.01	33	53130	卖盘
09:51:00	16.11	0.01	3	4833	中性盘
09:50:57	16.1	--	31	49910	卖盘
09:50:54	16.1	--	22	35420	卖盘
09:50:51	16.1	--	10	16389	卖盘
09:50:48	16.1	-0.01	2	3220	卖盘
09:50:45	16.11	--	5	8055	买盘
09:50:42	16.11	0.01	16	25776	买盘
09:50:39	16.1	--	28	46400	卖盘
09:50:36	16.1	-0.01	63	101430	卖盘
09:50:30	16.11	--	30	48330	卖盘
09:50:27	16.11	--	23	37053	卖盘
09:50:12	16.11	-0.01	13	20943	卖盘
09:50:09	16.12	--	4	6448	卖盘
09:50:06	16.12	--	9	14508	卖盘
09:50:03	16.12	--	20	32240	卖盘
09:50:00	16.12	--	7	11284	卖盘
09:49:57	16.12	-0.02	2	3224	卖盘
09:49:45	16.14	--	10	16140	卖盘
09:49:27	16.14	0.02	5	8070	中性盘
09:49:18	16.12	-0.01	13	20956	卖盘
09:49:15	16.13	--	10	16129	卖盘
09:49:06	16.13	--	20	32259	卖盘
09:48:57	16.13	-0.03	14	22582	卖盘
09:48:54	16.16	0.02	13	21008	中性盘
09:48:45	16.14	-0.03	81	130734	卖盘
09:48:39	16.17	--	17	27489	卖盘
09:48:36	16.17	-0.01	21	33957	卖盘
09:48:33	16.18	0.01	10	16180	买盘
09:48:30	16.17	-0.01	10	16170	卖盘
09:48:21	16.18	0.01	12	19416	中性盘
09:48:06	16.17	--	4	6468	卖盘
09:47:57	16.17	-0.01	14	22638	卖盘
09:47:48	16.18	0.01	10	16180	卖盘
09:47:36	16.17	-0.01	67	108339	卖盘
09:47:24	16.18	--	2	3236	卖盘
09:47:21	16.18	--	14	22652	卖盘
09:47:18	16.18	-0.01	23	37214	卖盘
09:47:15	16.19	--	8	12952	买盘
09:47:12	16.19	-0.04	6	9714	买盘
09:47:06	16.23	0.05	1	1623	买盘
09:46:57	16.18	-0.01	200	323600	卖盘
09:46:54	16.19	--	7	11333	卖盘
09:46:45	16.19	--	19	30761	卖盘
09:46:27	16.19	--	19	30761	卖盘
09:46:24	16.19	--	7	11333	卖盘
09:46:12	16.19	--	7	11333	买盘
09:45:51	16.19	--	16	25904	卖盘
09:45:48	16.19	--	22	35618	卖盘
09:45:39	16.19	0.01	2	3238	中性盘
09:45:33	16.18	-0.01	5	8090	卖盘
09:45:30	16.19	--	6	9714	买盘
09:45:24	16.19	--	1	1619	买盘
09:45:12	16.19	--	12	19428	卖盘
09:44:57	16.19	0.01	5	8095	买盘
09:44:54	16.18	--	14	22652	卖盘
09:44:51	16.18	--	11	17798	卖盘
09:44:27	16.18	-0.01	7	11326	卖盘
09:44:24	16.19	--	5	8095	卖盘
09:44:18	16.19	--	3	4857	卖盘
09:44:06	16.19	-0.01	13	21047	卖盘
09:44:03	16.2	0.01	6	9720	中性盘
09:43:54	16.19	-0.01	24	38856	卖盘
09:43:51	16.2	--	2	3240	卖盘
09:43:45	16.2	--	3	4860	卖盘
09:43:42	16.2	--	10	16200	卖盘
09:43:39	16.2	--	4	6480	卖盘
09:43:36	16.2	--	2	3240	卖盘
09:43:27	16.2	-0.02	37	59940	卖盘
09:43:24	16.22	-0.04	17	27573	中性盘
09:43:06	16.26	0.05	1	1626	买盘
09:42:21	16.21	--	5	8105	卖盘
09:42:18	16.21	0.01	1	1621	中性盘
09:41:48	16.2	-0.07	2	3240	卖盘
09:41:39	16.27	0.07	14	22778	买盘
09:41:24	16.2	--	5	8100	卖盘
09:41:18	16.2	--	2	3240	卖盘
09:41:00	16.2	--	5	8100	卖盘
09:40:51	16.2	--	11	17820	卖盘
09:40:39	16.2	-0.02	28	45360	卖盘
09:40:24	16.22	0.01	20	32439	买盘
09:40:15	16.21	--	5	8105	卖盘
09:40:09	16.21	--	1	1621	卖盘
09:40:06	16.21	--	4	6484	卖盘
09:39:54	16.21	-0.02	2	3242	卖盘
09:39:42	16.23	--	1	1623	卖盘
09:39:33	16.23	--	8	12984	买盘
09:39:27	16.23	--	5	8115	买盘
09:39:15	16.23	--	1	1623	买盘
09:39:09	16.23	-0.05	16	25968	卖盘
09:39:06	16.28	--	1	1628	买盘
09:39:03	16.28	--	2	3256	买盘
09:38:42	16.28	--	29	47212	买盘
09:38:33	16.28	0.01	27	43956	买盘
09:38:15	16.27	0.07	2	3254	买盘
09:38:12	16.2	-0.07	2	3240	卖盘
09:38:09	16.27	--	10	16270	买盘
09:38:03	16.27	0.01	17	27659	买盘
09:37:54	16.26	--	4	6504	卖盘
09:37:42	16.26	-0.01	6	9756	中性盘
09:37:18	16.27	0.09	5	8135	买盘
09:37:12	16.18	-0.09	25	40450	卖盘
09:36:45	16.27	0.04	20	32540	买盘
09:36:42	16.23	--	1	1623	买盘
09:36:39	16.23	--	2	3246	买盘
09:36:24	16.23	0.01	6	9738	买盘
09:36:06	16.22	-0.03	1	1622	中性盘
09:35:36	16.25	-0.02	1	1625	中性盘
09:35:24	16.27	--	1	1627	中性盘
09:35:09	16.27	--	20	32540	买盘
09:35:03	16.27	--	1	1627	买盘
09:34:45	16.27	--	1	1627	买盘
09:34:42	16.27	--	1	1627	买盘
09:34:24	16.27	--	1	1627	买盘
09:34:21	16.27	--	7	11389	买盘
09:34:09	16.27	0.05	4	6508	买盘
09:34:03	16.22	--	7	11354	卖盘
09:33:57	16.22	--	9	14597	买盘
09:33:54	16.22	--	3	4866	买盘
09:33:51	16.22	-0.05	1	1622	买盘
09:33:42	16.27	0.01	37	60199	买盘
09:33:06	16.26	--	18	29268	买盘
09:32:57	16.26	0.09	17	27642	买盘
09:32:45	16.17	-0.09	20	32340	卖盘
09:32:03	16.26	-0.02	7	11382	中性盘
09:31:39	16.28	--	1	1628	卖盘
09:31:36	16.28	--	1	1628	卖盘
09:31:33	16.28	--	3	4884	卖盘
09:31:30	16.28	-0.02	1	1628	卖盘
09:31:24	16.3	--	2	3260	卖盘
09:31:18	16.3	--	5	8150	卖盘
09:31:12	16.3	--	23	37490	买盘
09:31:06	16.3	0.15	50	81500	买盘
09:31:03	16.15	--	7	11304	卖盘
09:30:57	16.15	-0.15	20	32299	卖盘
09:30:36	16.3	0.07	4	6520	买盘
09:30:21	16.23	0.1	2	3246	买盘
09:30:12	16.13	16.13	2	3226	买盘
