成交时间	成交价	价格变动	成交量(手)	成交额(元)	性质
15:00:03	6.73	-0.01	926	623601	卖盘
14:57:03	6.74	--	120	80880	买盘
14:57:00	6.74	0.01	149	100426	买盘
14:56:54	6.73	-0.01	15	10095	卖盘
14:56:51	6.74	--	5	3370	买盘
14:56:48	6.74	0.01	60	40440	买盘
14:56:42	6.73	--	1000	673000	卖盘
14:56:36	6.73	--	87	58551	卖盘
14:56:33	6.73	--	41	27593	卖盘
14:56:30	6.73	--	40	26920	卖盘
14:56:21	6.73	--	16	10902	卖盘
14:56:15	6.73	--	3	2019	卖盘
14:56:12	6.73	-0.01	10	6730	卖盘
14:56:09	6.74	0.01	30	20220	买盘
14:56:06	6.73	--	50	33650	卖盘
14:55:57	6.73	--	1	673	卖盘
14:55:54	6.73	-0.01	10	6730	卖盘
14:55:51	6.74	0.01	2	1348	买盘
14:55:42	6.73	-0.01	1	673	卖盘
14:55:39	6.74	0.01	50	33700	买盘
14:55:36	6.73	--	10	6730	卖盘
14:55:33	6.73	-0.01	34	22882	卖盘
14:55:30	6.74	-0.01	90	60660	买盘
14:55:21	6.75	0.01	614	414450	买盘
14:55:18	6.74	0.01	2	1348	买盘
14:55:12	6.73	-0.01	10	6730	卖盘
14:55:09	6.74	-0.01	20	13480	中性盘
14:55:03	6.75	0.01	200	135000	买盘
14:55:00	6.74	--	10	6740	买盘
14:54:57	6.74	--	14	9449	卖盘
14:54:51	6.74	-0.01	61	41114	卖盘
14:54:48	6.75	0.01	20	13500	买盘
14:54:42	6.74	-0.01	14	9436	卖盘
14:54:39	6.75	--	2	1350	买盘
14:54:36	6.75	0.01	70	47250	买盘
14:54:27	6.74	-0.01	20	13480	卖盘
14:54:21	6.75	0.01	5	3375	买盘
14:54:18	6.74	-0.01	26	17524	卖盘
14:53:54	6.75	0.01	112	75600	买盘
14:53:51	6.74	--	10	6740	卖盘
14:53:45	6.74	-0.01	50	33700	卖盘
14:53:42	6.75	0.01	29	19575	买盘
14:53:30	6.74	-0.01	20	13480	卖盘
14:53:27	6.75	0.01	134	90450	买盘
14:53:21	6.74	-0.01	1	674	卖盘
14:53:18	6.75	0.01	2	1350	买盘
14:53:15	6.74	-0.01	1003	676022	卖盘
14:53:09	6.75	--	70	47250	买盘
14:53:00	6.75	--	10	6750	买盘
14:52:54	6.75	--	13	8775	买盘
14:52:51	6.75	--	5	3375	买盘
14:52:48	6.75	--	20	13500	买盘
14:52:45	6.75	--	53	36315	卖盘
14:52:42	6.75	--	63	42525	卖盘
14:52:39	6.75	--	246	166320	卖盘
14:52:33	6.75	-0.01	10	6750	卖盘
14:52:30	6.76	0.01	2	1352	买盘
14:52:27	6.75	--	4	2835	卖盘
14:52:12	6.75	--	89	60075	卖盘
14:52:06	6.75	--	9	6075	卖盘
14:52:00	6.75	0.01	202	136755	买盘
14:51:57	6.74	-0.01	1	674	卖盘
14:51:51	6.75	--	9	6075	买盘
14:51:45	6.75	--	50	33750	买盘
14:51:42	6.75	--	91	61425	买盘
14:51:36	6.75	-0.01	181	122445	卖盘
14:51:33	6.76	0.01	100	67600	买盘
14:51:30	6.75	-0.01	44	29700	卖盘
14:51:24	6.76	0.01	95	64220	买盘
14:51:12	6.75	-0.01	296	200205	卖盘
14:51:00	6.76	--	10	6760	买盘
14:50:51	6.76	0.01	50	33800	买盘
14:50:39	6.75	-0.01	50	33750	卖盘
14:50:36	6.76	0.01	5	3380	买盘
14:50:33	6.75	-0.01	110	74250	卖盘
14:50:30	6.76	--	91	61516	买盘
14:50:24	6.76	0.01	126	85176	买盘
14:50:21	6.75	-0.01	10	6750	卖盘
14:50:09	6.76	0.01	51	34476	买盘
14:50:00	6.75	-0.01	121	81675	卖盘
14:49:57	6.76	--	100	67600	买盘
14:49:51	6.76	0.01	168	113568	买盘
14:49:48	6.75	--	100	67500	卖盘
14:49:45	6.75	-0.01	1	675	卖盘
14:49:42	6.76	--	3	2028	买盘
14:49:36	6.76	0.01	224	151424	买盘
14:49:33	6.75	-0.01	15	10125	卖盘
14:49:27	6.76	--	8	5408	买盘
14:49:24	6.76	--	5	3380	买盘
14:49:18	6.76	--	22	15480	卖盘
14:49:15	6.76	--	7	4732	卖盘
14:49:09	6.76	--	15	10140	卖盘
14:49:06	6.76	--	1	811	卖盘
14:49:03	6.76	--	358	242278	卖盘
14:49:00	6.76	--	25	16900	卖盘
14:48:57	6.76	--	10	6760	卖盘
14:48:54	6.76	--	31	20956	卖盘
14:48:51	6.76	--	75	50700	卖盘
14:48:48	6.76	--	227	153452	卖盘
14:48:45	6.76	--	50	33800	卖盘
14:48:42	6.76	--	17	11492	卖盘
14:48:36	6.76	--	20	13520	卖盘
14:48:30	6.76	-0.01	14	9599	卖盘
14:48:24	6.77	0.01	10	6770	买盘
14:48:21	6.76	--	42	28594	卖盘
14:48:18	6.76	-0.01	45	30420	卖盘
14:47:48	6.77	0.01	20	13540	买盘
14:47:33	6.76	-0.01	290	196040	卖盘
14:47:30	6.77	0.02	63	42651	买盘
14:47:18	6.75	-0.01	1	675	卖盘
14:47:15	6.76	--	77	52052	买盘
14:47:12	6.76	--	18	12168	买盘
14:47:09	6.76	--	205	138580	买盘
14:47:06	6.76	--	68	45968	买盘
14:47:00	6.76	0.01	56	38126	买盘
14:46:57	6.75	-0.01	6	4050	卖盘
14:46:54	6.76	--	2	1352	买盘
14:46:48	6.76	-0.01	6	4056	卖盘
14:46:45	6.77	--	25	16925	买盘
14:46:42	6.77	--	20	13540	买盘
14:46:33	6.77	--	1	677	买盘
14:46:24	6.77	--	1	677	买盘
14:46:15	6.77	--	120	81240	买盘
14:46:12	6.77	0.02	10	6770	买盘
14:46:09	6.75	-0.02	1	675	卖盘
14:46:03	6.77	0.02	12	8123	买盘
14:45:48	6.75	--	0	405	卖盘
14:45:39	6.75	--	45	30375	卖盘
14:45:36	6.75	-0.02	320	216000	卖盘
14:45:33	6.77	0.02	600	406200	买盘
14:45:27	6.75	-0.01	95	64125	卖盘
14:45:18	6.76	0.01	179	121004	买盘
14:45:15	6.75	--	40	27000	买盘
14:45:12	6.75	--	101	68715	卖盘
14:45:09	6.75	--	2	1350	卖盘
14:45:06	6.75	--	2	1485	卖盘
14:45:03	6.75	0.01	114	76950	买盘
14:44:57	6.74	-0.01	29	19546	卖盘
14:44:51	6.75	--	10	6750	买盘
14:44:42	6.75	--	32	21600	买盘
14:44:39	6.75	--	80	54000	买盘
14:44:36	6.75	--	600	405000	买盘
14:44:30	6.75	--	110	74250	买盘
14:44:27	6.75	--	20	13500	买盘
14:44:24	6.75	-0.01	819	552825	卖盘
14:44:21	6.76	--	231	156156	买盘
14:44:03	6.76	0.01	508	343408	买盘
14:43:57	6.75	0.01	500	337500	买盘
14:43:42	6.74	--	133	89642	卖盘
14:43:27	6.74	--	20	13480	卖盘
14:43:15	6.74	--	50	33700	卖盘
14:43:09	6.74	--	178	119972	卖盘
14:43:06	6.74	0.01	514	347096	买盘
14:43:03	6.73	-0.01	101	67973	卖盘
14:43:00	6.74	0.01	1	674	买盘
14:42:57	6.73	-0.01	1	673	卖盘
14:42:51	6.74	--	65	43810	买盘
14:42:48	6.74	--	110	74140	买盘
14:42:45	6.74	--	13	8762	买盘
14:42:42	6.74	--	47	31678	买盘
14:42:39	6.74	--	100	67400	买盘
14:42:33	6.74	0.01	200	134800	买盘
14:42:30	6.73	-0.01	22	14806	卖盘
14:42:24	6.74	--	30	20220	买盘
14:42:21	6.74	--	5	3370	买盘
14:42:15	6.74	--	30	20220	买盘
14:42:12	6.74	--	100	67400	买盘
14:42:03	6.74	--	100	67400	买盘
14:42:00	6.74	--	10	6740	买盘
14:41:54	6.74	0.01	60	40440	买盘
14:41:39	6.73	-0.01	10	6730	卖盘
14:41:33	6.74	--	10	6740	买盘
14:41:30	6.74	--	10	6740	买盘
14:41:21	6.74	--	5	3370	买盘
14:41:06	6.74	--	1	674	买盘
14:40:39	6.74	--	20	13480	买盘
14:40:36	6.74	--	300	202200	买盘
14:40:33	6.74	--	82	55268	买盘
14:40:27	6.74	--	23	15502	买盘
14:40:24	6.74	--	10	6740	买盘
14:40:21	6.74	--	127	85598	买盘
14:40:12	6.74	--	103	69422	买盘
14:40:09	6.74	--	37	24938	买盘
14:40:06	6.74	--	3	2022	买盘
14:40:03	6.74	--	10	6740	买盘
14:40:00	6.74	--	23	15502	买盘
14:39:39	6.74	--	156	105144	买盘
14:39:33	6.74	--	20	13480	买盘
14:39:30	6.74	--	8	5392	买盘
14:39:27	6.74	--	50	33700	买盘
14:39:24	6.74	--	265	178812	卖盘
14:39:15	6.74	-0.01	1	674	卖盘
14:39:03	6.75	0.01	12	8100	买盘
14:38:54	6.74	--	9	6066	卖盘
14:38:45	6.74	--	180	121320	卖盘
14:38:39	6.74	--	59	40237	买盘
14:38:36	6.74	--	4	2696	买盘
14:38:27	6.74	--	1000	674000	买盘
14:38:24	6.74	--	20	13480	买盘
14:38:18	6.74	--	9	6066	买盘
14:38:15	6.74	--	141	95505	买盘
14:38:03	6.74	0.01	20	13480	买盘
14:37:54	6.73	-0.01	28	18844	卖盘
14:37:48	6.74	--	50	33700	买盘
14:37:42	6.74	0.01	1	674	买盘
14:37:39	6.73	--	1	673	卖盘
14:37:33	6.73	--	33	22209	卖盘
14:37:21	6.73	--	122	82509	卖盘
14:37:06	6.73	-0.01	2	1346	卖盘
14:36:54	6.74	--	18	12334	卖盘
14:36:48	6.74	--	11	7885	买盘
14:36:45	6.74	--	10	6740	买盘
14:36:42	6.74	--	15	10110	买盘
14:36:30	6.74	--	5	3370	买盘
14:36:24	6.74	--	17	11458	买盘
14:36:21	6.74	--	100	67602	卖盘
14:36:18	6.74	--	8	5392	卖盘
14:36:09	6.74	--	45	30330	卖盘
14:36:00	6.74	--	5	3370	卖盘
14:35:51	6.74	0.01	23	15973	买盘
14:35:48	6.73	-0.01	18	12114	卖盘
14:35:45	6.74	--	661	445514	买盘
14:35:39	6.74	--	4	2696	买盘
14:35:36	6.74	0.01	18	12132	买盘
14:35:33	6.73	-0.01	1	673	卖盘
14:35:30	6.74	--	10	6740	买盘
14:35:27	6.74	--	152	102448	买盘
14:35:06	6.74	--	32	21568	买盘
14:35:03	6.74	0.01	1	674	买盘
14:35:00	6.73	--	30	20190	卖盘
14:34:51	6.73	-0.01	1	673	卖盘
14:34:48	6.74	--	31	20894	买盘
14:34:36	6.74	--	18	12132	买盘
14:34:24	6.74	0.01	30	20220	买盘
14:34:21	6.73	--	40	26920	卖盘
14:34:12	6.73	--	2	1346	卖盘
14:34:09	6.73	-0.01	50	33650	卖盘
14:33:54	6.74	--	10	6740	买盘
14:33:36	6.74	0.01	10	6740	买盘
14:33:21	6.73	--	5	3365	卖盘
14:33:18	6.73	--	15	10095	卖盘
14:33:15	6.73	--	2	1346	卖盘
14:33:09	6.73	--	102	68780	卖盘
14:33:03	6.73	-0.01	110	74030	卖盘
14:33:00	6.74	0.01	4	2696	买盘
14:32:57	6.73	-0.01	3	2019	卖盘
14:32:51	6.74	0.01	833	561442	买盘
14:32:48	6.73	--	6	4038	卖盘
14:32:39	6.73	--	70	47110	卖盘
14:32:36	6.73	-0.01	137	92470	卖盘
14:32:30	6.74	0.01	149	100426	买盘
14:32:27	6.73	-0.01	139	93547	卖盘
14:32:18	6.74	0.01	10	6740	买盘
14:32:15	6.73	-0.01	32	21536	卖盘
14:32:12	6.74	0.01	25	16850	买盘
14:32:09	6.73	-0.01	451	303523	卖盘
14:32:03	6.74	--	20	13480	买盘
14:31:57	6.74	--	421	283754	卖盘
14:31:54	6.74	--	15	10110	卖盘
14:31:48	6.74	-0.01	32	21568	卖盘
14:31:45	6.75	0.01	22	14850	买盘
14:31:42	6.74	--	4	2696	卖盘
14:31:39	6.74	--	59	39766	卖盘
14:31:36	6.74	--	50	33700	卖盘
14:31:30	6.74	--	20	13480	卖盘
14:31:27	6.74	--	20	13480	卖盘
14:31:21	6.74	--	334	225116	卖盘
14:31:18	6.74	--	310	208940	卖盘
14:31:15	6.74	--	3	2022	卖盘
14:31:09	6.74	--	335	225790	卖盘
14:31:00	6.74	-0.01	10	6740	卖盘
14:30:57	6.75	0.01	20	13500	买盘
14:30:54	6.74	--	15	10110	卖盘
14:30:51	6.74	-0.01	11	7414	卖盘
14:30:42	6.75	--	20	13500	买盘
14:30:39	6.75	--	6	4050	买盘
14:30:36	6.75	--	10	6750	买盘
14:30:24	6.75	--	127	86265	卖盘
14:30:18	6.75	--	100	67500	卖盘
14:30:15	6.75	-0.01	97	65475	卖盘
14:30:09	6.76	0.01	33	22308	买盘
14:30:03	6.75	--	10	6750	卖盘
14:30:00	6.75	--	35	23625	卖盘
14:29:57	6.75	--	30	20250	卖盘
14:29:54	6.75	--	30	20250	卖盘
14:29:51	6.75	--	131	88425	卖盘
14:29:45	6.75	--	52	35100	卖盘
14:29:42	6.75	-0.01	10	6750	卖盘
14:29:30	6.76	0.01	199	134524	买盘
14:29:12	6.75	--	60	40500	卖盘
14:29:00	6.75	--	21	14310	卖盘
14:28:57	6.75	--	11	7425	卖盘
14:28:36	6.75	--	80	54000	卖盘
14:28:30	6.75	--	70	47250	卖盘
14:28:24	6.75	--	10	6750	卖盘
14:28:12	6.75	--	59	39825	卖盘
14:27:54	6.75	--	100	67500	卖盘
14:27:18	6.75	--	10	6750	卖盘
14:27:06	6.75	-0.01	100	67500	卖盘
14:27:03	6.76	0.01	20	13520	买盘
14:26:48	6.75	-0.01	40	27000	卖盘
14:26:45	6.76	0.01	7	4732	买盘
14:26:33	6.75	-0.01	8	5400	卖盘
14:26:30	6.76	--	340	229840	买盘
14:26:27	6.76	--	41	27716	买盘
14:26:24	6.76	--	14	9464	买盘
14:26:21	6.76	--	29	19604	买盘
14:26:15	6.76	-0.01	1440	973507	卖盘
14:26:06	6.77	--	11	7446	买盘
14:26:00	6.77	--	20	13540	买盘
14:25:39	6.77	0.01	1	677	买盘
14:25:27	6.76	--	29	19604	卖盘
14:25:15	6.76	--	52	35152	卖盘
14:25:09	6.76	--	48	32718	卖盘
14:25:03	6.76	--	10	6760	卖盘
14:25:00	6.76	--	3	2028	卖盘
14:24:45	6.76	-0.01	3	2028	卖盘
14:24:30	6.77	0.01	1	677	买盘
14:24:24	6.76	--	100	67600	卖盘
14:24:12	6.76	-0.01	6	4056	卖盘
14:24:06	6.77	--	20	13540	买盘
14:24:03	6.77	0.01	10	6770	买盘
14:24:00	6.76	-0.01	130	87880	卖盘
14:23:42	6.77	--	15	10155	买盘
14:23:36	6.77	-0.01	178	120912	卖盘
14:23:24	6.78	0.01	22	14916	买盘
14:23:15	6.77	--	50	33850	卖盘
14:23:06	6.77	--	117	79209	卖盘
14:23:03	6.77	--	5	3385	卖盘
14:22:54	6.77	-0.01	111	75147	卖盘
14:22:51	6.78	0.01	29	19662	买盘
14:22:45	6.77	--	108	73116	卖盘
14:22:36	6.77	--	50	33850	卖盘
14:22:33	6.77	--	45	30464	卖盘
14:22:24	6.77	-0.01	205	138785	卖盘
14:22:18	6.78	0.01	37	25086	买盘
14:22:15	6.77	--	80	54160	卖盘
14:22:12	6.77	--	100	67700	卖盘
14:22:03	6.77	-0.01	20	13540	卖盘
14:21:48	6.78	0.01	51	34578	买盘
14:21:45	6.77	--	11	7446	卖盘
14:21:36	6.77	--	40	27080	卖盘
14:21:27	6.77	--	10	6770	卖盘
14:21:21	6.77	--	20	13540	卖盘
14:21:18	6.77	-0.01	33	22341	卖盘
14:21:00	6.78	--	41	27798	买盘
14:20:57	6.78	--	6	4068	买盘
14:20:48	6.78	--	1	678	买盘
14:20:45	6.78	--	60	40680	买盘
14:20:33	6.78	--	12	8136	买盘
14:20:30	6.78	--	117	79326	买盘
14:20:27	6.78	--	100	67800	买盘
14:20:24	6.78	--	20	13560	买盘
14:20:21	6.78	--	20	13560	买盘
14:20:09	6.78	--	48	32544	买盘
14:20:06	6.78	0.01	20	13560	买盘
14:20:03	6.77	-0.01	2	1354	卖盘
14:20:00	6.78	--	6	4068	买盘
14:19:51	6.78	0.01	3	2034	买盘
14:19:48	6.77	--	3	2301	卖盘
14:19:42	6.77	--	23	15570	卖盘
14:19:39	6.77	--	25	16925	卖盘
14:19:33	6.77	--	3	2030	卖盘
14:19:03	6.77	--	686	464421	买盘
14:18:54	6.77	--	100	67700	买盘
14:18:42	6.77	0.01	200	135400	买盘
14:18:36	6.76	-0.01	1	676	卖盘
14:18:33	6.77	--	20	13540	买盘
14:18:30	6.77	--	60	40620	买盘
14:18:27	6.77	--	30	20310	买盘
14:18:18	6.77	--	6	4061	买盘
14:18:15	6.77	--	116	78532	买盘
14:18:06	6.77	--	10	6770	买盘
14:18:00	6.77	0.01	20	13540	买盘
14:17:45	6.76	-0.01	15	10140	卖盘
14:17:36	6.77	0.01	100	67700	买盘
14:17:27	6.76	-0.01	30	20280	卖盘
14:17:18	6.77	--	50	33850	买盘
14:17:12	6.77	--	1	677	买盘
14:17:06	6.77	0.01	284	192268	买盘
14:17:03	6.76	-0.01	90	60840	卖盘
14:16:57	6.77	--	68	46036	买盘
14:16:54	6.77	--	224	151648	买盘
14:16:48	6.77	--	4	2708	买盘
14:16:45	6.77	0.01	39	26403	买盘
14:16:36	6.76	-0.01	102	68952	卖盘
14:16:18	6.77	--	88	59575	买盘
14:16:09	6.77	0.01	20	13540	买盘
14:16:00	6.76	--	5	3380	卖盘
14:15:57	6.76	--	90	60840	卖盘
14:15:51	6.76	--	20	13520	卖盘
14:15:48	6.76	--	12	8179	卖盘
14:15:42	6.76	-0.01	32	21632	卖盘
14:15:39	6.77	0.01	72	48744	买盘
14:15:33	6.76	--	189	127764	卖盘
14:15:27	6.76	--	13	8788	卖盘
14:15:18	6.76	--	4	2704	卖盘
14:15:15	6.76	--	2	1352	卖盘
14:15:12	6.76	--	173	117218	买盘
14:15:09	6.76	--	30	20280	买盘
14:14:57	6.76	--	30	20280	买盘
14:14:54	6.76	--	30	20280	买盘
14:14:51	6.76	--	20	13520	买盘
14:14:48	6.76	--	6	4056	买盘
14:14:45	6.76	--	50	33800	买盘
14:14:42	6.76	--	30	20280	买盘
14:14:39	6.76	--	20	13520	买盘
14:14:33	6.76	--	6	4056	买盘
14:14:30	6.76	--	50	33800	买盘
14:14:27	6.76	--	10	6760	买盘
14:14:21	6.76	--	10	6760	买盘
14:14:18	6.76	--	17	11492	买盘
14:14:00	6.76	--	177	119652	买盘
14:13:57	6.76	--	80	54080	买盘
14:13:54	6.76	--	18	12168	买盘
14:13:51	6.76	0.01	1	676	买盘
14:13:48	6.75	-0.01	73	49275	卖盘
14:13:45	6.76	--	137	92612	买盘
14:13:39	6.76	--	82	55432	买盘
14:13:30	6.76	--	100	67600	买盘
14:13:24	6.76	--	5	3380	买盘
14:13:15	6.76	--	150	101400	买盘
14:13:00	6.76	0.01	20	13520	买盘
14:12:57	6.75	--	15	10125	卖盘
14:12:51	6.75	--	384	259206	买盘
14:12:48	6.75	--	10	6750	买盘
14:12:42	6.75	--	100	67500	买盘
14:12:39	6.75	--	100	67500	买盘
14:12:33	6.75	0.01	105	70875	买盘
14:12:27	6.74	-0.01	9	6200	卖盘
14:12:24	6.75	--	180	121500	买盘
14:12:21	6.75	--	93	62775	买盘
14:12:18	6.75	--	558	376650	买盘
14:12:12	6.75	--	33	22275	买盘
14:12:03	6.75	--	31	20925	买盘
14:11:57	6.75	--	659	444825	买盘
14:11:39	6.75	--	28	18900	买盘
14:11:36	6.75	--	26	17550	买盘
14:11:33	6.75	0.01	10	6750	买盘
14:11:27	6.74	--	50	33700	卖盘
14:11:24	6.74	--	12	8088	卖盘
14:11:18	6.74	--	10	6740	卖盘
14:11:09	6.74	--	1	674	卖盘
14:11:06	6.74	-0.01	100	67400	卖盘
14:11:00	6.75	0.01	110	74250	买盘
14:10:57	6.74	--	63	42462	卖盘
14:10:39	6.74	-0.01	1	674	卖盘
14:10:36	6.75	--	170	114750	买盘
14:10:24	6.75	--	3	2025	买盘
14:10:09	6.75	--	28	18900	买盘
14:10:03	6.75	0.01	444	299700	买盘
14:09:51	6.74	--	14	9436	卖盘
14:09:24	6.74	--	0	404	卖盘
14:09:15	6.74	-0.01	6	4044	卖盘
14:09:06	6.75	0.01	555	374625	买盘
14:08:42	6.74	--	60	40440	卖盘
14:08:21	6.74	--	10	6740	卖盘
14:07:51	6.74	-0.01	10	6740	卖盘
14:07:39	6.75	0.01	8	5400	买盘
14:07:36	6.74	-0.01	1	674	卖盘
14:07:33	6.75	0.01	150	101790	买盘
14:07:30	6.74	--	4	2696	卖盘
14:07:24	6.74	--	48	32352	卖盘
14:07:06	6.74	--	11	7414	卖盘
14:06:54	6.74	--	20	13480	卖盘
14:06:39	6.74	--	50	33700	卖盘
14:06:36	6.74	-0.01	1	674	卖盘
14:06:18	6.75	0.01	10	6750	买盘
14:06:06	6.74	-0.01	15	10110	卖盘
14:06:03	6.75	--	44	29700	买盘
14:05:24	6.75	--	12	8100	买盘
14:05:12	6.75	0.01	47	31725	买盘
14:05:03	6.74	-0.01	40	26960	卖盘
14:04:27	6.75	--	15	10125	买盘
14:04:12	6.75	0.01	20	13500	买盘
14:04:09	6.74	--	30	20220	卖盘
14:04:00	6.74	--	50	33700	卖盘
14:03:54	6.74	-0.01	4	2696	卖盘
14:03:12	6.75	0.01	11	7425	买盘
14:02:54	6.74	-0.01	20	13480	卖盘
14:02:45	6.75	0.01	2	1350	买盘
14:02:42	6.74	--	40	26960	卖盘
14:02:27	6.74	--	5	3504	卖盘
14:02:21	6.74	--	110	74140	卖盘
14:02:18	6.74	-0.01	400	269600	卖盘
14:02:00	6.75	0.01	2	1350	买盘
14:01:45	6.74	-0.01	34	22916	卖盘
14:01:42	6.75	0.01	10	6750	买盘
14:01:36	6.74	-0.01	19	12940	卖盘
14:01:30	6.75	0.01	290	195750	买盘
14:01:09	6.74	-0.01	90	60794	卖盘
14:00:51	6.75	0.01	4	2700	买盘
14:00:42	6.74	--	407	274318	卖盘
14:00:36	6.74	--	482	324868	卖盘
14:00:27	6.74	--	49	33026	卖盘
14:00:24	6.74	--	122	82228	卖盘
14:00:18	6.74	-0.01	122	82228	卖盘
14:00:15	6.75	--	10	6750	买盘
14:00:09	6.75	--	25	16875	买盘
13:59:54	6.75	--	30	20250	买盘
13:59:48	6.75	--	20	13500	买盘
13:59:45	6.75	--	200	135000	买盘
13:59:42	6.75	--	100	67500	买盘
13:59:39	6.75	--	10	6750	买盘
13:59:27	6.75	0.01	174	117450	买盘
13:59:24	6.74	-0.01	17	11458	卖盘
13:59:18	6.75	0.01	4	2700	买盘
13:59:00	6.74	-0.01	5	3370	卖盘
13:58:57	6.75	0.01	1	675	买盘
13:58:48	6.74	-0.01	2	1348	卖盘
13:58:42	6.75	--	20	13500	买盘
13:58:36	6.75	0.01	88	59400	买盘
13:58:30	6.74	--	153	103122	卖盘
13:58:18	6.74	-0.01	63	42462	卖盘
13:58:09	6.75	0.01	15	10125	买盘
13:58:06	6.74	-0.01	274	184676	卖盘
13:58:03	6.75	0.01	40	27000	买盘
13:58:00	6.74	-0.01	2	1348	卖盘
13:57:57	6.75	0.01	9	6075	买盘
13:57:48	6.74	-0.01	20	13480	卖盘
13:57:39	6.75	--	17	11475	买盘
13:57:36	6.75	0.01	7	4725	买盘
13:57:15	6.74	-0.01	37	24938	卖盘
13:56:45	6.75	--	16	10800	买盘
13:56:39	6.75	--	2	1350	买盘
13:56:36	6.75	0.01	400	270000	买盘
13:56:27	6.74	-0.01	2	1348	卖盘
13:56:24	6.75	--	200	135000	买盘
13:56:06	6.75	0.01	20	13500	买盘
13:56:00	6.74	-0.01	3	2022	卖盘
13:55:57	6.75	--	20	13500	买盘
13:55:39	6.75	0.01	10	6750	买盘
13:55:30	6.74	-0.01	2	1348	卖盘
13:55:18	6.75	0.01	10	6750	买盘
13:55:12	6.74	--	41	27634	卖盘
13:55:06	6.74	--	2	1348	卖盘
13:55:00	6.74	--	2	1348	卖盘
13:54:54	6.74	-0.01	17	11458	卖盘
13:54:36	6.75	0.01	10	6750	买盘
13:54:33	6.74	--	2	1348	卖盘
13:54:30	6.74	--	10	6740	卖盘
13:54:21	6.74	--	33	22242	卖盘
13:54:18	6.74	--	138	93012	卖盘
13:54:15	6.74	--	3	2022	卖盘
13:54:12	6.74	-0.01	25	16850	卖盘
13:53:48	6.75	--	1	675	买盘
13:53:39	6.75	--	20	13500	买盘
13:53:36	6.75	--	108	72900	买盘
13:53:21	6.75	0.01	100	67500	买盘
13:53:15	6.74	-0.01	2	1348	卖盘
13:53:12	6.75	--	6	4050	买盘
13:53:09	6.75	--	10	6750	买盘
13:53:06	6.75	0.01	34	22950	买盘
13:53:03	6.74	-0.01	22	14828	卖盘
13:52:54	6.75	--	20	13500	买盘
13:52:51	6.75	--	10	6750	买盘
13:52:42	6.75	--	323	218153	卖盘
13:52:36	6.75	--	2	1350	卖盘
13:52:33	6.75	--	752	508146	买盘
13:52:30	6.75	--	59	39825	买盘
13:52:24	6.75	0.01	1000	675000	买盘
13:52:21	6.74	-0.01	48	32352	卖盘
13:52:06	6.75	--	20	13500	买盘
13:52:03	6.75	--	90	60750	买盘
13:51:57	6.75	--	18	12150	买盘
13:51:54	6.75	--	20	13500	买盘
13:51:42	6.75	--	200	135000	买盘
13:51:36	6.75	0.01	150	101250	买盘
13:51:15	6.74	--	10	6740	卖盘
13:51:12	6.74	--	85	57290	卖盘
13:51:09	6.74	--	107	72657	卖盘
13:50:57	6.74	-0.01	10	7144	卖盘
13:50:45	6.75	--	15	10125	买盘
13:50:42	6.75	--	20	13500	买盘
13:50:36	6.75	--	20	13500	买盘
13:50:33	6.75	--	54	36450	买盘
13:50:12	6.75	--	16	10800	买盘
13:50:09	6.75	--	22	14850	买盘
13:50:00	6.75	--	3	2025	买盘
13:49:33	6.75	--	20	13500	买盘
13:49:24	6.75	--	8	5400	买盘
13:48:51	6.75	0.01	4	2700	买盘
13:48:42	6.74	-0.01	154	103796	卖盘
13:48:27	6.75	0.01	10	6750	买盘
13:48:24	6.74	--	8	5392	卖盘
13:48:15	6.74	--	7	4718	卖盘
13:47:57	6.74	-0.01	20	13480	卖盘
13:47:45	6.75	0.01	10	6750	买盘
13:47:33	6.74	--	2	1348	卖盘
13:47:24	6.74	--	5	3370	卖盘
13:47:18	6.74	--	1	674	卖盘
13:47:00	6.74	--	5	3370	卖盘
13:46:51	6.74	--	2	1348	卖盘
13:46:30	6.74	-0.01	27	18467	卖盘
13:46:21	6.75	0.01	1300	877500	买盘
13:46:18	6.74	-0.01	55	37070	卖盘
13:46:06	6.75	--	120	81000	买盘
13:46:03	6.75	0.01	50	33750	买盘
13:45:48	6.74	--	2	1348	卖盘
13:45:36	6.74	-0.01	40	26960	卖盘
13:45:24	6.75	0.01	4	2700	买盘
13:45:21	6.74	--	170	114580	卖盘
13:45:15	6.74	-0.01	1	674	卖盘
13:45:06	6.75	0.01	10	6750	买盘
13:45:03	6.74	--	60	40440	卖盘
13:44:48	6.74	--	55	37070	卖盘
13:44:30	6.74	--	102	68748	卖盘
13:44:06	6.74	--	1	674	卖盘
13:43:54	6.74	--	34	22916	卖盘
13:43:39	6.74	-0.01	3	2022	卖盘
13:43:33	6.75	0.01	4	2700	买盘
13:43:21	6.74	--	60	40440	卖盘
13:43:15	6.74	--	6	4044	卖盘
13:42:57	6.74	--	2	1348	卖盘
13:42:48	6.74	-0.01	3	2022	卖盘
13:42:45	6.75	--	744	502733	卖盘
13:42:42	6.75	--	100	67500	卖盘
13:42:33	6.75	--	100	67500	卖盘
13:42:30	6.75	--	2	1350	卖盘
13:42:27	6.75	0.01	981	662316	买盘
13:42:09	6.74	--	10	6740	卖盘
13:42:00	6.74	--	2	1348	卖盘
13:41:42	6.74	-0.01	100	67400	卖盘
13:41:30	6.75	--	50	33750	买盘
13:41:27	6.75	--	40	27000	买盘
13:41:24	6.75	0.01	50	33750	买盘
13:41:15	6.74	-0.01	25	16850	卖盘
13:41:00	6.75	--	1830	1235250	买盘
13:40:36	6.75	--	424	286335	买盘
13:40:24	6.75	--	123	83025	买盘
13:40:09	6.75	0.01	23	15525	买盘
13:40:06	6.74	--	10	6740	卖盘
13:39:45	6.74	--	50	33700	卖盘
13:39:15	6.74	--	10	6740	卖盘
13:39:06	6.74	--	40	26960	卖盘
13:39:00	6.74	--	10	6740	卖盘
13:38:57	6.74	-0.01	90	60660	卖盘
13:38:51	6.75	0.01	40	27000	买盘
13:38:39	6.74	-0.01	10	6740	卖盘
13:38:33	6.75	--	14	9450	买盘
13:38:27	6.75	0.01	20	13500	买盘
13:38:24	6.74	--	50	33700	卖盘
13:38:18	6.74	--	91	61334	卖盘
13:38:06	6.74	-0.01	10	6740	卖盘
13:37:48	6.75	--	21	14175	买盘
13:37:33	6.75	0.01	9	6075	买盘
13:37:15	6.74	-0.01	12	8088	卖盘
13:37:12	6.75	0.01	2	1350	买盘
13:37:03	6.74	--	2	1482	卖盘
13:37:00	6.74	-0.01	2	1348	卖盘
13:36:48	6.75	0.01	201	135675	买盘
13:36:36	6.74	-0.01	50	33700	中性盘
13:36:15	6.75	--	201	135675	买盘
13:36:12	6.75	--	230	155783	卖盘
13:36:00	6.75	0.01	2397	1618116	买盘
13:35:57	6.74	--	8	5392	买盘
13:35:45	6.74	--	5	3370	买盘
13:35:42	6.74	--	100	67400	买盘
13:35:36	6.74	0.01	1	674	买盘
13:35:30	6.73	-0.01	5	3365	卖盘
13:35:21	6.74	0.01	21	14154	买盘
13:35:18	6.73	-0.01	127	85471	卖盘
13:35:09	6.74	0.01	300	202200	买盘
13:35:06	6.73	-0.01	119	80087	卖盘
13:35:03	6.74	--	16	10784	买盘
13:34:36	6.74	--	115	77510	买盘
13:34:18	6.74	0.01	51	34374	买盘
13:33:42	6.73	-0.01	13	8749	卖盘
13:33:18	6.74	0.01	1	674	买盘
13:33:09	6.73	-0.01	40	26920	卖盘
13:33:06	6.74	0.01	200	134800	买盘
13:33:00	6.73	--	0	20	卖盘
13:32:57	6.73	--	2	1346	卖盘
13:32:30	6.73	--	54	36342	卖盘
13:32:27	6.73	-0.01	200	134600	卖盘
13:32:24	6.74	0.01	100	67400	买盘
13:32:21	6.73	-0.01	45	30285	卖盘
13:32:09	6.74	--	130	87620	买盘
13:31:57	6.74	--	10	6740	买盘
13:31:39	6.74	--	541	364762	卖盘
13:31:30	6.74	--	6	4044	卖盘
13:31:24	6.74	--	88	59312	卖盘
13:31:21	6.74	--	20	13480	卖盘
13:31:18	6.74	--	600	404400	卖盘
13:31:06	6.74	-0.01	1	674	卖盘
13:31:00	6.75	--	10	6750	买盘
13:30:51	6.75	--	50	33750	买盘
13:30:45	6.75	0.01	21	14175	买盘
13:30:39	6.74	-0.01	1	674	卖盘
13:30:30	6.75	--	10	6750	买盘
13:30:24	6.75	--	10	6750	买盘
13:30:21	6.75	--	120	81000	买盘
13:30:18	6.75	--	14	9450	买盘
13:30:09	6.75	--	20	13500	买盘
13:30:06	6.75	--	1	675	买盘
13:30:03	6.75	--	5	3375	买盘
13:29:24	6.75	0.01	296	199800	买盘
13:29:03	6.74	-0.01	4	2696	卖盘
13:29:00	6.75	0.01	42	28350	买盘
13:28:57	6.74	--	0	134	卖盘
13:28:48	6.74	--	10	6740	卖盘
13:28:45	6.74	--	10	6740	卖盘
13:28:30	6.74	--	7	4718	卖盘
13:28:21	6.74	--	100	67400	卖盘
13:28:12	6.74	--	50	33700	卖盘
13:27:57	6.74	-0.01	152	102448	卖盘
13:27:45	6.75	0.01	10	6750	买盘
13:27:33	6.74	--	13	9301	卖盘
13:27:00	6.74	-0.01	29	19546	卖盘
13:26:45	6.75	--	20	13500	买盘
13:26:42	6.75	0.01	4	2700	买盘
13:26:27	6.74	-0.01	5	3370	卖盘
13:26:18	6.75	--	2	1350	买盘
13:25:54	6.75	--	7	4725	买盘
13:25:36	6.75	0.01	8	5400	买盘
13:25:33	6.74	--	80	53920	卖盘
13:25:21	6.74	--	48	32897	买盘
13:25:18	6.74	--	8	5392	买盘
13:25:09	6.74	-0.01	908	612531	卖盘
13:25:00	6.75	0.01	31	20925	买盘
13:24:54	6.74	-0.01	5	3370	卖盘
13:24:36	6.75	--	6	4050	买盘
13:24:18	6.75	--	6	4050	买盘
13:24:15	6.75	0.01	142	95850	买盘
13:23:48	6.74	-0.01	50	33700	卖盘
13:23:36	6.75	0.01	2	1350	买盘
13:23:27	6.74	--	10	6740	卖盘
13:23:24	6.74	-0.01	300	202200	卖盘
13:23:21	6.75	--	200	135000	买盘
13:23:12	6.75	--	50	33750	买盘
13:22:39	6.75	--	40	27000	买盘
13:22:36	6.75	--	14	9450	买盘
13:22:15	6.75	--	27	18225	买盘
13:22:03	6.75	0.01	200	135000	买盘
13:21:57	6.74	-0.01	26	17793	卖盘
13:21:45	6.75	0.01	87	58725	买盘
13:21:33	6.74	-0.01	74	49876	卖盘
13:21:24	6.75	0.01	249	168075	买盘
13:21:15	6.74	--	102	69287	卖盘
13:20:18	6.74	-0.01	5	3370	卖盘
13:20:15	6.75	--	5	3375	买盘
13:20:09	6.75	--	21	14175	买盘
13:19:45	6.75	--	3	2025	买盘
13:19:30	6.75	--	92	62505	卖盘
13:19:15	6.75	--	100	67500	卖盘
13:19:00	6.75	--	100	67500	卖盘
13:18:45	6.75	--	12	8100	卖盘
13:18:33	6.75	--	3	2025	卖盘
13:18:15	6.75	0.01	11	7695	买盘
13:18:09	6.74	0.01	10	6740	中性盘
13:18:00	6.73	-0.02	205	137965	卖盘
13:17:57	6.75	--	43	29025	买盘
13:17:51	6.75	0.01	50	33750	买盘
13:17:48	6.74	--	35	23590	买盘
13:17:42	6.74	--	18	12132	买盘
13:17:24	6.74	--	8	5392	买盘
13:17:21	6.74	--	50	33700	买盘
13:17:18	6.74	-0.01	244	164456	卖盘
13:17:06	6.75	0.01	30	20250	买盘
13:17:03	6.74	-0.01	95	64030	卖盘
13:17:00	6.75	0.01	10	6750	买盘
13:16:54	6.74	--	1	674	卖盘
13:16:48	6.74	--	15	10110	卖盘
13:16:27	6.74	-0.01	5	3370	卖盘
13:16:09	6.75	-0.01	2	1350	中性盘
13:15:30	6.76	0.02	9	6084	买盘
13:15:21	6.74	--	50	33700	买盘
13:15:18	6.74	0.01	21	14154	卖盘
13:15:03	6.73	-0.03	600	403800	卖盘
13:14:57	6.76	0.02	2	1352	买盘
13:14:48	6.74	--	115	77510	卖盘
13:14:36	6.74	--	2	1348	卖盘
13:14:33	6.74	--	21	14154	卖盘
13:14:18	6.74	-0.02	26	17524	卖盘
13:14:09	6.76	0.01	8	5408	买盘
13:14:06	6.75	-0.01	5	3375	卖盘
13:13:51	6.76	0.02	31	20956	买盘
13:13:45	6.74	-0.01	240	161760	卖盘
13:13:36	6.75	--	4	2700	卖盘
13:13:21	6.75	--	5	3375	卖盘
13:13:06	6.75	0.01	10	6750	中性盘
13:12:57	6.74	--	500	337000	卖盘
13:12:54	6.74	--	299	201526	卖盘
13:12:27	6.74	--	450	303300	卖盘
13:12:24	6.74	-0.02	500	337000	卖盘
13:11:45	6.76	0.01	10	6760	买盘
13:11:42	6.75	--	36	24300	卖盘
13:11:33	6.75	-0.01	150	101250	卖盘
13:11:30	6.76	--	8	5408	买盘
13:11:27	6.76	--	120	81120	买盘
13:11:15	6.76	0.01	41	27716	买盘
13:11:06	6.75	--	20	13500	卖盘
13:10:57	6.75	--	278	187650	卖盘
13:10:15	6.75	-0.02	5	3375	卖盘
13:10:09	6.77	0.02	21	14217	买盘
13:10:03	6.75	-0.02	210	141750	卖盘
13:09:18	6.77	--	1	677	买盘
13:08:27	6.77	0.01	52	35204	买盘
13:08:24	6.76	--	10	6760	买盘
13:08:18	6.76	--	85	57460	卖盘
13:08:06	6.76	-0.01	33	22308	卖盘
13:07:39	6.77	--	100	67700	买盘
13:07:33	6.77	--	20	13540	买盘
13:07:27	6.77	--	100	67700	买盘
13:07:03	6.77	0.02	84	56868	买盘
13:07:00	6.75	-0.01	20	13500	卖盘
13:06:45	6.76	--	10	6760	买盘
13:06:36	6.76	--	60	40560	买盘
13:06:30	6.76	0.01	162	109512	买盘
13:06:21	6.75	-0.01	338	228150	卖盘
13:06:18	6.76	0.01	10	6760	买盘
13:06:12	6.75	-0.01	85	57375	卖盘
13:06:06	6.76	0.01	1	676	买盘
13:06:00	6.75	-0.01	2	1350	卖盘
13:05:45	6.76	--	19	12844	买盘
13:05:39	6.76	--	10	6760	买盘
13:05:30	6.76	-0.01	289	195364	卖盘
13:05:12	6.77	--	192	129983	买盘
13:04:51	6.77	--	30	20310	买盘
13:04:42	6.77	--	50	33850	买盘
13:04:21	6.77	--	5	3385	买盘
13:04:06	6.77	--	8	5531	卖盘
13:03:45	6.77	--	81	55398	买盘
13:03:39	6.77	--	10	6770	买盘
13:03:36	6.77	--	522	353394	买盘
13:03:12	6.77	--	302	204569	卖盘
13:03:00	6.77	--	4	2708	卖盘
13:02:54	6.77	--	157	106850	买盘
13:02:36	6.77	--	5	3385	买盘
13:02:21	6.77	--	91	61606	买盘
13:02:18	6.77	--	20	13540	买盘
13:02:15	6.77	--	20	13540	买盘
13:02:12	6.77	0.01	100	67700	买盘
13:01:39	6.76	--	43	29068	买盘
13:01:33	6.76	0.01	27	18252	中性盘
13:00:15	6.75	--	2	1350	卖盘
13:00:12	6.75	--	86	58050	卖盘
13:00:09	6.75	--	102	69390	卖盘
13:00:06	6.75	--	1121	756945	买盘
13:00:03	6.75	--	0	0	买盘
11:30:03	6.75	--	0	0	买盘
11:30:00	6.75	-0.01	12	8235	卖盘
11:29:51	6.76	--	5	3380	买盘
11:29:48	6.76	0.01	200	135200	买盘
11:29:45	6.75	--	15	10395	卖盘
11:29:39	6.75	-0.01	15	10125	卖盘
11:29:27	6.76	0.01	10	6760	买盘
11:29:21	6.75	--	3	2025	卖盘
11:28:48	6.75	--	0	270	买盘
11:28:42	6.75	0.01	21	14175	买盘
11:28:36	6.74	--	4	2696	卖盘
11:28:33	6.74	-0.01	47	31678	卖盘
11:28:24	6.75	--	5	3375	买盘
11:28:12	6.75	--	10	6750	买盘
11:28:03	6.75	--	47	31725	买盘
11:28:00	6.75	--	300	202500	买盘
11:27:45	6.75	0.01	148	99900	买盘
11:27:24	6.74	--	8	5392	卖盘
11:27:12	6.74	--	8	5392	卖盘
11:26:57	6.74	--	5	3370	卖盘
11:26:51	6.74	--	18	12132	卖盘
11:26:45	6.74	--	3	2022	卖盘
11:26:33	6.74	--	17	11458	卖盘
11:26:12	6.74	--	3	2022	卖盘
11:26:03	6.74	--	20	13884	卖盘
11:26:00	6.74	-0.01	50	33700	卖盘
11:25:51	6.75	--	217	146475	买盘
11:25:33	6.75	--	30	20250	买盘
11:25:27	6.75	--	20	13500	买盘
11:25:15	6.75	--	37	24975	买盘
11:24:54	6.75	--	25	16875	买盘
11:24:45	6.75	--	7	4725	买盘
11:24:00	6.75	0.01	25	16875	买盘
11:23:33	6.74	--	48	32352	买盘
11:23:24	6.74	--	232	156368	买盘
11:23:21	6.74	0.01	5	3370	买盘
11:23:15	6.73	-0.01	60	40380	卖盘
11:23:12	6.74	0.01	2	1348	买盘
11:23:09	6.73	-0.01	10	6730	卖盘
11:23:03	6.74	--	155	104470	买盘
11:22:54	6.74	0.01	30	20220	买盘
11:22:48	6.73	--	5	3365	卖盘
11:22:42	6.73	-0.01	10	6730	卖盘
11:22:39	6.74	0.01	30	20220	买盘
11:22:36	6.73	-0.01	18	12114	卖盘
11:22:30	6.74	--	25	16850	买盘
11:22:21	6.74	0.01	10	6740	买盘
11:22:18	6.73	--	79	53167	卖盘
11:22:15	6.73	-0.01	15	10095	卖盘
11:22:09	6.74	--	51	34374	中性盘
11:22:06	6.74	0.01	50	33700	中性盘
11:22:00	6.73	-0.01	70	47110	卖盘
11:21:48	6.74	-0.01	8	5392	中性盘
11:21:24	6.75	0.02	75	50625	买盘
11:21:21	6.73	-0.02	10	6730	卖盘
11:21:03	6.75	0.02	5	3375	买盘
11:21:00	6.73	-0.02	1010	680133	卖盘
11:20:54	6.75	0.01	2	1350	买盘
11:20:48	6.74	--	25	16850	买盘
11:20:42	6.74	--	20	13480	买盘
11:20:36	6.74	--	115	77510	卖盘
11:20:30	6.74	--	10	6740	卖盘
11:20:27	6.74	--	10	6740	卖盘
11:20:21	6.74	--	146	98404	卖盘
11:20:09	6.74	-0.01	31	20894	卖盘
11:19:57	6.75	0.01	2	1350	买盘
11:19:54	6.74	--	20	13480	卖盘
11:19:39	6.74	--	9	6066	买盘
11:19:36	6.74	0.01	11	7414	卖盘
11:19:27	6.73	--	120	80760	卖盘
11:19:24	6.73	-0.01	10	6730	卖盘
11:19:15	6.74	-0.01	89	59986	卖盘
11:19:06	6.75	0.01	15	10125	买盘
11:19:03	6.74	0.01	30	20220	买盘
11:19:00	6.73	-0.01	18	12114	卖盘
11:18:45	6.74	--	198	133452	买盘
11:18:39	6.74	--	12	8088	买盘
11:18:33	6.74	--	2	1348	买盘
11:18:30	6.74	--	10	6740	卖盘
11:18:27	6.74	-0.01	28	18872	卖盘
11:18:21	6.75	--	1	675	买盘
11:18:06	6.75	0.01	3	2025	买盘
11:18:03	6.74	-0.01	957	645018	卖盘
11:18:00	6.75	--	1	675	买盘
11:17:54	6.75	-0.01	136	92340	卖盘
11:17:51	6.76	--	20	13520	买盘
11:17:33	6.76	--	935	632060	买盘
11:17:12	6.76	--	1	676	买盘
11:17:03	6.76	--	5	3380	买盘
11:16:45	6.76	--	30	20280	买盘
11:16:42	6.76	--	9	6084	买盘
11:16:09	6.76	-0.01	34	22984	卖盘
11:14:57	6.77	--	59	39943	买盘
11:14:48	6.77	--	14	9478	买盘
11:14:33	6.77	--	20	13540	买盘
11:14:30	6.77	--	104	70523	卖盘
11:14:21	6.77	--	3	2030	卖盘
11:14:18	6.77	--	20	13540	卖盘
11:14:15	6.77	0.01	192	130545	买盘
11:14:09	6.76	-0.01	55	37180	卖盘
11:14:03	6.77	--	1	677	买盘
11:13:48	6.77	--	10	6770	买盘
11:13:21	6.77	--	7	4739	买盘
11:13:09	6.77	0.02	20	13540	买盘
11:12:57	6.75	-0.02	100	67500	卖盘
11:12:54	6.77	0.02	790	534830	买盘
11:12:42	6.75	-0.01	20	13500	卖盘
11:12:33	6.76	0.01	16	10816	买盘
11:12:24	6.75	--	87	58860	买盘
11:12:21	6.75	--	7	4725	买盘
11:12:09	6.75	--	41	27675	买盘
11:12:06	6.75	--	66	44550	买盘
11:11:57	6.75	--	100	67500	买盘
11:11:51	6.75	--	64	43200	买盘
11:11:48	6.75	0.01	253	170775	买盘
11:11:45	6.74	-0.01	85	57290	卖盘
11:11:39	6.75	0.01	19	12825	买盘
11:11:33	6.74	-0.01	40	26960	卖盘
11:11:30	6.75	0.01	550	371250	买盘
11:11:27	6.74	-0.01	37	24938	卖盘
11:11:21	6.75	0.01	10	6750	买盘
11:11:06	6.74	-0.01	2	1348	卖盘
11:10:57	6.75	--	45	30375	买盘
11:10:54	6.75	--	30	20250	买盘
11:10:30	6.75	--	10	6750	买盘
11:10:24	6.75	--	6	4050	买盘
11:10:21	6.75	--	12	8100	买盘
11:10:18	6.75	--	207	139725	买盘
11:10:15	6.75	-0.01	1927	1301130	卖盘
11:10:09	6.76	0.01	21	14196	买盘
11:09:54	6.75	-0.01	0	540	卖盘
11:09:51	6.76	0.01	5	3380	买盘
11:09:48	6.75	-0.01	1	675	卖盘
11:09:45	6.76	--	20	13520	买盘
11:09:42	6.76	--	20	13520	买盘
11:09:33	6.76	--	10	6760	买盘
11:09:24	6.76	--	3	2028	买盘
11:09:21	6.76	--	68	45968	买盘
11:09:15	6.76	--	151	102076	卖盘
11:09:00	6.76	--	11	7436	卖盘
11:08:54	6.76	-0.01	20	13520	卖盘
11:08:39	6.77	--	23	15570	买盘
11:08:27	6.77	0.01	41	27757	买盘
11:08:24	6.76	--	40	27040	卖盘
11:08:21	6.76	--	10	6760	卖盘
11:08:15	6.76	--	85	57460	卖盘
11:08:06	6.76	--	1	676	卖盘
11:07:45	6.76	--	9	6084	卖盘
11:07:39	6.76	-0.01	63	42588	卖盘
11:07:27	6.77	0.01	3	2030	买盘
11:07:12	6.76	--	1	676	卖盘
11:06:54	6.76	-0.01	29	19604	卖盘
11:06:45	6.77	0.01	60	40620	买盘
11:06:36	6.76	-0.01	10	6760	卖盘
11:06:27	6.77	0.01	50	33850	买盘
11:06:24	6.76	--	164	110864	卖盘
11:06:21	6.76	--	2	1352	卖盘
11:06:18	6.76	-0.01	30	20280	卖盘
11:06:15	6.77	--	8	5416	买盘
11:05:54	6.77	0.01	2	1354	买盘
11:05:48	6.76	--	14	9464	卖盘
11:05:39	6.76	--	100	67600	卖盘
11:05:36	6.76	--	10	6760	卖盘
11:05:24	6.76	--	30	20280	卖盘
11:04:57	6.76	--	30	20280	卖盘
11:04:54	6.76	-0.01	10	6760	卖盘
11:04:48	6.77	0.01	12	8123	买盘
11:04:27	6.76	-0.01	21	14196	卖盘
11:04:18	6.77	--	13	8801	买盘
11:04:15	6.77	--	6	4061	买盘
11:04:06	6.77	0.01	30	20310	买盘
11:04:03	6.76	-0.01	3	2028	卖盘
11:03:57	6.77	--	176	119151	买盘
11:03:42	6.77	0.01	10	6770	买盘
11:03:36	6.76	--	5	3380	卖盘
11:03:30	6.76	--	57	38532	卖盘
11:03:24	6.76	-0.01	93	62868	卖盘
11:03:15	6.77	0.01	77	52129	买盘
11:02:51	6.76	-0.01	55	37180	卖盘
11:02:36	6.77	--	24	16247	买盘
11:02:24	6.77	--	100	67700	买盘
11:02:21	6.77	0.01	20	13540	买盘
11:02:12	6.76	-0.01	2	1352	卖盘
11:02:09	6.77	--	24	16247	买盘
11:02:06	6.77	--	6	4061	买盘
11:02:00	6.77	--	205	138785	买盘
11:01:42	6.77	0.01	210	142170	买盘
11:01:39	6.76	-0.01	15	10140	卖盘
11:01:36	6.77	0.01	23	15570	买盘
11:01:24	6.76	-0.01	217	146692	卖盘
11:01:09	6.77	0.01	46	31141	买盘
11:00:51	6.76	--	82	55432	卖盘
11:00:24	6.76	-0.01	165	111540	卖盘
11:00:15	6.77	--	22	14893	买盘
11:00:12	6.77	--	2	1354	买盘
11:00:09	6.77	0.01	24	16247	买盘
10:59:54	6.76	-0.01	17	11897	卖盘
10:59:42	6.77	--	10	6770	买盘
10:59:39	6.77	--	78	52806	买盘
10:59:27	6.77	0.01	1	677	买盘
10:59:21	6.76	--	53	35828	卖盘
10:59:18	6.76	-0.01	186	125736	卖盘
10:59:06	6.77	--	26	17602	买盘
10:59:00	6.77	--	15	10155	买盘
10:58:54	6.77	--	930	629610	买盘
10:58:51	6.77	--	8	5416	买盘
10:58:48	6.77	--	14	9478	买盘
10:58:39	6.77	0.02	5	3385	买盘
10:58:24	6.75	-0.02	18	12150	卖盘
10:58:21	6.77	--	30	20310	买盘
10:58:15	6.77	0.01	61	41297	买盘
10:58:06	6.76	-0.01	13	8788	卖盘
10:58:03	6.77	--	6	4061	买盘
10:58:00	6.77	0.01	15	10155	买盘
10:57:57	6.76	-0.01	55	37180	卖盘
10:57:39	6.77	0.01	84	56868	买盘
10:57:27	6.76	-0.01	80	54080	卖盘
10:57:21	6.77	--	3	2030	买盘
10:57:15	6.77	--	10	6770	买盘
10:57:06	6.77	--	498	337687	买盘
10:57:00	6.77	--	62	41974	买盘
10:56:57	6.77	--	5	3385	买盘
10:56:54	6.77	--	10	6770	买盘
10:56:39	6.77	0.01	10	6770	买盘
10:56:36	6.76	--	6	4326	卖盘
10:56:30	6.76	--	50	33800	卖盘
10:56:24	6.76	-0.01	30	20280	卖盘
10:56:18	6.77	0.01	59	39943	买盘
10:56:03	6.76	--	49	33124	卖盘
10:56:00	6.76	--	112	75712	卖盘
10:55:57	6.76	--	4	2839	卖盘
10:55:54	6.76	--	90	60840	卖盘
10:55:51	6.76	--	36	24336	卖盘
10:55:36	6.76	--	2	1487	卖盘
10:55:33	6.76	--	17	11492	卖盘
10:55:21	6.76	--	7	4867	买盘
10:55:15	6.76	--	30	20280	买盘
10:55:12	6.76	--	102	68952	买盘
10:55:09	6.76	--	3	2028	买盘
10:55:06	6.76	--	24	16224	买盘
10:55:03	6.76	--	10	6760	买盘
10:55:00	6.76	--	10	6760	买盘
10:54:57	6.76	--	2	1352	买盘
10:54:54	6.76	--	58	39208	买盘
10:54:48	6.76	--	64	43264	买盘
10:54:42	6.76	--	32	21632	买盘
10:54:39	6.76	--	70	47320	买盘
10:54:33	6.76	0.01	70	47320	买盘
10:54:24	6.75	-0.01	11	7425	卖盘
10:54:18	6.76	--	3	2028	买盘
10:54:03	6.76	--	1	676	买盘
10:54:00	6.76	--	7	4732	买盘
10:53:57	6.76	--	202	136552	买盘
10:53:42	6.76	--	5	3380	买盘
10:53:30	6.76	--	4	3244	卖盘
10:53:18	6.76	--	161	108971	买盘
10:53:15	6.76	--	130	87880	买盘
10:52:54	6.76	0.01	39	26364	买盘
10:52:45	6.75	--	20	13500	卖盘
10:52:39	6.75	--	396	267840	买盘
10:52:33	6.75	--	50	33750	买盘
10:52:30	6.75	--	5	3375	买盘
10:52:27	6.75	--	120	81000	买盘
10:52:24	6.75	--	70	47250	买盘
10:52:18	6.75	0.01	16	10800	买盘
10:52:15	6.74	--	40	26960	卖盘
10:52:12	6.74	-0.01	130	87620	卖盘
10:52:09	6.75	--	80	54000	买盘
10:52:03	6.75	--	3	2025	买盘
10:52:00	6.75	--	63	42525	买盘
10:51:57	6.75	--	6	4050	买盘
10:51:54	6.75	--	135	91125	买盘
10:51:51	6.75	0.01	81	54675	买盘
10:51:09	6.74	--	40	26960	卖盘
10:51:06	6.74	--	83	55942	卖盘
10:50:57	6.74	--	210	141540	卖盘
10:50:48	6.74	--	61	41518	卖盘
10:50:42	6.74	--	20	13480	卖盘
10:50:36	6.74	-0.01	1	674	卖盘
10:50:33	6.75	--	1	675	买盘
10:50:30	6.75	0.01	7	4725	买盘
10:50:24	6.74	-0.01	3	2022	卖盘
10:50:09	6.75	--	25	16875	买盘
10:50:00	6.75	--	32	21600	买盘
10:49:57	6.75	0.01	23	15525	买盘
10:49:54	6.74	-0.01	10	6740	卖盘
10:49:48	6.75	--	20	13500	买盘
10:49:45	6.75	--	13	8775	买盘
10:49:42	6.75	--	124	84105	卖盘
10:49:36	6.75	0.01	315	212895	买盘
10:49:33	6.74	--	15	10110	卖盘
10:49:27	6.74	-0.01	141	95034	卖盘
10:49:24	6.75	--	2	1350	买盘
10:49:18	6.75	--	27	18225	买盘
10:49:15	6.75	--	15	10125	买盘
10:49:12	6.75	0.01	1	675	买盘
10:49:03	6.74	--	4	2696	卖盘
10:49:00	6.74	-0.01	15	10110	卖盘
10:48:36	6.75	0.01	5	3375	买盘
10:48:33	6.74	--	30	20220	卖盘
10:48:30	6.74	--	10	6740	卖盘
10:48:24	6.74	-0.01	40	26960	卖盘
10:48:18	6.75	--	202	136350	买盘
10:48:15	6.75	--	10	6750	买盘
10:48:12	6.75	--	19	12825	买盘
10:48:06	6.75	0.01	1	675	买盘
10:48:00	6.74	-0.01	180	121320	卖盘
10:47:45	6.75	--	20	13500	买盘
10:47:42	6.75	--	251	169425	卖盘
10:47:33	6.75	0.01	50	33750	卖盘
10:47:24	6.74	--	7	4718	买盘
10:47:21	6.74	0.01	22	14828	卖盘
10:47:18	6.73	-0.03	5000	3365000	卖盘
10:47:15	6.76	0.01	1	676	买盘
10:47:12	6.75	0.01	8	5400	中性盘
10:47:06	6.74	-0.01	368	248166	卖盘
10:47:00	6.75	--	32	21600	买盘
10:46:57	6.75	--	225	151875	买盘
10:46:51	6.75	-0.01	899	607365	卖盘
10:46:45	6.76	--	100	67600	买盘
10:46:42	6.76	0.01	101	68276	买盘
10:46:36	6.75	-0.01	5	3375	卖盘
10:46:27	6.76	0.01	2	1352	买盘
10:46:24	6.75	-0.01	0	135	卖盘
10:46:21	6.76	0.01	31	20956	买盘
10:46:18	6.75	-0.01	198	133650	卖盘
10:46:15	6.76	--	35	23660	买盘
10:46:12	6.76	--	5	3380	买盘
10:46:09	6.76	0.01	2	1352	买盘
10:46:06	6.75	--	4	2700	卖盘
10:45:51	6.75	--	386	260550	卖盘
10:45:48	6.75	--	50	33750	卖盘
10:45:39	6.75	-0.01	30	20250	卖盘
10:45:33	6.76	--	20	13520	买盘
10:45:30	6.76	0.01	6	4056	买盘
10:45:27	6.75	-0.01	15	10125	卖盘
10:45:21	6.76	--	51	34476	买盘
10:45:18	6.76	--	7	4732	买盘
10:45:03	6.76	0.01	8	5408	买盘
10:44:54	6.75	-0.01	310	209250	卖盘
10:44:48	6.76	--	6	4056	买盘
10:44:45	6.76	0.01	8	5408	买盘
10:44:42	6.75	-0.01	51	34425	卖盘
10:44:39	6.76	--	15	10140	买盘
10:44:33	6.76	--	50	33800	买盘
10:44:24	6.76	--	137	93152	卖盘
10:44:21	6.76	--	130	88015	买盘
10:44:12	6.76	--	5	3380	买盘
10:44:06	6.76	0.01	10	6760	买盘
10:44:03	6.75	-0.01	7	4725	卖盘
10:43:57	6.76	--	59	39884	卖盘
10:43:48	6.76	--	437	295412	卖盘
10:43:42	6.76	--	13	8788	卖盘
10:43:39	6.76	-0.01	75	50700	卖盘
10:43:27	6.77	0.01	234	158418	买盘
10:43:24	6.76	-0.01	500	338000	卖盘
10:43:18	6.77	--	6	4061	买盘
10:43:12	6.77	--	50	33850	买盘
10:43:09	6.77	--	220	148940	买盘
10:43:03	6.77	--	253	171416	卖盘
10:42:57	6.77	--	101	68377	卖盘
10:42:48	6.77	-0.01	41	27757	卖盘
10:42:42	6.78	0.01	20	13560	买盘
10:42:39	6.77	-0.01	61	41297	卖盘
10:42:27	6.78	0.01	415	281370	买盘
10:42:21	6.77	-0.01	10	6770	卖盘
10:42:12	6.78	--	1	678	买盘
10:41:45	6.78	0.01	29	19662	买盘
10:41:42	6.77	-0.01	5	3385	卖盘
10:41:30	6.78	0.01	173	117294	买盘
10:41:15	6.77	-0.01	30	20310	卖盘
10:40:57	6.78	0.01	6	4068	买盘
10:40:45	6.77	-0.01	10	6770	卖盘
10:40:42	6.78	0.01	3	2034	买盘
10:40:30	6.77	--	235	159095	卖盘
10:40:24	6.77	-0.01	165	111705	卖盘
10:40:21	6.78	0.01	7	4746	买盘
10:40:12	6.77	-0.01	11	7446	卖盘
10:40:09	6.78	0.01	25	16950	买盘
10:40:03	6.77	--	2	1489	卖盘
10:40:00	6.77	-0.01	149	101279	卖盘
10:39:45	6.78	0.01	20	13560	买盘
10:39:39	6.77	-0.01	25	16925	卖盘
10:39:36	6.78	--	10	6780	买盘
10:39:30	6.78	--	30	20340	买盘
10:39:24	6.78	0.01	10	6780	买盘
10:39:12	6.77	-0.01	28	18956	卖盘
10:39:06	6.78	0.01	70	47460	买盘
10:38:57	6.77	-0.01	20	13540	卖盘
10:38:51	6.78	0.01	18	12204	买盘
10:38:42	6.77	-0.01	10	6770	卖盘
10:38:33	6.78	0.01	38	26306	买盘
10:38:30	6.77	--	22	14893	卖盘
10:38:24	6.77	--	20	13540	卖盘
10:38:09	6.77	-0.01	300	203100	卖盘
10:38:06	6.78	0.01	5	3390	买盘
10:38:03	6.77	-0.01	3	2030	卖盘
10:38:00	6.78	0.01	80	54240	买盘
10:37:57	6.77	--	13	8936	卖盘
10:37:54	6.77	-0.01	1	677	卖盘
10:37:51	6.78	0.01	10	6780	买盘
10:37:45	6.77	-0.01	34	23018	卖盘
10:37:42	6.78	0.01	15	10170	买盘
10:37:39	6.77	-0.01	5	3385	卖盘
10:37:30	6.78	0.01	268	181704	买盘
10:37:21	6.77	--	6	4061	卖盘
10:37:12	6.77	-0.01	5	3385	中性盘
10:37:06	6.78	0.01	50	33900	买盘
10:37:03	6.77	--	210	142170	买盘
10:37:00	6.77	--	50	33850	买盘
10:36:57	6.77	--	3	2030	买盘
10:36:51	6.77	--	26	17602	买盘
10:36:48	6.77	--	217	146909	买盘
10:36:45	6.77	--	4	2708	买盘
10:36:42	6.77	--	717	485544	卖盘
10:36:39	6.77	--	10	6770	卖盘
10:36:36	6.77	--	1	677	卖盘
10:36:33	6.77	--	36	24372	卖盘
10:36:21	6.77	-0.01	90	60929	卖盘
10:36:15	6.78	0.01	36	24408	买盘
10:36:12	6.77	-0.01	19	12863	卖盘
10:36:09	6.78	0.01	196	132888	买盘
10:36:06	6.77	--	146	98842	卖盘
10:35:51	6.77	--	25	16925	卖盘
10:35:42	6.77	--	50	33850	卖盘
10:35:39	6.77	-0.01	144	97488	卖盘
10:35:30	6.78	0.01	12	8136	买盘
10:35:27	6.77	--	112	75824	卖盘
10:35:24	6.77	--	5	3385	卖盘
10:35:21	6.77	--	201	136077	卖盘
10:35:18	6.77	--	60	40620	卖盘
10:35:15	6.77	--	10	6770	卖盘
10:35:09	6.77	--	35	23695	卖盘
10:35:03	6.77	--	10	6770	卖盘
10:35:00	6.77	--	2	1354	卖盘
10:34:51	6.77	--	40	27080	卖盘
10:34:45	6.77	--	34	23018	卖盘
10:34:39	6.77	--	6	4061	卖盘
10:34:33	6.77	--	68	46036	卖盘
10:34:30	6.77	--	54	36558	卖盘
10:34:27	6.77	--	20	13540	卖盘
10:34:18	6.77	--	10	6770	卖盘
10:34:09	6.77	-0.01	1	677	卖盘
10:34:06	6.78	--	40	27370	卖盘
10:34:03	6.78	--	32	21696	卖盘
10:34:00	6.78	--	81	54918	卖盘
10:33:51	6.78	--	300	203400	卖盘
10:33:39	6.78	-0.01	85	57630	卖盘
10:33:33	6.79	0.01	17	11543	买盘
10:33:27	6.78	--	21	14238	卖盘
10:33:24	6.78	--	10	6780	卖盘
10:33:18	6.78	--	200	135600	卖盘
10:33:15	6.78	--	15	10170	卖盘
10:33:06	6.78	-0.01	5	3390	卖盘
10:32:57	6.79	0.01	249	169071	买盘
10:32:54	6.78	--	140	95191	卖盘
10:32:48	6.78	--	10	6780	卖盘
10:32:45	6.78	--	50	33900	卖盘
10:32:30	6.78	-0.02	13	8814	卖盘
10:32:24	6.8	-0.01	200	136000	买盘
10:32:09	6.81	0.03	1	681	买盘
10:32:06	6.78	--	68	46104	卖盘
10:31:57	6.78	--	60	40680	卖盘
10:31:54	6.78	--	17	11526	卖盘
10:31:42	6.78	--	100	67800	卖盘
10:31:39	6.78	--	1415	959525	卖盘
10:31:30	6.78	0.01	628	425784	买盘
10:31:27	6.77	-0.01	318	215286	卖盘
10:31:21	6.78	--	5	3390	买盘
10:31:09	6.78	--	7	4746	买盘
10:31:06	6.78	--	95	64410	买盘
10:31:03	6.78	--	22	15051	买盘
10:30:39	6.78	--	10	6780	买盘
10:30:36	6.78	--	11	7458	买盘
10:30:24	6.78	0.01	11	7458	买盘
10:30:15	6.77	-0.01	7	4739	卖盘
10:30:12	6.78	0.01	2	1356	买盘
10:30:09	6.77	-0.01	32	21799	卖盘
10:30:06	6.78	--	39	26442	买盘
10:30:03	6.78	--	100	67800	买盘
10:30:00	6.78	--	10	6780	买盘
10:29:48	6.78	--	2	1356	买盘
10:29:42	6.78	--	1	678	买盘
10:29:39	6.78	--	20	13560	买盘
10:29:33	6.78	--	19	13017	买盘
10:29:24	6.78	0.01	1	678	买盘
10:29:21	6.77	-0.01	15	10155	卖盘
10:29:18	6.78	0.01	21	14238	买盘
10:29:15	6.77	-0.01	33	22341	卖盘
10:29:12	6.78	0.01	10	6780	买盘
10:29:06	6.77	-0.01	4	2708	卖盘
10:29:03	6.78	0.01	50	33900	买盘
10:28:54	6.77	-0.01	8	5416	卖盘
10:28:51	6.78	0.01	10	6780	买盘
10:28:39	6.77	-0.01	100	67700	卖盘
10:28:36	6.78	--	105	71190	买盘
10:28:27	6.78	0.01	60	40680	买盘
10:28:24	6.77	--	5	3655	卖盘
10:28:21	6.77	-0.01	50	33850	卖盘
10:28:09	6.78	0.01	95	64410	买盘
10:27:51	6.77	-0.01	72	48744	卖盘
10:27:45	6.78	--	36	24408	买盘
10:27:42	6.78	--	33	22374	买盘
10:27:39	6.78	--	150	101700	买盘
10:27:33	6.78	--	10	6780	买盘
10:27:27	6.78	--	10	6780	买盘
10:27:24	6.78	--	135	91530	买盘
10:27:18	6.78	0.01	4	2712	买盘
10:27:06	6.77	-0.02	9	6093	卖盘
10:27:00	6.79	0.02	1	679	买盘
10:26:45	6.77	--	50	33850	卖盘
10:26:39	6.77	--	320	216640	卖盘
10:26:36	6.77	--	3	2030	卖盘
10:26:33	6.77	--	36	24372	卖盘
10:26:21	6.77	--	77	52670	买盘
10:26:15	6.77	0.01	2	1354	买盘
10:26:12	6.76	-0.01	100	67600	卖盘
10:25:54	6.77	-0.02	2348	1589596	卖盘
10:25:51	6.79	--	50	33950	买盘
10:25:45	6.79	0.01	206	139874	买盘
10:25:39	6.78	-0.01	100	67800	卖盘
10:25:36	6.79	--	10	6790	买盘
10:25:33	6.79	--	3	2037	买盘
10:25:18	6.79	--	37	25123	买盘
10:25:15	6.79	-0.01	434	295344	卖盘
10:25:12	6.8	--	3	2040	买盘
10:24:54	6.8	0.01	1	680	买盘
10:24:51	6.79	-0.01	31	21049	卖盘
10:24:42	6.8	--	4	2720	买盘
10:24:30	6.8	--	50	34000	买盘
10:24:27	6.8	--	3	2040	买盘
10:24:15	6.8	--	17	11968	卖盘
10:24:12	6.8	--	282	192032	买盘
10:24:03	6.8	0.01	200	136000	买盘
10:24:00	6.79	--	10	6790	卖盘
10:23:57	6.79	-0.01	20	13580	卖盘
10:23:54	6.8	--	76	51816	买盘
10:23:51	6.8	0.01	20	13600	买盘
10:23:48	6.79	-0.01	10	6790	卖盘
10:23:42	6.8	0.01	10	6800	买盘
10:23:30	6.79	-0.01	2	1358	卖盘
10:23:21	6.8	--	33	22440	买盘
10:23:18	6.8	--	3	2040	买盘
10:23:15	6.8	0.01	5	3400	买盘
10:23:09	6.79	--	10	6790	卖盘
10:23:06	6.79	--	8	5432	卖盘
10:23:03	6.79	--	53	35987	卖盘
10:22:57	6.79	--	11	8032	买盘
10:22:54	6.79	0.01	3	2037	买盘
10:22:51	6.78	--	6	4068	卖盘
10:22:42	6.78	--	19	12882	卖盘
10:22:24	6.78	--	317	214926	卖盘
10:22:15	6.78	--	107	72546	买盘
10:22:12	6.78	--	145	98310	卖盘
10:22:09	6.78	-0.01	89	60342	中性盘
10:22:03	6.79	0.02	362	245798	买盘
10:22:00	6.77	-0.01	177	119828	卖盘
10:21:54	6.78	--	200	135600	买盘
10:21:48	6.78	--	2	1356	买盘
10:21:45	6.78	-0.01	36	25065	卖盘
10:21:42	6.79	0.01	94	63826	买盘
10:21:36	6.78	-0.01	594	402732	卖盘
10:21:30	6.79	--	3	2037	买盘
10:21:27	6.79	--	50	33950	买盘
10:21:24	6.79	--	26	17654	买盘
10:21:21	6.79	--	10	6790	买盘
10:21:18	6.79	--	17	11543	买盘
10:21:15	6.79	0.01	22	14938	买盘
10:21:12	6.78	-0.01	47	31866	卖盘
10:21:03	6.79	0.01	23	15617	买盘
10:21:00	6.78	-0.01	20	13560	卖盘
10:20:48	6.79	--	3	2037	买盘
10:20:42	6.79	--	5	3395	买盘
10:20:39	6.79	--	50	33950	买盘
10:20:36	6.79	--	2	1358	买盘
10:20:33	6.79	--	1	679	买盘
10:20:21	6.79	--	15	10185	买盘
10:20:18	6.79	-0.01	10	6790	卖盘
10:20:09	6.8	0.01	433	294440	买盘
10:20:06	6.79	-0.01	20	13580	卖盘
10:20:00	6.8	0.02	2	1360	买盘
10:19:57	6.78	-0.01	10	6780	卖盘
10:19:51	6.79	--	129	87591	卖盘
10:19:48	6.79	--	10	6790	卖盘
10:19:42	6.79	--	10	6790	卖盘
10:19:39	6.79	0.01	276	187424	买盘
10:19:33	6.78	--	398	269844	卖盘
10:19:27	6.78	--	1000	678000	卖盘
10:19:24	6.78	-0.01	53	35934	卖盘
10:19:12	6.79	--	103	69937	买盘
10:19:09	6.79	--	10	6790	买盘
10:19:03	6.79	--	468	318294	卖盘
10:19:00	6.79	--	56	38024	卖盘
10:18:54	6.79	--	1	679	卖盘
10:18:48	6.79	--	7	4753	卖盘
10:18:45	6.79	--	25	16975	卖盘
10:18:39	6.79	-0.01	10	6790	卖盘
10:18:33	6.8	0.01	10	6800	买盘
10:18:30	6.79	--	40	27160	卖盘
10:18:24	6.79	--	15	10456	卖盘
10:18:18	6.79	--	48	32999	卖盘
10:18:15	6.79	--	103	69937	卖盘
10:18:12	6.79	--	12	8148	卖盘
10:18:09	6.79	--	95	64505	卖盘
10:18:03	6.79	--	450	305550	卖盘
10:17:57	6.79	-0.01	104	70616	卖盘
10:17:54	6.8	--	1	680	买盘
10:17:39	6.8	--	200	136000	买盘
10:17:36	6.8	-0.01	715	486608	卖盘
10:17:30	6.81	--	61	41541	买盘
10:17:27	6.81	0.01	5	3405	买盘
10:17:24	6.8	--	8	5440	卖盘
10:17:18	6.8	--	50	34000	卖盘
10:17:15	6.8	-0.01	20	13600	卖盘
10:17:12	6.81	0.01	250	170250	买盘
10:16:57	6.8	-0.01	60	40800	卖盘
10:16:42	6.81	--	4	2724	买盘
10:16:33	6.81	0.01	100	68100	买盘
10:16:24	6.8	-0.01	5	3400	卖盘
10:16:21	6.81	--	31	21111	买盘
10:16:18	6.81	0.01	150	102150	买盘
10:16:15	6.8	-0.01	50	34000	卖盘
10:16:03	6.81	0.01	300	204300	买盘
10:15:57	6.8	--	57	38760	卖盘
10:15:42	6.8	--	28	19040	卖盘
10:15:39	6.8	-0.01	200	136000	卖盘
10:15:30	6.81	--	114	77634	买盘
10:15:18	6.81	0.01	16	10896	买盘
10:15:12	6.8	--	4	2720	卖盘
10:15:06	6.8	--	52	35360	卖盘
10:15:03	6.8	-0.01	131	89080	卖盘
10:15:00	6.81	0.01	4	2724	买盘
10:14:51	6.8	--	10	6800	卖盘
10:14:48	6.8	--	6	4080	卖盘
10:14:45	6.8	--	3	2040	卖盘
10:14:42	6.8	--	2	1496	卖盘
10:14:39	6.8	--	4	2720	卖盘
10:14:36	6.8	--	414	281520	卖盘
10:14:33	6.8	--	11	7616	卖盘
10:14:27	6.8	--	21	14280	卖盘
10:14:21	6.8	--	30	20400	卖盘
10:14:15	6.8	-0.01	68	46240	中性盘
10:14:06	6.81	0.01	100	68100	买盘
10:14:03	6.8	--	266	181029	卖盘
10:13:54	6.8	-0.01	16	10880	卖盘
10:13:48	6.81	--	149	101469	买盘
10:13:42	6.81	--	30	20430	买盘
10:13:39	6.81	--	12	8171	买盘
10:13:36	6.81	0.01	13	8853	买盘
10:13:33	6.8	-0.01	1505	1023400	卖盘
10:13:27	6.81	--	8	5448	买盘
10:13:21	6.81	--	50	34050	买盘
10:13:18	6.81	--	10	6810	买盘
10:13:12	6.81	--	341	232221	卖盘
10:13:09	6.81	--	8	5448	卖盘
10:13:06	6.81	--	11	7491	卖盘
10:13:00	6.81	--	19	12939	买盘
10:12:57	6.81	0.01	50	34050	买盘
10:12:45	6.8	--	55	37400	卖盘
10:12:42	6.8	-0.01	20	13736	卖盘
10:12:39	6.81	--	40	27240	买盘
10:12:36	6.81	--	10	6810	买盘
10:12:30	6.81	--	20	13620	买盘
10:12:24	6.81	--	11	7491	买盘
10:12:18	6.81	--	67	45627	买盘
10:12:00	6.81	--	10	6810	买盘
10:11:57	6.81	--	12	8171	卖盘
10:11:45	6.81	-0.01	6	4085	中性盘
10:11:39	6.82	0.02	10	6820	买盘
10:11:36	6.8	-0.02	7	4760	卖盘
10:11:30	6.82	--	3	2046	买盘
10:11:15	6.82	0.02	26	17732	买盘
10:11:12	6.8	-0.02	116	78880	卖盘
10:11:03	6.82	0.02	116	79112	买盘
10:11:00	6.8	-0.02	50	34000	卖盘
10:10:54	6.82	0.02	236	160952	买盘
10:10:51	6.8	-0.01	2	1360	卖盘
10:10:48	6.81	--	29	20157	卖盘
10:10:45	6.81	0.01	165	112637	买盘
10:10:42	6.8	-0.01	108	73440	卖盘
10:10:39	6.81	--	2	1362	买盘
10:10:33	6.81	0.01	9	6129	买盘
10:10:30	6.8	--	405	275400	卖盘
10:10:27	6.8	--	59	40120	卖盘
10:10:21	6.8	--	6	4080	卖盘
10:10:12	6.8	-0.01	2211	1503874	卖盘
10:10:09	6.81	--	20	13620	买盘
10:10:03	6.81	--	20	13620	买盘
10:10:00	6.81	-0.01	709	483237	卖盘
10:09:51	6.82	--	20	13640	买盘
10:09:45	6.82	--	472	322517	卖盘
10:09:42	6.82	--	10	6820	卖盘
10:09:36	6.82	--	1059	722238	卖盘
10:09:06	6.82	-0.01	6	4092	卖盘
10:09:03	6.83	0.01	3	2049	买盘
10:09:00	6.82	-0.01	150	102300	卖盘
10:08:48	6.83	0.01	30	20490	买盘
10:08:45	6.82	--	5	3410	卖盘
10:08:36	6.82	-0.01	100	68200	卖盘
10:08:27	6.83	0.01	598	408434	买盘
10:08:18	6.82	--	0	477	卖盘
10:08:15	6.82	--	100	68200	卖盘
10:08:12	6.82	--	51	34782	卖盘
10:08:03	6.82	--	20	13640	卖盘
10:07:57	6.82	--	3	2046	卖盘
10:07:54	6.82	--	6	4092	卖盘
10:07:48	6.82	--	8	5456	卖盘
10:07:45	6.82	--	0	272	卖盘
10:07:42	6.82	--	15	10230	卖盘
10:07:33	6.82	0.01	13	8866	买盘
10:07:30	6.81	-0.01	3	2042	卖盘
10:07:21	6.82	0.01	50	34100	中性盘
10:07:15	6.81	-0.01	900	612900	卖盘
10:07:12	6.82	0.01	50	34100	买盘
10:07:09	6.81	--	60	40860	卖盘
10:07:06	6.81	-0.01	108	73548	卖盘
10:07:00	6.82	0.01	50	34100	买盘
10:06:54	6.81	--	10	6810	卖盘
10:06:48	6.81	--	4	2724	卖盘
10:06:42	6.81	--	30	20702	买盘
10:06:39	6.81	--	50	34050	买盘
10:06:36	6.81	--	80	54480	买盘
10:06:30	6.81	--	4	2724	买盘
10:06:24	6.81	--	55	37455	买盘
10:06:21	6.81	--	30	20430	买盘
10:06:18	6.81	--	39	26559	买盘
10:06:15	6.81	--	14	9534	买盘
10:06:09	6.81	--	47	32006	买盘
10:06:06	6.81	-0.01	3667	2497635	卖盘
10:06:03	6.82	--	10	6820	买盘
10:06:00	6.82	--	5	3410	买盘
10:05:57	6.82	--	67	45694	买盘
10:05:54	6.82	--	426	290532	卖盘
10:05:51	6.82	-0.01	45	30690	卖盘
10:05:48	6.83	0.01	86	58738	买盘
10:05:42	6.82	--	200	136400	卖盘
10:05:33	6.82	--	1	682	卖盘
10:05:30	6.82	-0.01	151	102982	卖盘
10:05:24	6.83	0.01	243	165969	买盘
10:05:21	6.82	-0.01	150	102300	卖盘
10:05:15	6.83	0.01	5	3415	买盘
10:05:12	6.82	-0.01	30	20460	卖盘
10:05:09	6.83	--	14	9562	买盘
10:05:03	6.83	--	31	21173	买盘
10:04:51	6.83	--	15	10245	买盘
10:04:48	6.83	--	10	6830	买盘
10:04:45	6.83	0.01	100	68300	买盘
10:04:42	6.82	--	24	16368	卖盘
10:04:39	6.82	--	85	57970	卖盘
10:04:24	6.82	-0.01	10	6820	卖盘
10:04:18	6.83	0.01	22	15026	买盘
10:04:12	6.82	--	10	6820	卖盘
10:04:00	6.82	--	488	332816	买盘
10:03:57	6.82	0.01	30	20460	买盘
10:03:54	6.81	-0.01	63	42903	卖盘
10:03:48	6.82	--	64	43648	买盘
10:03:36	6.82	--	50	34100	买盘
10:03:33	6.82	--	120	81840	买盘
10:03:30	6.82	--	102	69836	买盘
10:03:24	6.82	--	150	102300	买盘
10:03:15	6.82	0.01	21	14322	买盘
10:03:12	6.81	-0.01	164	111684	卖盘
10:03:09	6.82	--	16	10912	买盘
10:03:06	6.82	0.01	15	10230	买盘
10:03:03	6.81	--	168	114408	卖盘
10:03:00	6.81	-0.01	10	6810	卖盘
10:02:57	6.82	--	10	6820	买盘
10:02:54	6.82	--	100	68200	买盘
10:02:48	6.82	--	17	11594	买盘
10:02:45	6.82	--	678	462668	卖盘
10:02:42	6.82	-0.01	39	27007	卖盘
10:02:39	6.83	--	86	58738	买盘
10:02:33	6.83	--	27	18441	买盘
10:02:30	6.83	--	20	13660	买盘
10:02:27	6.83	--	1	683	买盘
10:02:12	6.83	-0.01	3	2049	卖盘
10:02:09	6.84	0.01	5	3420	买盘
10:02:03	6.83	--	122	83326	卖盘
10:02:00	6.83	--	1	683	卖盘
10:01:54	6.83	--	150	102450	买盘
10:01:45	6.83	-0.01	50	34150	买盘
10:01:36	6.84	0.01	500	342000	买盘
10:01:33	6.83	--	5	3415	买盘
10:01:30	6.83	--	69	47673	卖盘
10:01:27	6.83	--	19	12977	卖盘
10:01:24	6.83	--	127	86741	卖盘
10:01:21	6.83	--	5	3415	卖盘
10:01:18	6.83	--	66	45078	卖盘
10:01:15	6.83	--	110	75130	卖盘
10:01:12	6.83	--	15	10245	卖盘
10:01:09	6.83	--	63	43029	卖盘
10:01:06	6.83	--	159	108870	卖盘
10:01:03	6.83	--	15	10245	卖盘
10:01:00	6.83	--	112	76496	卖盘
10:00:57	6.83	--	15	10245	卖盘
10:00:54	6.83	--	53	36199	卖盘
10:00:51	6.83	--	114	78271	卖盘
10:00:48	6.83	--	140	95620	卖盘
10:00:45	6.83	--	9	6147	卖盘
10:00:42	6.83	-0.01	54	36882	卖盘
10:00:36	6.84	0.01	32	22024	买盘
10:00:33	6.83	-0.01	16	10928	卖盘
10:00:30	6.84	0.01	17	11628	买盘
10:00:27	6.83	-0.01	2	1366	卖盘
10:00:21	6.84	--	20	13680	买盘
10:00:18	6.84	--	28	19302	卖盘
10:00:15	6.84	--	146	99864	卖盘
10:00:12	6.84	--	0	136	卖盘
10:00:06	6.84	--	10	6840	卖盘
10:00:03	6.84	--	131	89604	卖盘
10:00:00	6.84	--	43	29412	卖盘
09:59:54	6.84	--	148	101232	卖盘
09:59:51	6.84	--	33	22572	卖盘
09:59:45	6.84	--	89	60876	卖盘
09:59:42	6.84	--	243	166212	卖盘
09:59:39	6.84	-0.01	58	39672	卖盘
09:59:36	6.85	0.01	20	13700	买盘
09:59:33	6.84	--	2	1368	卖盘
09:59:30	6.84	--	207	141861	卖盘
09:59:24	6.84	--	2	1368	卖盘
09:59:21	6.84	--	30	20520	卖盘
09:59:18	6.84	--	2	1368	卖盘
09:59:15	6.84	--	16	10944	卖盘
09:59:12	6.84	--	0	123	买盘
09:59:09	6.84	--	20	13680	买盘
09:59:06	6.84	--	407	278388	买盘
09:59:03	6.84	--	360	246240	买盘
09:58:57	6.84	--	69	47196	买盘
09:58:54	6.84	0.01	27	18468	买盘
09:58:51	6.83	-0.02	72	49176	卖盘
09:58:45	6.85	0.01	13	8905	买盘
09:58:39	6.84	--	28	19152	买盘
09:58:33	6.84	0.01	382	261288	中性盘
09:58:30	6.83	-0.02	206	140698	卖盘
09:58:24	6.85	--	247	169195	买盘
09:58:21	6.85	--	8	5480	买盘
09:58:18	6.85	0.01	5	3425	买盘
09:58:15	6.84	-0.01	300	205200	卖盘
09:58:12	6.85	0.01	20	13700	买盘
09:58:09	6.84	-0.01	2	1368	卖盘
09:58:06	6.85	--	100	68500	买盘
09:58:03	6.85	0.01	8	5480	买盘
09:58:00	6.84	--	320	218880	卖盘
09:57:48	6.84	--	269	184406	买盘
09:57:45	6.84	--	116	79617	买盘
09:57:39	6.84	-0.01	102	70041	卖盘
09:57:36	6.85	0.01	129	88776	买盘
09:57:33	6.84	--	277	189468	买盘
09:57:27	6.84	--	28	19152	买盘
09:57:24	6.84	--	110	75240	买盘
09:57:21	6.84	0.01	50	34200	买盘
09:57:18	6.83	-0.01	520	355160	卖盘
09:57:15	6.84	0.01	28	19152	买盘
09:57:12	6.83	--	248	169384	卖盘
09:57:09	6.83	--	115	78545	卖盘
09:57:00	6.83	-0.01	20	13660	卖盘
09:56:57	6.84	--	83	56772	买盘
09:56:54	6.84	--	60	41040	买盘
09:56:51	6.84	0.01	160	109440	买盘
09:56:48	6.83	--	101	68983	卖盘
09:56:39	6.83	-0.01	10	6830	卖盘
09:56:36	6.84	0.01	291	199044	买盘
09:56:27	6.83	--	170	116110	卖盘
09:56:18	6.83	--	5	3415	卖盘
09:56:15	6.83	--	11	7513	卖盘
09:56:12	6.83	--	1	683	卖盘
09:56:09	6.83	0.01	86	58738	买盘
09:56:06	6.82	--	124	84568	卖盘
09:56:03	6.82	-0.01	1	682	卖盘
09:56:00	6.83	-0.01	100	68300	买盘
09:55:57	6.84	0.02	2674	1829016	买盘
09:55:54	6.82	--	550	375645	卖盘
09:55:51	6.82	--	70	47740	卖盘
09:55:45	6.82	--	25	17050	卖盘
09:55:42	6.82	--	63	43102	买盘
09:55:39	6.82	0.01	160	109120	买盘
09:55:36	6.81	-0.01	16	10896	卖盘
09:55:33	6.82	0.01	6	4092	买盘
09:55:30	6.81	-0.01	5	3405	卖盘
09:55:27	6.82	0.01	81	55242	买盘
09:55:24	6.81	-0.01	36	24516	卖盘
09:55:21	6.82	--	29	19778	卖盘
09:55:18	6.82	0.01	10	6820	中性盘
09:55:15	6.81	--	5	3405	卖盘
09:55:12	6.81	-0.01	120	81720	卖盘
09:55:09	6.82	0.01	1045	712826	买盘
09:55:03	6.81	--	10	6810	卖盘
09:55:00	6.81	-0.01	70	47670	中性盘
09:54:57	6.82	--	152	103664	买盘
09:54:51	6.82	0.01	215	146630	买盘
09:54:45	6.81	--	74	50394	卖盘
09:54:39	6.81	--	40	27240	卖盘
09:54:36	6.81	0.01	12	8171	中性盘
09:54:30	6.8	-0.01	30	20400	卖盘
09:54:27	6.81	--	5	3405	卖盘
09:54:24	6.81	--	34	23446	买盘
09:54:21	6.81	--	456	310536	买盘
09:54:18	6.81	--	20	13620	买盘
09:54:09	6.81	--	35	24223	卖盘
09:54:00	6.81	-0.01	56	38136	卖盘
09:53:57	6.82	0.01	22	15004	买盘
09:53:54	6.81	--	86	58566	卖盘
09:53:48	6.81	-0.01	3	2042	卖盘
09:53:42	6.82	0.01	50	34100	买盘
09:53:39	6.81	-0.01	33	22765	卖盘
09:53:36	6.82	--	66	45012	买盘
09:53:33	6.82	0.01	16	10912	买盘
09:53:30	6.81	-0.01	110	74910	卖盘
09:53:27	6.82	0.01	40	27280	买盘
09:53:15	6.81	--	10	6810	卖盘
09:53:12	6.81	-0.01	64	43584	卖盘
09:53:09	6.82	0.01	10	6820	买盘
09:53:00	6.81	0.01	21	14301	买盘
09:52:54	6.8	--	40	27200	卖盘
09:52:51	6.8	-0.02	10	6800	卖盘
09:52:48	6.82	0.02	240	163680	买盘
09:52:45	6.8	-0.01	36	24480	卖盘
09:52:42	6.81	--	20	13620	买盘
09:52:39	6.81	--	20	13620	买盘
09:52:30	6.81	--	8	5992	卖盘
09:52:18	6.81	--	15	10351	卖盘
09:52:12	6.81	--	23	15663	买盘
09:52:06	6.81	--	61	41541	买盘
09:52:03	6.81	0.01	57	38817	买盘
09:52:00	6.8	--	16	10880	卖盘
09:51:57	6.8	-0.01	15	10200	卖盘
09:51:48	6.81	--	109	74229	卖盘
09:51:45	6.81	--	43	29283	卖盘
09:51:39	6.81	--	19	12939	卖盘
09:51:36	6.81	0.01	65	44265	卖盘
09:51:33	6.8	--	34	23120	卖盘
09:51:30	6.8	-0.01	24	16728	卖盘
09:51:27	6.81	--	30	20443	买盘
09:51:21	6.81	--	30	20430	买盘
09:51:15	6.81	--	110	74910	买盘
09:51:12	6.81	--	5	3405	买盘
09:51:06	6.81	--	3	2042	买盘
09:51:03	6.81	--	75	51075	买盘
09:51:00	6.81	--	28	19068	买盘
09:50:57	6.81	0.01	20	13620	买盘
09:50:54	6.8	-0.01	43	29240	卖盘
09:50:51	6.81	0.01	150	102150	买盘
09:50:45	6.8	-0.01	293	199240	卖盘
09:50:42	6.81	--	51	34731	买盘
09:50:39	6.81	--	29	19749	买盘
09:50:33	6.81	--	7	4767	买盘
09:50:30	6.81	--	21	14301	买盘
09:50:24	6.81	--	31	21111	买盘
09:50:18	6.81	--	237	161397	买盘
09:50:12	6.81	--	69	46989	买盘
09:50:09	6.81	0.01	2	1362	买盘
09:50:06	6.8	--	77	52360	卖盘
09:50:03	6.8	--	70	47600	卖盘
09:50:00	6.8	-0.01	90	61200	卖盘
09:49:54	6.81	0.01	46	31326	买盘
09:49:39	6.8	--	3	2040	卖盘
09:49:27	6.8	-0.01	18	12240	卖盘
09:49:24	6.81	0.02	134	91254	买盘
09:49:21	6.79	--	255	173145	卖盘
09:49:15	6.79	--	30	20913	卖盘
09:49:09	6.79	--	186	126429	卖盘
09:49:06	6.79	--	8	5432	卖盘
09:49:00	6.79	--	55	37345	卖盘
09:48:54	6.79	-0.01	63	42777	卖盘
09:48:51	6.8	--	4	2856	买盘
09:48:48	6.8	--	30	20400	买盘
09:48:45	6.8	--	55	37400	买盘
09:48:42	6.8	0.01	6	4080	买盘
09:48:39	6.79	-0.01	31	21049	卖盘
09:48:36	6.8	0.01	19	12920	买盘
09:48:33	6.79	-0.01	80	54320	卖盘
09:48:30	6.8	--	89	60520	买盘
09:48:24	6.8	--	30	20400	买盘
09:48:21	6.8	--	225	153000	买盘
09:48:12	6.8	0.01	5	3400	买盘
09:48:09	6.79	-0.01	20	13580	卖盘
09:48:06	6.8	--	35	23800	买盘
09:48:03	6.8	0.01	19	12920	买盘
09:48:00	6.79	--	30	20370	卖盘
09:47:57	6.79	-0.01	108	73332	卖盘
09:47:54	6.8	--	113	76840	买盘
09:47:51	6.8	--	4	2720	买盘
09:47:48	6.8	--	75	51000	买盘
09:47:39	6.8	--	35	23800	买盘
09:47:36	6.8	--	335	228072	卖盘
09:47:33	6.8	--	25	17000	卖盘
09:47:30	6.8	--	5	3400	卖盘
09:47:27	6.8	--	103	70040	卖盘
09:47:18	6.8	-0.01	10	6800	卖盘
09:47:12	6.81	0.01	12	8171	买盘
09:47:06	6.8	-0.01	90	61200	卖盘
09:47:00	6.81	0.01	5	3405	买盘
09:46:57	6.8	--	38	26248	买盘
09:46:54	6.8	--	21	14280	买盘
09:46:51	6.8	--	217	147560	买盘
09:46:45	6.8	--	50	34000	买盘
09:46:42	6.8	--	200	136000	买盘
09:46:39	6.8	--	212	144160	买盘
09:46:36	6.8	--	104	70720	买盘
09:46:33	6.8	--	86	58480	买盘
09:46:30	6.8	--	102	69360	买盘
09:46:27	6.8	-0.02	1702	1157632	卖盘
09:46:24	6.82	--	28	19096	买盘
09:46:21	6.82	0.01	50	34100	买盘
09:46:18	6.81	-0.01	12	8444	卖盘
09:46:15	6.82	-0.01	64	43648	中性盘
09:46:06	6.83	--	91	62153	买盘
09:45:57	6.83	--	32	21856	买盘
09:45:45	6.83	--	10	6830	买盘
09:45:42	6.83	0.01	100	68300	买盘
09:45:39	6.82	-0.01	105	71610	买盘
09:45:36	6.83	--	3623	2474509	买盘
09:45:33	6.83	0.01	20	13660	买盘
09:45:30	6.82	--	12	8184	卖盘
09:45:27	6.82	-0.01	20	13640	卖盘
09:45:24	6.83	0.01	20	13660	买盘
09:45:21	6.82	-0.01	13	8866	卖盘
09:45:18	6.83	--	51	34833	买盘
09:45:12	6.83	0.01	109	74447	买盘
09:45:09	6.82	--	45	30690	卖盘
09:45:06	6.82	-0.01	43	29326	卖盘
09:45:03	6.83	--	31	21173	买盘
09:45:00	6.83	--	1	683	买盘
09:44:57	6.83	--	20	13660	买盘
09:44:54	6.83	--	40	27320	买盘
09:44:51	6.83	0.01	10	6830	买盘
09:44:48	6.82	-0.01	3	2046	卖盘
09:44:45	6.83	--	10	6830	买盘
09:44:42	6.83	--	83	56689	买盘
09:44:36	6.83	--	113	77452	买盘
09:44:33	6.83	--	30	20490	买盘
09:44:30	6.83	--	13	8879	买盘
09:44:24	6.83	--	5	3415	买盘
09:44:21	6.83	--	121	82643	买盘
09:44:15	6.83	--	108	73764	买盘
09:44:12	6.83	0.01	17	11611	买盘
09:44:09	6.82	-0.01	17	11594	卖盘
09:44:06	6.83	--	111	75813	卖盘
09:44:03	6.83	-0.01	40	27320	买盘
09:44:00	6.84	0.01	130	89330	买盘
09:43:57	6.83	--	63	43302	买盘
09:43:54	6.83	--	415	283854	卖盘
09:43:51	6.83	--	11	7513	卖盘
09:43:48	6.83	--	12	8196	卖盘
09:43:45	6.83	-0.01	210	143430	卖盘
09:43:42	6.84	0.01	223	152532	买盘
09:43:39	6.83	-0.01	52	35516	卖盘
09:43:36	6.84	--	345	235980	买盘
09:43:33	6.84	--	10	6840	买盘
09:43:30	6.84	--	107	73188	买盘
09:43:27	6.84	--	67	45828	买盘
09:43:24	6.84	--	198	135432	买盘
09:43:21	6.84	--	25	17100	买盘
09:43:18	6.84	--	32	21888	买盘
09:43:15	6.84	--	19	12996	买盘
09:43:12	6.84	0.01	118	80712	买盘
09:43:09	6.83	-0.01	108	73764	卖盘
09:43:03	6.84	--	58	39672	买盘
09:43:00	6.84	0.01	30	20520	买盘
09:42:54	6.83	-0.01	4	2732	卖盘
09:42:51	6.84	--	8	5472	买盘
09:42:48	6.84	--	50	34200	买盘
09:42:45	6.84	0.01	510	348840	买盘
09:42:42	6.83	-0.01	88	60104	卖盘
09:42:39	6.84	--	31	21204	买盘
09:42:36	6.84	--	40	27360	买盘
09:42:33	6.84	0.01	500	342000	买盘
09:42:30	6.83	--	10	6830	卖盘
09:42:27	6.83	-0.01	11	7513	卖盘
09:42:24	6.84	0.01	35	23940	买盘
09:42:21	6.83	--	30	20490	卖盘
09:42:18	6.83	--	10	6830	卖盘
09:42:15	6.83	--	20	13660	卖盘
09:42:06	6.83	--	290	198343	买盘
09:42:03	6.83	--	80	54640	买盘
09:42:00	6.83	--	50	34150	买盘
09:41:57	6.83	0.01	127	86741	买盘
09:41:54	6.82	-0.01	50	34100	卖盘
09:41:51	6.83	--	366	249978	买盘
09:41:45	6.83	0.01	75	51225	买盘
09:41:42	6.82	--	49	33418	卖盘
09:41:36	6.82	--	11	7502	卖盘
09:41:33	6.82	--	30	20460	卖盘
09:41:30	6.82	-0.01	10	6820	卖盘
09:41:21	6.83	--	80	54640	买盘
09:41:18	6.83	0.01	52	35516	买盘
09:41:15	6.82	--	50	34100	买盘
09:41:12	6.82	--	14	9548	买盘
09:41:06	6.82	-0.01	634	432388	卖盘
09:41:03	6.83	--	2	1366	卖盘
09:41:00	6.83	--	10	6830	卖盘
09:40:57	6.83	0.01	282	192606	买盘
09:40:54	6.82	-0.01	477	325314	卖盘
09:40:51	6.83	0.01	14	9562	买盘
09:40:48	6.82	--	29	19778	卖盘
09:40:39	6.82	0.01	5	3410	卖盘
09:40:33	6.81	-0.01	54	36774	卖盘
09:40:27	6.82	--	290	197916	买盘
09:40:24	6.82	0.01	63	42966	买盘
09:40:21	6.81	--	21	14301	卖盘
09:40:12	6.81	--	15	10215	卖盘
09:40:09	6.81	--	19	12939	卖盘
09:40:06	6.81	0.01	108	74092	卖盘
09:40:03	6.8	--	20	13600	卖盘
09:40:00	6.8	-0.01	2	1360	卖盘
09:39:57	6.81	-0.01	60	40860	买盘
09:39:54	6.82	0.02	780	531960	买盘
09:39:51	6.8	--	23	15640	卖盘
09:39:48	6.8	-0.01	60	40800	卖盘
09:39:45	6.81	--	34	23154	买盘
09:39:42	6.81	--	95	64967	卖盘
09:39:36	6.81	0.01	44	30372	买盘
09:39:33	6.8	-0.01	109	74120	卖盘
09:39:30	6.81	--	26	17706	买盘
09:39:27	6.81	--	22	14982	买盘
09:39:24	6.81	--	55	37455	买盘
09:39:21	6.81	--	203	138243	买盘
09:39:15	6.81	--	24	16343	买盘
09:39:09	6.81	--	40	27240	买盘
09:39:06	6.81	--	41	27921	买盘
09:39:03	6.81	--	24	16343	买盘
09:39:00	6.81	--	86	58566	买盘
09:38:57	6.81	0.01	149	101469	买盘
09:38:54	6.8	--	242	164560	卖盘
09:38:51	6.8	-0.01	3	2040	卖盘
09:38:48	6.81	--	2	1362	买盘
09:38:45	6.81	--	17	11577	买盘
09:38:42	6.81	--	120	81720	买盘
09:38:39	6.81	0.01	20	13620	买盘
09:38:33	6.8	--	185	125800	卖盘
09:38:30	6.8	-0.01	14	9656	卖盘
09:38:27	6.81	--	172	117132	买盘
09:38:24	6.81	0.01	175	119583	买盘
09:38:18	6.8	--	11	7480	卖盘
09:38:15	6.8	--	55	37400	卖盘
09:38:12	6.8	-0.01	7	4760	卖盘
09:38:09	6.81	0.01	10	6810	买盘
09:38:03	6.8	--	35	23800	买盘
09:38:00	6.8	--	71	48280	买盘
09:37:57	6.8	--	475	323000	买盘
09:37:54	6.8	--	89	60520	买盘
09:37:51	6.8	--	25	17000	买盘
09:37:48	6.8	--	31	21080	买盘
09:37:42	6.8	--	22	14960	卖盘
09:37:39	6.8	-0.01	58	39440	卖盘
09:37:36	6.81	--	184	125304	买盘
09:37:33	6.81	--	54	36774	买盘
09:37:30	6.81	0.01	162	110322	买盘
09:37:27	6.8	--	72	48960	卖盘
09:37:24	6.8	--	60	40800	卖盘
09:37:21	6.8	--	280	190400	买盘
09:37:18	6.8	0.01	7	4760	买盘
09:37:15	6.79	-0.01	100	67900	卖盘
09:37:12	6.8	--	200	136000	买盘
09:37:09	6.8	--	67	45560	买盘
09:37:06	6.8	0.01	80	54400	买盘
09:37:03	6.79	-0.01	10	6790	卖盘
09:37:00	6.8	0.01	53	36040	买盘
09:36:57	6.79	-0.01	105	71295	卖盘
09:36:54	6.8	--	16	10880	买盘
09:36:48	6.8	--	34	23392	卖盘
09:36:45	6.8	--	46	31688	买盘
09:36:42	6.8	--	11	7752	卖盘
09:36:39	6.8	--	248	168640	卖盘
09:36:36	6.8	--	33	22440	卖盘
09:36:33	6.8	-0.01	56	38080	卖盘
09:36:30	6.81	0.01	9	6129	买盘
09:36:27	6.8	-0.01	125	85000	卖盘
09:36:21	6.81	0.01	20	13620	买盘
09:36:18	6.8	-0.01	1103	750040	卖盘
09:36:15	6.81	--	10	6810	买盘
09:36:06	6.81	--	30	20430	买盘
09:36:03	6.81	--	131	89211	卖盘
09:36:00	6.81	--	146	99426	卖盘
09:35:57	6.81	--	15	10215	卖盘
09:35:54	6.81	-0.01	318	216558	卖盘
09:35:51	6.82	--	105	71610	买盘
09:35:48	6.82	--	15	10230	买盘
09:35:42	6.82	--	10	6820	买盘
09:35:39	6.82	--	44	30008	买盘
09:35:36	6.82	--	39	26598	买盘
09:35:33	6.82	--	112	76929	卖盘
09:35:30	6.82	--	132	90024	卖盘
09:35:27	6.82	--	64	43648	卖盘
09:35:24	6.82	--	1219	831358	卖盘
09:35:21	6.82	-0.01	305	208010	卖盘
09:35:18	6.83	0.01	24	16392	买盘
09:35:15	6.82	-0.01	19	13094	卖盘
09:35:12	6.83	--	66	45078	买盘
09:35:09	6.83	0.01	157	107231	买盘
09:35:06	6.82	-0.01	23	15686	卖盘
09:35:03	6.83	--	84	57781	卖盘
09:35:00	6.83	--	200	136600	卖盘
09:34:57	6.83	--	136	92888	卖盘
09:34:54	6.83	--	75	51225	卖盘
09:34:51	6.83	--	23	15709	卖盘
09:34:48	6.83	--	10	6830	卖盘
09:34:45	6.83	--	65	44395	卖盘
09:34:42	6.83	-0.01	10	6830	卖盘
09:34:39	6.84	--	116	79344	买盘
09:34:36	6.84	0.01	60	41040	买盘
09:34:33	6.83	--	148	101084	卖盘
09:34:30	6.83	--	45	30735	卖盘
09:34:27	6.83	0.01	355	242738	买盘
09:34:24	6.82	-0.01	93	63835	卖盘
09:34:21	6.83	--	41	28276	卖盘
09:34:18	6.83	-0.01	53	36199	卖盘
09:34:15	6.84	--	75	51300	卖盘
09:34:12	6.84	--	331	226404	卖盘
09:34:09	6.84	-0.01	75	51300	卖盘
09:34:06	6.85	0.01	645	441825	买盘
09:34:03	6.84	0.01	268	183312	买盘
09:34:00	6.83	-0.01	707	482881	卖盘
09:33:57	6.84	--	240	164160	卖盘
09:33:54	6.84	--	181	123804	卖盘
09:33:51	6.84	--	142	97128	卖盘
09:33:48	6.84	--	75	51300	卖盘
09:33:45	6.84	--	378	259099	买盘
09:33:42	6.84	0.01	299	204516	买盘
09:33:39	6.83	-0.01	12	8196	卖盘
09:33:36	6.84	--	81	55404	买盘
09:33:33	6.84	--	161	110124	卖盘
09:33:30	6.84	-0.01	53	36252	卖盘
09:33:27	6.85	0.02	485	332225	买盘
09:33:24	6.83	--	25	17075	卖盘
09:33:21	6.83	-0.01	381	260223	卖盘
09:33:18	6.84	0.01	138	94392	买盘
09:33:15	6.83	--	132	90156	卖盘
09:33:12	6.83	--	102	69666	卖盘
09:33:06	6.83	--	93	63655	买盘
09:33:03	6.83	0.01	330	225390	买盘
09:33:00	6.82	--	149	101618	卖盘
09:32:54	6.82	0.01	40	27280	买盘
09:32:51	6.81	-0.01	116	78996	卖盘
09:32:48	6.82	0.01	440	300080	买盘
09:32:45	6.81	0.01	110	74910	中性盘
09:32:42	6.8	--	10	6800	卖盘
09:32:39	6.8	-0.02	96	65688	卖盘
09:32:36	6.82	0.02	544	371280	买盘
09:32:33	6.8	--	283	193024	买盘
09:32:30	6.8	0.01	98	66640	买盘
09:32:27	6.79	--	74	50246	卖盘
09:32:24	6.79	--	4	2716	卖盘
09:32:21	6.79	--	103	69937	卖盘
09:32:18	6.79	--	918	623844	买盘
09:32:12	6.79	--	117	79443	买盘
09:32:09	6.79	--	7	4753	买盘
09:32:06	6.79	0.02	51	34629	买盘
09:32:03	6.77	-0.02	133	90041	卖盘
09:32:00	6.79	0.02	211	143269	买盘
09:31:57	6.77	-0.01	32	21664	卖盘
09:31:54	6.78	-0.02	45	30801	卖盘
09:31:51	6.8	--	20	13600	买盘
09:31:48	6.8	--	170	115600	买盘
09:31:45	6.8	0.01	81	55080	买盘
09:31:42	6.79	-0.01	108	73719	卖盘
09:31:39	6.8	--	61	41480	买盘
09:31:36	6.8	-0.03	4405	2995808	卖盘
09:31:33	6.83	--	85	58055	买盘
09:31:30	6.83	--	41	28003	买盘
09:31:27	6.83	0.01	161	109963	中性盘
09:31:24	6.82	-0.02	566	386012	卖盘
09:31:21	6.84	--	141	96444	买盘
09:31:18	6.84	-0.01	444	303696	买盘
09:31:15	6.85	--	330	226050	买盘
09:31:12	6.85	--	110	75350	买盘
09:31:09	6.85	0.01	205	140425	买盘
09:31:06	6.84	-0.01	219	149796	卖盘
09:31:03	6.85	-0.01	49	33565	中性盘
09:31:00	6.86	--	30	20580	买盘
09:30:54	6.86	0.02	107	73402	买盘
09:30:51	6.84	-0.02	106	72504	卖盘
09:30:48	6.86	0.02	86	58996	买盘
09:30:45	6.84	-0.03	174	119016	卖盘
09:30:42	6.87	0.03	323	221901	买盘
09:30:39	6.84	-0.03	67	45828	中性盘
09:30:36	6.87	0.02	380	261060	买盘
09:30:33	6.85	-0.02	66	45210	中性盘
09:30:30	6.87	0.01	444	305028	买盘
09:30:27	6.86	-0.02	50	34300	卖盘
09:30:24	6.88	--	46	31648	卖盘
09:30:21	6.88	0.03	45	30960	买盘
09:30:18	6.85	--	29	19865	卖盘
09:30:15	6.85	--	778	532930	卖盘
09:30:12	6.85	0.02	492	337294	买盘
09:30:09	6.83	-0.01	680	464440	卖盘
09:30:06	6.84	0.02	3569	2441196	买盘
09:30:03	6.82	0.02	116	79112	买盘
09:25:03	6.8	6.8	3110	2115072	买盘
