成交时间	成交价	价格变动	成交量(手)	成交额(元)	性质
15:00:03	33.79	0.09	170	574430	买盘
14:57:03	33.7	-0.01	2	6740	卖盘
14:57:00	33.71	0.01	1	3371	买盘
14:56:30	33.7	-0.03	18	60660	卖盘
14:56:18	33.73	--	2	6745	卖盘
14:56:03	33.73	0.02	3	10118	买盘
14:55:57	33.71	--	30	101130	买盘
14:55:54	33.71	--	9	30339	卖盘
14:55:45	33.71	--	3	10113	买盘
14:55:42	33.71	-0.02	2	6742	卖盘
14:55:39	33.73	0.02	2	6745	中性盘
14:55:24	33.71	--	1	3371	买盘
14:55:21	33.71	--	2	6742	买盘
14:55:18	33.71	0.01	5	16855	买盘
14:55:15	33.7	-0.01	10	33700	卖盘
14:55:09	33.71	0.01	21	70791	买盘
14:54:57	33.7	0.03	57	192090	买盘
14:54:39	33.67	-0.03	15	50505	卖盘
14:54:33	33.7	--	10	33700	买盘
14:54:09	33.7	--	8	26960	买盘
14:54:06	33.7	0.04	4	13480	买盘
14:53:48	33.66	-0.03	13	43757	卖盘
14:53:42	33.69	0.03	5	16845	中性盘
14:53:33	33.66	--	44	148103	卖盘
14:53:18	33.66	--	7	23561	卖盘
14:53:06	33.66	-0.02	12	40391	卖盘
14:53:03	33.68	--	2	6736	买盘
14:52:39	33.68	-0.02	18	60624	卖盘
14:52:36	33.7	0.02	9	30330	买盘
14:52:27	33.68	-0.02	1	3368	卖盘
14:52:15	33.7	--	3	10110	卖盘
14:52:09	33.7	--	16	53920	卖盘
14:52:06	33.7	--	7	23590	卖盘
14:52:03	33.7	--	9	30330	卖盘
14:52:00	33.7	--	4	13480	卖盘
14:51:57	33.7	--	17	57290	卖盘
14:51:54	33.7	0.01	24	80880	买盘
14:51:51	33.69	0.01	1	3369	中性盘
14:51:48	33.68	-0.01	24	80832	卖盘
14:51:39	33.69	-0.01	26	87594	卖盘
14:51:33	33.7	--	14	47180	买盘
14:51:30	33.7	0.01	5	16850	买盘
14:51:24	33.69	-0.01	8	26952	卖盘
14:51:21	33.7	--	3	10110	卖盘
14:51:18	33.7	--	2	6740	卖盘
14:51:09	33.7	-0.02	24	80880	卖盘
14:51:06	33.72	-0.03	3	10116	卖盘
14:51:00	33.75	0.03	5	16875	买盘
14:50:45	33.72	--	9	30348	卖盘
14:50:39	33.72	-0.03	2	6744	中性盘
14:50:30	33.75	0.04	12	40500	买盘
14:50:27	33.71	--	22	74162	卖盘
14:49:54	33.71	--	1	3371	买盘
14:49:51	33.71	0.01	5	16855	买盘
14:49:45	33.7	--	24	80880	卖盘
14:49:15	33.7	0.01	20	67400	买盘
14:49:09	33.69	--	1	3369	卖盘
14:48:54	33.69	--	21	70749	买盘
14:48:51	33.69	0.04	10	33690	买盘
14:48:48	33.65	-0.02	69	232185	卖盘
14:48:33	33.67	--	3	10101	买盘
14:48:30	33.67	--	2	6734	买盘
14:48:18	33.67	0.01	5	16835	中性盘
14:48:06	33.66	-0.03	53	178397	卖盘
14:48:03	33.69	0.02	3	10107	买盘
14:48:00	33.67	--	4	13468	卖盘
14:47:57	33.67	0.01	2	6734	中性盘
14:47:27	33.66	--	6	20195	买盘
14:47:24	33.66	-0.04	5	16830	卖盘
14:47:18	33.7	--	20	67400	买盘
14:47:12	33.7	-0.01	31	104470	卖盘
14:47:06	33.71	-0.04	50	168550	卖盘
14:46:57	33.75	--	9	30375	卖盘
14:46:51	33.75	-0.01	3	10125	卖盘
14:46:45	33.76	0.01	14	47264	中性盘
14:46:24	33.75	-0.01	15	50625	卖盘
14:46:09	33.76	-0.02	3	10128	卖盘
14:46:03	33.78	--	4	13512	买盘
14:45:54	33.78	-0.01	5	16890	卖盘
14:45:24	33.79	0.01	10	33790	买盘
14:45:21	33.78	-0.01	1	3378	卖盘
14:45:18	33.79	0.01	16	54064	买盘
14:45:15	33.78	--	7	23646	卖盘
14:45:03	33.78	-0.01	6	20268	卖盘
14:44:45	33.79	--	5	16895	买盘
14:44:39	33.79	-0.01	20	67580	中性盘
14:44:33	33.8	--	2	6759	买盘
14:44:21	33.8	0.02	1	3379	卖盘
14:44:12	33.78	-0.02	11	37158	卖盘
14:44:06	33.8	--	2	6759	买盘
14:44:03	33.8	--	5	16900	买盘
14:44:00	33.8	0.02	3	10140	买盘
14:43:54	33.78	-0.01	2	6756	卖盘
14:43:45	33.79	0.01	1	3379	买盘
14:43:30	33.78	-0.01	7	23646	卖盘
14:43:27	33.79	-0.01	2	6758	中性盘
14:43:21	33.8	-0.01	1	3379	卖盘
14:43:06	33.81	-0.01	4	13524	卖盘
14:43:00	33.82	--	2	6764	卖盘
14:42:57	33.82	0.01	18	60876	买盘
14:42:42	33.81	--	2	6762	卖盘
14:42:39	33.81	--	3	10143	卖盘
14:42:36	33.81	0.01	6	20286	买盘
14:42:09	33.8	--	20	67600	卖盘
14:42:06	33.8	-0.01	9	30419	卖盘
14:41:51	33.81	0.01	3	10143	买盘
14:41:48	33.8	-0.01	7	23659	卖盘
14:41:45	33.81	0.01	5	16905	买盘
14:41:36	33.8	-0.02	10	33800	卖盘
14:41:33	33.82	--	18	62228	卖盘
14:41:21	33.82	--	21	73051	买盘
14:41:15	33.82	0.01	30	101460	买盘
14:41:09	33.81	-0.01	21	72353	卖盘
14:40:54	33.82	--	3	10146	卖盘
14:40:51	33.82	--	6	20292	卖盘
14:40:36	33.82	-0.02	7	23674	卖盘
14:40:27	33.84	--	1	3384	卖盘
14:40:12	33.84	0.03	9	30456	中性盘
14:39:48	33.81	--	6	20286	卖盘
14:39:45	33.81	--	40	135240	卖盘
14:39:42	33.81	--	3	10143	卖盘
14:39:36	33.81	--	6	20286	卖盘
14:39:27	33.81	--	10	33810	卖盘
14:39:03	33.81	--	10	33810	卖盘
14:38:57	33.81	--	32	108192	卖盘
14:38:54	33.81	--	20	69648	买盘
14:38:48	33.81	--	5	16905	买盘
14:38:39	33.81	--	66	223146	卖盘
14:38:33	33.81	--	5	16905	卖盘
14:38:30	33.81	--	10	33810	卖盘
14:38:21	33.81	--	26	87906	卖盘
14:38:18	33.81	--	2	6762	卖盘
14:38:12	33.81	--	1	3381	卖盘
14:37:48	33.81	--	7	23667	卖盘
14:37:42	33.81	--	3	10143	卖盘
14:37:39	33.81	--	1	3381	卖盘
14:37:15	33.81	--	1	3381	卖盘
14:37:09	33.81	--	10	33810	卖盘
14:36:57	33.81	-0.05	4	13524	卖盘
14:36:51	33.86	--	23	77878	买盘
14:36:48	33.86	0.04	4	13544	买盘
14:36:45	33.82	-0.04	10	33820	卖盘
14:36:42	33.86	--	1	3386	买盘
14:36:30	33.86	-0.03	1	3386	卖盘
14:36:15	33.89	-0.02	6	20334	卖盘
14:35:21	33.91	--	3	10172	卖盘
14:35:15	33.91	--	1	3390	卖盘
14:35:00	33.91	--	3	10172	卖盘
14:34:48	33.91	--	3	10172	买盘
14:34:36	33.91	-0.05	13	44082	卖盘
14:34:30	33.96	0.05	21	71316	买盘
14:34:27	33.91	--	1	3390	卖盘
14:34:24	33.91	--	1	3390	卖盘
14:34:00	33.91	--	7	23736	卖盘
14:33:45	33.91	--	1	3390	卖盘
14:33:42	33.91	--	4	13563	卖盘
14:33:36	33.91	--	7	23736	卖盘
14:33:33	33.91	--	1	3390	卖盘
14:33:30	33.91	--	3	10172	卖盘
14:33:27	33.91	0.02	28	94947	买盘
14:33:24	33.89	-0.01	3	10167	卖盘
14:33:21	33.9	--	3	10170	卖盘
14:33:15	33.9	--	1	3390	卖盘
14:33:12	33.9	0.01	16	54240	买盘
14:32:57	33.89	0.02	1	3389	卖盘
14:32:39	33.87	0.04	42	142254	买盘
14:32:33	33.83	0.02	1	3383	买盘
14:32:15	33.81	--	4	13524	买盘
14:32:12	33.81	--	1	3381	买盘
14:32:03	33.81	--	10	33810	买盘
14:31:45	33.81	--	8	27048	卖盘
14:31:36	33.81	--	2	6762	卖盘
14:31:24	33.81	-0.03	1	3381	卖盘
14:31:15	33.84	0.03	10	33840	买盘
14:31:12	33.81	-0.02	7	23667	卖盘
14:31:09	33.83	--	5	16915	卖盘
14:31:06	33.83	--	4	13532	买盘
14:31:00	33.83	-0.03	1	3383	卖盘
14:30:36	33.86	--	7	23702	卖盘
14:30:24	33.86	-0.01	33	111738	卖盘
14:30:18	33.87	-0.01	2	6773	卖盘
14:30:03	33.88	-0.02	1	3388	卖盘
14:29:45	33.9	--	22	74580	卖盘
14:29:39	33.9	--	60	203400	卖盘
14:29:36	33.9	--	2	6780	卖盘
14:29:30	33.9	-0.01	13	44070	卖盘
14:29:18	33.91	--	2	6781	卖盘
14:29:15	33.91	--	3	10172	卖盘
14:29:12	33.91	--	3	10172	卖盘
14:29:09	33.91	-0.01	5	16955	卖盘
14:29:00	33.92	0.01	6	20352	买盘
14:28:57	33.91	--	1	3390	卖盘
14:28:54	33.91	--	6	20345	卖盘
14:28:51	33.91	--	3	10172	卖盘
14:28:48	33.91	--	30	101729	卖盘
14:28:36	33.91	--	2	6781	卖盘
14:28:24	33.91	-0.01	8	27127	卖盘
14:28:21	33.92	-0.01	5	16960	买盘
14:27:54	33.93	--	2	6786	卖盘
14:27:42	33.93	--	1	3393	买盘
14:27:39	33.93	0.02	1	3393	买盘
14:27:36	33.91	--	1	3390	卖盘
14:27:33	33.91	--	10	33910	卖盘
14:27:24	33.91	--	8	27127	卖盘
14:27:15	33.91	--	8	27127	买盘
14:26:54	33.91	--	1	3390	卖盘
14:26:30	33.91	--	1	3390	卖盘
14:26:27	33.91	0.01	3	10172	买盘
14:26:24	33.9	-0.01	8	27120	卖盘
14:26:09	33.91	--	2	6781	卖盘
14:26:03	33.91	0.01	3	10172	买盘
14:25:57	33.9	-0.01	14	47460	卖盘
14:25:54	33.91	--	5	16955	中性盘
14:25:45	33.91	--	2	6781	买盘
14:25:24	33.91	--	6	20345	卖盘
14:25:15	33.91	--	1	3390	卖盘
14:24:54	33.91	--	13	44082	卖盘
14:24:48	33.91	--	5	16955	卖盘
14:24:36	33.91	--	5	16955	中性盘
14:24:24	33.91	-0.02	7	23736	卖盘
14:24:18	33.93	-0.01	2	6786	卖盘
14:24:09	33.94	--	2	6788	卖盘
14:23:57	33.94	--	20	67880	卖盘
14:23:54	33.94	-0.02	8	27152	卖盘
14:23:24	33.96	-0.02	3	10188	卖盘
14:23:21	33.98	-0.02	5	16990	中性盘
14:22:27	34.0	--	25	85000	中性盘
14:22:00	34.0	0.04	91	309400	买盘
14:21:54	33.96	--	8	27168	卖盘
14:21:51	33.96	0.02	1	3396	买盘
14:21:42	33.94	--	59	200246	卖盘
14:21:24	33.94	--	7	23758	卖盘
14:21:15	33.94	--	1	3394	卖盘
14:20:54	33.94	-0.01	8	27152	卖盘
14:20:51	33.95	0.01	4	13580	买盘
14:20:48	33.94	0.01	3	10182	中性盘
14:20:24	33.93	-0.02	8	27144	卖盘
14:20:21	33.95	0.01	10	33950	买盘
14:20:18	33.94	-0.03	2	6788	卖盘
14:19:27	33.97	-0.02	3	10191	中性盘
14:19:15	33.99	--	5	16995	卖盘
14:19:12	33.99	--	27	91773	买盘
14:19:03	33.99	0.05	12	40788	买盘
14:19:00	33.94	-0.05	2	6788	卖盘
14:18:42	33.99	-0.01	5	16995	买盘
14:18:33	34.0	0.01	100	340000	买盘
14:18:12	33.99	--	3	10197	卖盘
14:17:54	33.99	--	7	23793	卖盘
14:17:48	33.99	0.06	90	305910	买盘
14:17:30	33.93	0.03	20	67860	买盘
14:17:15	33.9	--	1	3390	卖盘
14:16:57	33.9	0.04	2	6780	中性盘
14:16:42	33.86	--	20	67720	卖盘
14:16:18	33.86	-0.01	166	562076	卖盘
14:15:54	33.87	-0.12	20	67740	卖盘
14:15:45	33.99	0.11	3	10197	买盘
14:15:27	33.88	-0.12	20	67760	卖盘
14:15:24	34.0	--	39	132600	卖盘
14:15:21	34.0	0.07	61	207400	买盘
14:15:18	33.93	--	4	13572	卖盘
14:15:15	33.93	--	1	3393	买盘
14:14:57	33.93	0.06	1	3393	买盘
14:14:48	33.87	-0.07	70	237089	卖盘
14:14:39	33.94	-0.08	6	20364	卖盘
14:14:24	34.02	0.01	3	10206	买盘
14:14:21	34.01	--	2	8502	卖盘
14:14:18	34.01	--	3	10203	卖盘
14:14:06	34.01	--	1	3401	卖盘
14:14:03	34.01	0.02	12	42512	买盘
14:13:57	33.99	-0.02	1	3399	中性盘
14:13:48	34.01	--	6	22106	卖盘
14:13:42	34.01	--	6	20406	卖盘
14:13:33	34.01	-0.01	5	17005	卖盘
14:13:30	34.02	0.01	3	10206	买盘
14:13:24	34.01	--	10	34010	卖盘
14:13:18	34.01	--	18	61218	卖盘
14:13:15	34.01	0.01	79	270379	买盘
14:13:12	34.0	--	10	34000	买盘
14:13:00	34.0	--	1	3400	买盘
14:12:57	34.0	-0.01	60	205700	卖盘
14:12:48	34.01	-0.03	4	13604	卖盘
14:12:27	34.04	0.01	5	17020	买盘
14:12:24	34.03	-0.01	56	190568	卖盘
14:12:21	34.04	-0.01	60	204240	卖盘
14:12:15	34.05	0.01	3	10215	中性盘
14:12:09	34.04	-0.01	138	469752	卖盘
14:12:06	34.05	--	15	51074	卖盘
14:12:03	34.05	--	3	10215	卖盘
14:12:00	34.05	--	3	10215	卖盘
14:11:54	34.05	0.01	8	27239	中性盘
14:11:48	34.04	-0.01	26	88504	卖盘
14:11:42	34.05	--	5	17025	卖盘
14:11:39	34.05	0.01	44	149820	买盘
14:11:36	34.04	--	15	51060	卖盘
14:11:33	34.04	--	3	10212	卖盘
14:11:30	34.04	--	8	27232	卖盘
14:11:27	34.04	--	25	85100	卖盘
14:11:24	34.04	--	127	432308	买盘
14:11:18	34.04	0.01	200	680800	买盘
14:11:15	34.03	-0.01	5	17015	卖盘
14:11:09	34.04	--	15	51060	买盘
14:11:03	34.04	--	161	548044	卖盘
14:11:00	34.04	-0.01	31	105524	卖盘
14:10:57	34.05	0.01	3	10215	买盘
14:10:54	34.04	-0.01	8	27232	卖盘
14:10:48	34.05	-0.01	4	13619	卖盘
14:10:42	34.06	-0.01	6	20436	中性盘
14:10:33	34.07	--	30	102210	买盘
14:10:30	34.07	--	10	34070	买盘
14:10:27	34.07	--	3	10221	买盘
14:10:18	34.07	--	2	6814	卖盘
14:10:09	34.07	--	2	6814	卖盘
14:10:06	34.07	-0.02	2	6814	中性盘
14:10:03	34.09	0.08	50	170450	买盘
14:09:54	34.01	-0.07	12	40812	中性盘
14:09:36	34.08	0.08	45	153360	买盘
14:09:27	34.0	--	5	17000	卖盘
14:09:24	34.0	--	59	202300	买盘
14:09:09	34.0	0.01	300	1020000	买盘
14:08:48	33.99	-0.01	10	33990	中性盘
14:08:30	34.0	0.02	27	91800	买盘
14:08:27	33.98	-0.02	6	20387	中性盘
14:08:15	34.0	--	2	6800	买盘
14:08:09	34.0	-0.04	6	22100	卖盘
14:08:03	34.04	0.04	0	1702	买盘
14:07:57	34.0	-0.02	37	125800	卖盘
14:07:54	34.02	0.02	20	68040	买盘
14:07:48	34.0	--	5	17000	卖盘
14:07:45	34.0	--	3	10200	卖盘
14:07:39	34.0	0.07	34	115600	买盘
14:07:27	33.93	--	16	54288	买盘
14:07:15	33.93	--	3	10179	买盘
14:07:09	33.93	0.12	10	33930	中性盘
14:07:00	33.81	--	6	20286	买盘
14:06:54	33.81	-0.19	84	284004	卖盘
14:06:51	34.0	0.01	134	455600	买盘
14:06:48	33.99	0.09	24	81576	买盘
14:06:42	33.9	--	2	6780	卖盘
14:06:39	33.9	-0.07	75	254250	卖盘
14:06:36	33.97	0.07	47	159659	买盘
14:06:33	33.9	--	5	16950	卖盘
14:06:24	33.9	-0.07	8	27120	卖盘
14:06:18	33.97	0.04	100	339700	买盘
14:06:00	33.93	0.01	11	37323	买盘
14:05:54	33.92	--	13	44096	卖盘
14:05:45	33.92	0.02	31	105152	买盘
14:05:24	33.9	--	8	27120	卖盘
14:05:15	33.9	0.04	39	132210	买盘
14:04:54	33.86	-0.02	6	20316	卖盘
14:04:51	33.88	-0.04	6	20328	中性盘
14:04:24	33.92	0.06	13	44096	买盘
14:04:21	33.86	-0.06	30	101580	卖盘
14:04:00	33.92	0.02	7	23744	买盘
14:03:54	33.9	--	5	16950	卖盘
14:03:45	33.9	--	3	10170	卖盘
14:03:39	33.9	--	5	16950	卖盘
14:03:30	33.9	--	9	30510	卖盘
14:03:24	33.9	-0.04	14	47460	卖盘
14:03:21	33.94	0.04	120	407280	买盘
14:03:15	33.9	--	15	50850	卖盘
14:03:12	33.9	--	10	33900	卖盘
14:03:06	33.9	--	5	16950	卖盘
14:03:03	33.9	0.04	37	125430	买盘
14:02:54	33.86	0.06	16	54176	买盘
14:02:48	33.8	-0.01	3	10140	卖盘
14:02:45	33.81	-0.01	4	13524	中性盘
14:02:39	33.82	--	2	6764	买盘
14:02:30	33.82	--	4	13528	中性盘
14:01:57	33.82	--	3	10146	卖盘
14:01:39	33.82	0.02	44	148808	买盘
14:01:36	33.8	--	21	70980	卖盘
14:01:24	33.8	-0.02	7	23659	卖盘
14:01:18	33.82	-0.01	1	3382	买盘
14:01:15	33.83	-0.07	81	274023	卖盘
14:01:12	33.9	-0.02	4	13560	卖盘
14:01:09	33.92	0.02	1	3392	买盘
14:01:06	33.9	--	6	20340	卖盘
14:00:54	33.9	-0.02	38	128820	卖盘
14:00:48	33.92	0.02	26	88192	买盘
14:00:45	33.9	--	12	40680	卖盘
14:00:30	33.9	--	6	20340	卖盘
14:00:27	33.9	--	49	166110	买盘
14:00:21	33.9	0.08	1	3390	买盘
14:00:15	33.82	-0.08	10	33820	卖盘
14:00:12	33.9	--	15	50850	买盘
14:00:03	33.9	0.01	6	20340	买盘
14:00:00	33.89	0.06	2	6778	中性盘
13:59:57	33.83	-0.1	5	16915	卖盘
13:59:45	33.93	0.01	10	33930	买盘
13:59:42	33.92	0.03	8	27136	买盘
13:59:39	33.89	-0.04	1	3389	卖盘
13:59:24	33.93	--	1	3393	卖盘
13:59:21	33.93	-0.02	12	40716	卖盘
13:59:18	33.95	0.02	15	50925	买盘
13:59:15	33.93	--	11	37323	卖盘
13:59:12	33.93	--	35	118755	卖盘
13:59:00	33.93	0.01	27	91611	卖盘
13:58:57	33.92	-0.01	24	81408	卖盘
13:58:54	33.93	--	13	44109	买盘
13:58:51	33.93	0.01	2	6786	买盘
13:58:48	33.92	--	20	67840	卖盘
13:58:45	33.92	--	16	54272	卖盘
13:58:39	33.92	--	9	30528	买盘
13:58:36	33.92	0.03	20	67840	买盘
13:58:24	33.89	0.14	53	179617	买盘
13:58:09	33.75	0.03	66	222750	买盘
13:58:06	33.72	0.02	10	33720	买盘
13:58:03	33.7	--	2	6740	卖盘
13:57:54	33.7	--	9	30330	卖盘
13:57:48	33.7	0.03	70	235900	买盘
13:57:24	33.67	--	8	26936	卖盘
13:57:15	33.67	--	1	3367	卖盘
13:56:54	33.67	--	16	53872	卖盘
13:56:48	33.67	0.01	18	60606	买盘
13:56:45	33.66	--	32	107711	卖盘
13:56:42	33.66	0.05	13	43757	买盘
13:56:33	33.61	--	5	16805	买盘
13:56:24	33.61	0.01	3	10083	中性盘
13:56:00	33.6	-0.05	1	3360	卖盘
13:55:30	33.65	--	6	20190	卖盘
13:55:24	33.65	-0.02	8	26920	卖盘
13:54:54	33.67	-0.02	1	3367	中性盘
13:54:39	33.69	--	5	16845	买盘
13:54:30	33.69	0.01	10	33690	买盘
13:54:24	33.68	--	1	3368	卖盘
13:54:06	33.68	0.03	26	87568	买盘
13:54:00	33.65	-0.02	7	23555	中性盘
13:53:42	33.67	0.01	4	13468	买盘
13:53:39	33.66	--	2	6731	买盘
13:53:36	33.66	0.01	5	16830	买盘
13:53:24	33.65	--	8	26920	卖盘
13:53:21	33.65	0.01	26	88432	买盘
13:52:54	33.64	--	11	37004	买盘
13:52:42	33.64	0.02	2	6728	买盘
13:52:30	33.62	0.02	50	168100	买盘
13:52:24	33.6	--	8	26880	卖盘
13:51:54	33.6	--	8	26880	卖盘
13:51:39	33.6	0.02	2	6720	买盘
13:51:30	33.58	0.01	7	23506	买盘
13:51:27	33.57	-0.05	1	3357	卖盘
13:51:06	33.62	--	13	43706	卖盘
13:51:03	33.62	0.04	40	134480	买盘
13:50:54	33.58	--	8	26864	卖盘
13:50:42	33.58	--	2	6716	卖盘
13:50:30	33.58	0.02	18	60444	买盘
13:50:24	33.56	--	8	26848	卖盘
13:50:09	33.56	--	3	10068	卖盘
13:50:03	33.56	0.01	11	36916	买盘
13:49:54	33.55	-0.06	3	10065	卖盘
13:48:42	33.61	0.05	33	110913	买盘
13:48:39	33.56	--	1	3356	买盘
13:48:36	33.56	0.02	3	10068	买盘
13:48:27	33.54	-0.02	6	20124	中性盘
13:48:18	33.56	--	5	16780	中性盘
13:47:39	33.56	--	6	20136	买盘
13:47:36	33.56	0.04	2	6712	买盘
13:47:30	33.52	-0.06	33	110616	卖盘
13:46:57	33.58	--	4	13432	买盘
13:46:48	33.58	-0.03	5	16790	卖盘
13:46:30	33.61	0.03	4	13444	买盘
13:46:24	33.58	-0.02	8	26864	卖盘
13:46:18	33.6	--	5	16800	买盘
13:46:03	33.6	0.02	5	16800	买盘
13:46:00	33.58	--	4	13432	卖盘
13:45:54	33.58	--	8	26864	卖盘
13:45:48	33.58	--	7	23506	卖盘
13:45:42	33.58	-0.02	3	10074	卖盘
13:45:36	33.6	0.02	6	20160	买盘
13:45:24	33.58	-0.04	4	13432	卖盘
13:44:57	33.62	-0.02	8	26895	中性盘
13:44:06	33.64	0.04	6	20184	买盘
13:44:03	33.6	--	3	10080	卖盘
13:43:54	33.6	-0.02	8	26880	卖盘
13:43:36	33.62	--	2	6723	买盘
13:43:27	33.62	0.02	4	13447	中性盘
13:43:15	33.6	--	1	3360	卖盘
13:43:09	33.6	--	10	33600	卖盘
13:43:06	33.6	-0.04	5	16800	卖盘
13:43:03	33.64	-0.01	5	16820	买盘
13:42:54	33.65	--	3	10095	卖盘
13:42:42	33.65	-0.01	1	3365	卖盘
13:42:30	33.66	0.06	13	43757	买盘
13:42:21	33.6	-0.05	3	10080	卖盘
13:42:00	33.65	-0.01	5	16825	买盘
13:41:54	33.66	--	3	10097	卖盘
13:41:51	33.66	--	5	16830	卖盘
13:41:48	33.66	--	7	23561	卖盘
13:41:36	33.66	--	10	33660	卖盘
13:41:30	33.66	--	10	33660	卖盘
13:41:24	33.66	--	7	23561	卖盘
13:41:18	33.66	--	4	13463	买盘
13:41:00	33.66	-0.02	5	16830	中性盘
13:40:51	33.68	--	10	33680	买盘
13:40:30	33.68	--	21	70728	买盘
13:40:18	33.68	--	5	16840	卖盘
13:39:54	33.68	--	8	26944	卖盘
13:39:51	33.68	0.1	41	138088	买盘
13:39:42	33.58	-0.05	101	339158	卖盘
13:39:30	33.63	-0.02	2	6726	中性盘
13:39:18	33.65	0.03	5	16825	买盘
13:39:15	33.62	--	1	3361	卖盘
13:39:09	33.62	--	10	33620	卖盘
13:39:03	33.62	-0.01	21	70602	卖盘
13:38:54	33.63	-0.02	8	26904	卖盘
13:38:39	33.65	0.02	1	3365	买盘
13:38:21	33.63	--	15	50445	卖盘
13:38:12	33.63	0.01	7	23541	中性盘
13:37:48	33.62	-0.03	2	6723	卖盘
13:37:36	33.65	0.03	6	20190	买盘
13:37:30	33.62	0.02	7	23534	买盘
13:37:24	33.6	-0.06	2	6720	中性盘
13:37:00	33.66	0.03	6	20195	买盘
13:36:51	33.63	-0.01	5	16815	中性盘
13:36:24	33.64	-0.01	5	16820	买盘
13:36:21	33.65	--	2	6730	卖盘
13:36:18	33.65	--	7	23555	卖盘
13:36:15	33.65	0.04	41	137965	买盘
13:36:00	33.61	-0.02	1	3361	卖盘
13:35:51	33.63	--	12	40356	买盘
13:35:48	33.63	0.02	3	10089	买盘
13:35:42	33.61	--	13	43693	买盘
13:35:27	33.61	--	4	13444	买盘
13:35:18	33.61	--	1	3361	卖盘
13:35:15	33.61	0.03	4	13444	买盘
13:35:12	33.58	-0.03	50	167900	卖盘
13:35:00	33.61	0.02	9	30249	买盘
13:34:51	33.59	-0.04	3	10077	中性盘
13:34:03	33.63	0.05	10	33630	买盘
13:33:51	33.58	--	4	13432	卖盘
13:33:42	33.58	--	1	3358	卖盘
13:33:39	33.58	-0.08	2	6716	卖盘
13:33:30	33.66	0.08	5	16830	买盘
13:33:21	33.58	0.01	9	30222	买盘
13:33:15	33.57	--	1	3357	卖盘
13:33:06	33.57	--	18	60426	买盘
13:33:00	33.57	--	4	13428	买盘
13:32:54	33.57	0.01	66	221562	买盘
13:32:51	33.56	-0.01	2	6712	中性盘
13:32:33	33.57	0.03	5	16785	买盘
13:32:21	33.54	-0.02	8	26832	卖盘
13:32:00	33.56	0.02	9	30204	买盘
13:31:54	33.54	--	4	13416	买盘
13:31:51	33.54	--	4	13416	卖盘
13:31:21	33.54	--	7	23478	卖盘
13:31:18	33.54	--	7	23478	卖盘
13:31:15	33.54	-0.03	1	3354	卖盘
13:31:03	33.57	--	5	16785	买盘
13:31:00	33.57	0.02	3	10071	买盘
13:30:51	33.55	-0.01	6	20130	卖盘
13:30:36	33.56	--	2	6712	买盘
13:30:30	33.56	0.01	5	16780	买盘
13:30:21	33.55	-0.02	12	40260	卖盘
13:30:09	33.57	--	3	10071	买盘
13:30:00	33.57	0.01	5	16785	中性盘
13:29:51	33.56	-0.02	12	40272	卖盘
13:29:24	33.58	--	1	3358	买盘
13:29:21	33.58	-0.02	2	6716	卖盘
13:29:18	33.6	0.02	2	6720	买盘
13:29:15	33.58	-0.02	5	16790	卖盘
13:28:57	33.6	--	8	26880	买盘
13:28:51	33.6	--	10	33600	买盘
13:28:45	33.6	--	2	6720	买盘
13:28:36	33.6	0.03	5	16800	买盘
13:28:30	33.57	-0.03	8	26856	卖盘
13:28:27	33.6	--	7	23520	买盘
13:28:24	33.6	--	50	168000	买盘
13:28:09	33.6	0.02	6	20160	买盘
13:28:03	33.58	--	18	60444	卖盘
13:28:00	33.58	0.01	7	23506	买盘
13:27:57	33.57	--	4	13428	卖盘
13:27:45	33.57	-0.01	4	13428	卖盘
13:27:30	33.58	--	3	10074	买盘
13:27:27	33.58	0.02	5	16790	中性盘
13:27:15	33.56	--	1	3356	卖盘
13:27:09	33.56	--	1	3356	买盘
13:27:00	33.56	0.01	4	13424	买盘
13:26:54	33.55	-0.01	5	16775	买盘
13:26:51	33.56	--	2	6712	卖盘
13:26:48	33.56	-0.01	12	40272	卖盘
13:26:36	33.57	-0.01	7	23499	卖盘
13:26:30	33.58	--	2	6716	买盘
13:26:24	33.58	-0.02	5	16790	中性盘
13:26:12	33.6	--	2	6720	买盘
13:26:03	33.6	-0.07	6	20160	卖盘
13:26:00	33.67	0.07	5	16835	买盘
13:25:51	33.6	-0.02	8	26880	卖盘
13:25:30	33.62	0.02	6	20172	买盘
13:25:21	33.6	-0.06	8	26880	卖盘
13:24:48	33.66	0.02	6	20195	买盘
13:24:42	33.64	0.04	8	26912	买盘
13:24:39	33.6	-0.03	10	33600	卖盘
13:24:18	33.63	0.01	12	40356	卖盘
13:24:12	33.62	0.01	11	36982	买盘
13:24:06	33.61	-0.05	4	13444	卖盘
13:23:30	33.66	0.02	9	30293	买盘
13:23:21	33.64	-0.04	12	40368	卖盘
13:22:45	33.68	0.03	5	16840	买盘
13:22:36	33.65	0.01	4	13460	买盘
13:22:21	33.64	0.03	8	26912	卖盘
13:22:18	33.61	-0.02	1	3361	卖盘
13:22:15	33.63	0.02	8	26904	买盘
13:22:03	33.61	-0.06	1	3361	卖盘
13:21:33	33.67	--	1	3367	卖盘
13:21:27	33.67	0.06	52	175084	买盘
13:21:15	33.61	--	1	3361	卖盘
13:21:06	33.61	-0.05	4	13444	卖盘
13:20:54	33.66	--	3	10097	卖盘
13:20:51	33.66	-0.01	15	50489	卖盘
13:20:42	33.67	0.01	7	23569	买盘
13:20:21	33.66	--	17	57221	买盘
13:20:09	33.66	--	2	6731	买盘
13:20:06	33.66	0.09	12	40391	买盘
13:20:03	33.57	-0.08	10	33570	卖盘
13:19:51	33.65	-0.01	6	20190	卖盘
13:19:45	33.66	0.09	17	57221	买盘
13:19:39	33.57	-0.05	10	33570	中性盘
13:19:36	33.62	-0.03	10	33620	卖盘
13:19:30	33.65	0.08	30	100950	买盘
13:19:21	33.57	-0.04	6	20142	卖盘
13:18:33	33.61	0.03	6	20166	买盘
13:18:21	33.58	-0.02	7	23506	卖盘
13:18:18	33.6	--	3	10080	买盘
13:18:06	33.6	0.01	1	3360	买盘
13:18:00	33.59	-0.01	3	10077	买盘
13:17:51	33.6	--	4	13440	卖盘
13:17:36	33.6	-0.03	3	10080	中性盘
13:17:09	33.63	0.05	4	13452	买盘
13:17:00	33.58	-0.05	7	23506	中性盘
13:16:51	33.63	0.05	6	20178	卖盘
13:16:42	33.58	--	1	3358	买盘
13:16:33	33.58	0.03	10	33580	买盘
13:16:30	33.55	-0.1	2	6709	中性盘
13:16:18	33.65	0.07	3	10095	买盘
13:16:15	33.58	--	2	6716	卖盘
13:16:06	33.58	-0.02	8	26864	中性盘
13:15:48	33.6	0.02	1	3360	买盘
13:15:39	33.58	--	3	10074	卖盘
13:15:36	33.58	0.06	22	73876	买盘
13:15:24	33.52	0.01	3	10056	买盘
13:15:21	33.51	--	8	26808	卖盘
13:15:15	33.51	--	1	3351	卖盘
13:14:57	33.51	0.01	2	6702	买盘
13:14:51	33.5	-0.01	7	23450	卖盘
13:14:42	33.51	--	3	10053	买盘
13:14:39	33.51	--	1	3351	买盘
13:14:24	33.51	-0.01	2	6702	中性盘
13:14:18	33.52	--	7	23464	卖盘
13:14:06	33.52	0.02	1	3352	买盘
13:13:51	33.5	-0.01	8	26800	卖盘
13:13:21	33.51	-0.01	8	26808	卖盘
13:13:09	33.52	--	7	23464	买盘
13:12:54	33.52	0.02	52	174304	买盘
13:12:51	33.5	--	8	26800	卖盘
13:12:36	33.5	--	5	16750	买盘
13:12:21	33.5	--	3	10050	卖盘
13:11:51	33.5	--	8	26800	卖盘
13:11:42	33.5	--	5	16750	卖盘
13:11:24	33.5	--	5	16750	卖盘
13:11:21	33.5	--	7	23450	卖盘
13:11:15	33.5	--	1	3350	卖盘
13:11:09	33.5	--	7	23450	卖盘
13:10:51	33.5	--	8	26800	卖盘
13:10:36	33.5	--	8	26800	卖盘
13:09:51	33.5	-0.01	8	26800	卖盘
13:09:39	33.51	0.01	9	30159	买盘
13:09:33	33.5	--	4	13400	卖盘
13:09:15	33.5	--	1	3350	卖盘
13:08:51	33.5	--	8	26800	卖盘
13:08:21	33.5	-0.01	8	26800	卖盘
13:08:18	33.51	0.01	4	13404	买盘
13:08:00	33.5	--	2	6700	卖盘
13:07:54	33.5	--	1	3350	卖盘
13:07:51	33.5	--	7	23450	卖盘
13:07:21	33.5	--	8	26800	卖盘
13:07:18	33.5	--	7	23450	卖盘
13:07:15	33.5	0.01	1	3350	卖盘
13:07:06	33.49	-0.01	7	23443	买盘
13:06:51	33.5	--	1	3350	卖盘
13:06:48	33.5	--	1	3350	卖盘
13:06:39	33.5	--	6	20100	卖盘
13:06:21	33.5	--	8	26800	卖盘
13:06:18	33.5	--	5	16750	卖盘
13:05:51	33.5	--	8	26800	卖盘
13:05:21	33.5	0.01	8	26800	卖盘
13:05:18	33.49	0.04	15	50235	买盘
13:05:15	33.45	--	1	3345	卖盘
13:04:27	33.45	-0.07	2	6690	卖盘
13:03:51	33.52	-0.01	2	6704	卖盘
13:03:42	33.53	--	2	6706	卖盘
13:03:24	33.53	-0.02	8	26824	中性盘
13:02:51	33.55	0.02	23	77165	买盘
13:02:45	33.53	-0.02	2	6706	卖盘
13:02:24	33.55	--	7	23484	卖盘
13:02:21	33.55	--	8	26839	卖盘
13:02:03	33.55	--	8	26839	卖盘
13:01:51	33.55	-0.01	8	26839	卖盘
13:01:48	33.56	0.01	4	13424	中性盘
13:01:15	33.55	-0.02	1	3354	卖盘
13:01:12	33.57	0.02	1	3357	买盘
13:00:51	33.55	-0.01	12	40260	卖盘
13:00:33	33.56	0.01	1	3356	买盘
13:00:18	33.55	--	7	23484	卖盘
13:00:09	33.55	--	3	10065	卖盘
13:00:06	33.55	0.01	78	261689	买盘
13:00:03	33.54	--	0	0	买盘
11:30:03	33.54	--	0	0	买盘
11:29:51	33.54	--	6	20124	买盘
11:29:45	33.54	0.01	4	13416	买盘
11:29:21	33.53	--	8	26824	卖盘
11:29:15	33.53	0.01	1	3353	卖盘
11:29:06	33.52	0.03	8	26816	中性盘
11:28:21	33.49	-0.05	7	23443	卖盘
11:28:18	33.54	0.04	30	100620	买盘
11:27:51	33.5	--	8	26800	卖盘
11:27:48	33.5	0.01	5	16750	买盘
11:27:45	33.49	--	2	6698	买盘
11:27:27	33.49	-0.01	6	20094	中性盘
11:27:18	33.5	-0.01	7	23450	卖盘
11:27:09	33.51	0.02	5	16755	买盘
11:27:03	33.49	0.07	8	26792	中性盘
11:26:36	33.42	--	30	100260	买盘
11:26:24	33.42	-0.08	37	123654	卖盘
11:26:21	33.5	--	8	26800	卖盘
11:26:15	33.5	0.05	26	87100	买盘
11:25:54	33.45	-0.05	1	3345	中性盘
11:25:18	33.5	--	2	6700	卖盘
11:25:15	33.5	--	1	3350	卖盘
11:25:09	33.5	--	9	30150	卖盘
11:25:06	33.5	0.08	33	110550	买盘
11:24:51	33.42	-0.06	1	3342	卖盘
11:24:36	33.48	0.06	10	33480	买盘
11:24:27	33.42	--	15	50130	买盘
11:24:21	33.42	-0.08	44	147048	卖盘
11:24:12	33.5	0.02	50	167500	买盘
11:23:51	33.48	--	8	26783	卖盘
11:23:42	33.48	--	2	6695	买盘
11:23:30	33.48	--	1	3347	卖盘
11:23:21	33.48	-0.02	14	46871	卖盘
11:23:06	33.5	--	8	26800	买盘
11:22:51	33.5	--	4	13400	卖盘
11:22:33	33.5	-0.03	5	16750	卖盘
11:22:12	33.53	-0.02	4	13412	中性盘
11:21:45	33.55	0.05	5	16775	买盘
11:21:33	33.5	--	22	73700	卖盘
11:21:30	33.5	0.02	6	20100	买盘
11:21:21	33.48	--	7	23435	卖盘
11:21:15	33.48	--	1	3347	卖盘
11:21:12	33.48	0.02	13	43523	买盘
11:21:06	33.46	0.03	3	10038	买盘
11:21:03	33.43	--	1	3343	卖盘
11:19:54	33.43	--	1	3343	卖盘
11:19:51	33.43	0.01	15	50145	买盘
11:19:36	33.42	0.03	10	33420	买盘
11:19:21	33.39	-0.02	7	23373	卖盘
11:19:18	33.41	0.01	2	6681	买盘
11:19:03	33.4	--	3	10020	卖盘
11:19:00	33.4	--	9	30060	卖盘
11:18:51	33.4	0.02	8	26720	买盘
11:18:27	33.38	-0.01	2	6676	中性盘
11:18:21	33.39	0.04	5	16695	中性盘
11:18:18	33.35	-0.09	5	16675	卖盘
11:18:09	33.44	-0.06	12	40128	卖盘
11:17:54	33.5	--	20	67000	买盘
11:17:51	33.5	--	16	53633	卖盘
11:17:48	33.5	-0.03	9	30150	卖盘
11:17:45	33.53	0.03	16	53648	买盘
11:17:42	33.5	-0.01	10	33500	卖盘
11:17:36	33.51	0.01	11	36861	买盘
11:17:33	33.5	--	16	53600	卖盘
11:17:30	33.5	--	19	63650	卖盘
11:17:27	33.5	--	8	26800	卖盘
11:17:21	33.5	-0.01	8	26800	卖盘
11:17:15	33.51	-0.05	2	6702	中性盘
11:17:03	33.56	0.03	12	40272	买盘
11:17:00	33.53	--	11	36883	卖盘
11:16:51	33.53	--	20	67060	买盘
11:16:45	33.53	0.02	11	36883	买盘
11:16:39	33.51	-0.02	8	26808	中性盘
11:16:33	33.53	-0.03	22	73766	买盘
11:16:21	33.56	0.03	7	23492	买盘
11:16:03	33.53	0.02	2	6706	买盘
11:15:51	33.51	0.01	8	26808	中性盘
11:15:39	33.5	0.06	33	113866	买盘
11:15:30	33.44	0.02	32	107008	买盘
11:15:21	33.42	0.04	24	80208	买盘
11:15:15	33.38	--	1	3338	卖盘
11:14:51	33.38	--	7	23366	中性盘
11:14:39	33.38	--	5	16690	买盘
11:14:30	33.38	0.03	3	10014	中性盘
11:14:09	33.35	-0.11	1	3335	卖盘
11:12:33	33.46	-0.02	3	10038	中性盘
11:12:09	33.48	--	11	36828	买盘
11:11:51	33.48	--	16	53567	买盘
11:11:39	33.48	--	3	10043	买盘
11:11:33	33.48	0.01	5	16740	买盘
11:11:27	33.47	-0.01	4	13388	买盘
11:11:21	33.48	--	1	3381	卖盘
11:11:15	33.48	--	11	36828	卖盘
11:10:51	33.48	--	8	26783	卖盘
11:10:45	33.48	0.12	79	267806	买盘
11:10:27	33.36	-0.05	3	10008	卖盘
11:10:09	33.41	-0.03	5	16705	中性盘
11:09:33	33.44	0.04	1	3344	中性盘
11:09:15	33.4	0.06	1	3340	中性盘
11:09:09	33.34	-0.15	3	10002	中性盘
11:08:36	33.49	0.12	20	66980	买盘
11:08:30	33.37	-0.11	1	3336	卖盘
11:08:27	33.48	0.02	20	66960	买盘
11:08:24	33.46	0.02	20	66920	买盘
11:08:15	33.44	-0.01	20	66880	中性盘
11:07:21	33.45	0.05	24	80280	买盘
11:07:00	33.4	0.07	100	334000	买盘
11:06:48	33.33	--	7	23331	卖盘
11:06:18	33.33	--	1	3333	卖盘
11:06:06	33.33	-0.06	20	66660	卖盘
11:05:54	33.39	0.01	15	50085	买盘
11:05:42	33.38	--	16	53408	买盘
11:05:36	33.38	--	7	23366	卖盘
11:05:21	33.38	--	8	26704	中性盘
11:05:15	33.38	--	1	3338	卖盘
11:04:57	33.38	0.02	6	20028	买盘
11:04:51	33.36	-0.02	2	6672	卖盘
11:04:48	33.38	--	3	10014	买盘
11:04:27	33.38	-0.02	4	13352	中性盘
11:03:51	33.4	-0.06	54	180360	中性盘
11:02:21	33.46	--	11	36806	买盘
11:02:18	33.46	--	2	6692	买盘
11:02:12	33.46	--	20	66920	中性盘
11:01:54	33.46	--	8	26768	卖盘
11:01:51	33.46	--	8	26768	卖盘
11:01:42	33.46	-0.02	4	13384	卖盘
11:01:39	33.48	0.02	25	83699	买盘
11:01:24	33.46	0.18	475	1589350	买盘
11:01:21	33.28	-0.02	4	13312	卖盘
11:01:12	33.3	--	20	66600	买盘
11:01:00	33.3	--	4	13319	卖盘
11:00:51	33.3	--	8	26639	卖盘
11:00:42	33.3	--	8	26639	买盘
11:00:33	33.3	0.03	30	99899	买盘
11:00:09	33.27	-0.02	3	9981	卖盘
11:00:00	33.29	--	2	6658	卖盘
10:59:51	33.29	--	8	26632	卖盘
10:59:30	33.29	--	1	3329	卖盘
10:59:21	33.29	--	8	26632	卖盘
10:59:18	33.29	0.03	10	33290	买盘
10:59:15	33.26	--	1	3326	卖盘
10:58:54	33.26	--	2	6652	卖盘
10:58:51	33.26	--	8	26608	卖盘
10:58:48	33.26	0.01	1	3326	中性盘
10:58:00	33.25	0.02	13	44056	买盘
10:57:51	33.23	--	6	22430	卖盘
10:57:42	33.23	-0.04	3	9968	卖盘
10:57:21	33.27	--	1	3327	卖盘
10:57:15	33.27	0.04	9	29943	中性盘
10:56:48	33.23	-0.06	7	23260	卖盘
10:56:42	33.29	--	2	6658	卖盘
10:56:36	33.29	0.01	4	13316	中性盘
10:56:24	33.28	--	5	16640	买盘
10:56:21	33.28	-0.02	5	16640	中性盘
10:56:09	33.3	0.04	9	29969	买盘
10:56:06	33.26	-0.04	5	16630	卖盘
10:55:51	33.3	--	7	23309	卖盘
10:55:30	33.3	--	3	9990	卖盘
10:55:24	33.3	0.06	24	79920	买盘
10:55:21	33.24	--	4	13296	卖盘
10:55:15	33.24	0.01	1	3324	中性盘
10:54:45	33.23	-0.03	44	146212	卖盘
10:54:21	33.26	--	8	26608	卖盘
10:54:12	33.26	--	20	66520	卖盘
10:53:51	33.26	--	8	26608	卖盘
10:53:27	33.26	0.03	15	49890	买盘
10:53:15	33.23	--	1	3322	卖盘
10:52:51	33.23	-0.01	8	26583	卖盘
10:52:45	33.24	--	7	23268	买盘
10:52:36	33.24	--	7	23268	买盘
10:52:30	33.24	--	1	3324	卖盘
10:52:21	33.24	--	8	26592	卖盘
10:52:18	33.24	0.01	4	13296	中性盘
10:51:24	33.23	--	1	3322	卖盘
10:51:21	33.23	--	8	26583	卖盘
10:51:15	33.23	--	3	9968	卖盘
10:51:09	33.23	-0.02	3	9968	卖盘
10:50:57	33.25	0.01	46	152950	买盘
10:50:51	33.24	-0.01	8	26592	卖盘
10:50:33	33.25	-0.03	2	6650	买盘
10:50:18	33.28	-0.02	41	136448	卖盘
10:50:09	33.3	0.01	1	3329	买盘
10:49:54	33.29	0.01	10	33290	买盘
10:49:51	33.28	--	8	26624	卖盘
10:49:24	33.28	0.02	35	116480	买盘
10:49:21	33.26	-0.02	1	3326	中性盘
10:49:00	33.28	0.02	21	69888	买盘
10:48:51	33.26	0.02	2	6652	中性盘
10:48:21	33.24	-0.02	9	29916	卖盘
10:48:15	33.26	--	7	23282	买盘
10:47:51	33.26	0.03	1	3326	中性盘
10:47:42	33.23	-0.03	44	146212	卖盘
10:47:33	33.26	0.01	17	56542	买盘
10:47:27	33.25	0.01	15	49875	中性盘
10:47:21	33.24	0.01	8	26592	卖盘
10:47:18	33.23	-0.02	15	49844	卖盘
10:47:15	33.25	0.01	1	3325	中性盘
10:46:51	33.24	--	8	26592	卖盘
10:46:30	33.24	-0.02	8	26592	卖盘
10:46:21	33.26	--	3	9978	卖盘
10:46:09	33.26	0.02	10	33260	中性盘
10:45:51	33.24	-0.01	9	29916	卖盘
10:45:48	33.25	-0.01	47	156275	卖盘
10:45:45	33.26	--	9	29934	买盘
10:45:39	33.26	0.01	3	9978	买盘
10:45:36	33.25	-0.01	5	16625	卖盘
10:45:33	33.26	--	7	23282	买盘
10:45:21	33.26	--	2	6652	卖盘
10:45:15	33.26	--	4	13304	卖盘
10:45:00	33.26	0.01	24	79824	买盘
10:44:51	33.25	-0.01	7	23275	卖盘
10:44:48	33.26	--	5	16630	买盘
10:44:45	33.26	--	13	43238	买盘
10:44:36	33.26	0.01	2	6652	买盘
10:44:33	33.25	-0.01	21	69825	卖盘
10:44:27	33.26	--	1	3326	买盘
10:44:21	33.26	--	3	9978	卖盘
10:44:06	33.26	-0.03	7	23282	卖盘
10:43:45	33.29	--	1	3329	卖盘
10:43:42	33.29	-0.01	4	13316	卖盘
10:43:24	33.3	-0.02	32	106559	卖盘
10:43:21	33.32	-0.01	9	29988	卖盘
10:43:09	33.33	--	3	9999	卖盘
10:42:54	33.33	-0.03	2	6666	中性盘
10:42:30	33.36	-0.02	3	10008	买盘
10:42:21	33.38	--	1	3338	卖盘
10:42:18	33.38	--	25	83450	买盘
10:42:12	33.38	0.06	10	33380	买盘
10:42:09	33.32	-0.06	2	6664	卖盘
10:42:06	33.38	--	16	53408	卖盘
10:41:51	33.38	--	7	23366	卖盘
10:41:42	33.38	--	3	10014	卖盘
10:41:39	33.38	--	5	16690	卖盘
10:41:24	33.38	0.01	8	26704	中性盘
10:41:15	33.37	--	1	3336	卖盘
10:41:12	33.37	--	63	210230	买盘
10:41:06	33.37	--	1	3336	买盘
10:40:48	33.37	--	14	46718	卖盘
10:40:45	33.37	--	1	3336	卖盘
10:40:18	33.37	-0.03	15	50054	卖盘
10:40:09	33.4	-0.02	4	13360	卖盘
10:40:03	33.42	0.02	8	26736	中性盘
10:39:48	33.4	-0.01	9	30060	卖盘
10:39:36	33.41	--	6	20045	买盘
10:39:33	33.41	0.01	3	10022	买盘
10:39:30	33.4	--	18	60120	卖盘
10:39:21	33.4	--	9	30060	卖盘
10:39:18	33.4	--	2	6680	卖盘
10:39:15	33.4	0.03	17	56780	买盘
10:38:54	33.37	--	1	3336	买盘
10:38:51	33.37	0.02	15	50054	买盘
10:38:36	33.35	--	2	6670	买盘
10:38:21	33.35	--	6	20010	卖盘
10:37:54	33.35	0.07	34	113390	买盘
10:37:51	33.28	-0.01	11	36608	卖盘
10:37:42	33.29	0.01	14	46606	买盘
10:37:39	33.28	0.02	20	66560	买盘
10:37:30	33.26	--	1	3326	卖盘
10:37:21	33.26	-0.03	8	26608	卖盘
10:37:03	33.29	0.04	5	16645	中性盘
10:36:39	33.25	--	1	3325	买盘
10:36:30	33.25	0.01	2	6650	买盘
10:36:27	33.24	-0.01	1	3324	卖盘
10:36:24	33.25	-0.05	67	222775	卖盘
10:36:21	33.3	--	2	6659	买盘
10:36:18	33.3	-0.03	5	16650	卖盘
10:36:15	33.33	0.01	1	3333	买盘
10:35:51	33.32	0.02	20	66640	买盘
10:35:36	33.3	0.04	5	16650	买盘
10:35:24	33.26	0.02	7	23282	买盘
10:35:21	33.24	0.01	8	26592	买盘
10:35:18	33.23	--	2	6645	卖盘
10:35:15	33.23	--	1	3322	卖盘
10:35:09	33.23	--	8	27414	买盘
10:35:06	33.23	--	1	3322	买盘
10:34:48	33.23	-0.05	17	56490	卖盘
10:34:33	33.28	0.03	1	3328	买盘
10:34:24	33.25	0.01	4	13300	买盘
10:34:18	33.24	-0.01	28	93072	卖盘
10:34:15	33.25	--	10	33250	买盘
10:33:57	33.25	-0.05	9	29925	卖盘
10:33:54	33.3	0.02	1	3329	买盘
10:33:51	33.28	0.02	27	89856	买盘
10:33:48	33.26	-0.02	8	26608	卖盘
10:33:42	33.28	--	1	3328	中性盘
10:33:18	33.28	-0.02	8	26624	卖盘
10:33:09	33.3	0.02	4	13319	买盘
10:32:48	33.28	--	8	26624	卖盘
10:32:36	33.28	-0.02	3	9984	卖盘
10:32:24	33.3	0.02	3	9990	买盘
10:32:18	33.28	0.01	8	26624	卖盘
10:32:03	33.27	--	26	86502	买盘
10:32:00	33.27	-0.01	41	136407	卖盘
10:31:57	33.28	--	6	19968	买盘
10:31:54	33.28	0.01	1	3328	中性盘
10:31:45	33.27	--	1	3327	卖盘
10:31:30	33.27	0.01	19	63213	买盘
10:31:18	33.26	--	11	36586	卖盘
10:31:15	33.26	-0.01	10	33260	卖盘
10:31:00	33.27	-0.03	62	206274	卖盘
10:30:51	33.3	--	5	16650	卖盘
10:30:48	33.3	-0.01	8	26639	卖盘
10:30:39	33.31	--	16	53296	卖盘
10:30:18	33.31	--	8	26648	卖盘
10:29:48	33.31	-0.01	8	26648	卖盘
10:29:30	33.32	0.02	7	23324	买盘
10:29:18	33.3	-0.01	8	26639	卖盘
10:29:15	33.31	--	1	3331	卖盘
10:29:12	33.31	--	3	9993	卖盘
10:28:48	33.31	-0.01	8	26648	卖盘
10:28:33	33.32	--	2	6664	买盘
10:28:27	33.32	--	2	6664	卖盘
10:28:18	33.32	--	12	39984	卖盘
10:28:00	33.32	-0.01	2	6664	卖盘
10:27:48	33.33	-0.02	1	3333	卖盘
10:27:42	33.35	--	3	10005	卖盘
10:27:24	33.35	--	1	3335	卖盘
10:27:18	33.35	--	8	26680	卖盘
10:27:15	33.35	--	1	3335	卖盘
10:27:09	33.35	--	4	13340	卖盘
10:27:03	33.35	--	1	3335	买盘
10:26:45	33.35	--	3	10005	卖盘
10:26:24	33.35	0.02	7	23345	买盘
10:26:18	33.33	-0.02	15	49995	卖盘
10:25:57	33.35	0.01	6	20010	买盘
10:25:48	33.34	0.01	8	26672	中性盘
10:25:24	33.33	--	5	16665	买盘
10:25:18	33.33	--	3	9999	卖盘
10:25:15	33.33	--	1	3333	卖盘
10:25:09	33.33	-0.02	2	6666	卖盘
10:25:06	33.35	--	4	13340	卖盘
10:24:51	33.35	-0.05	1	3335	卖盘
10:24:42	33.4	--	5	16700	卖盘
10:24:27	33.4	--	4	13360	卖盘
10:24:18	33.4	--	13	43420	卖盘
10:24:09	33.4	--	3	10020	卖盘
10:24:00	33.4	-0.03	4	13360	卖盘
10:23:30	33.43	--	7	23401	卖盘
10:23:27	33.43	--	10	33430	卖盘
10:23:24	33.43	--	5	16715	卖盘
10:23:18	33.43	-0.01	8	26744	中性盘
10:23:09	33.44	--	13	43472	买盘
10:22:57	33.44	0.02	30	100320	买盘
10:22:48	33.42	-0.02	8	26736	卖盘
10:22:39	33.44	--	7	23408	买盘
10:22:36	33.44	-0.02	5	16720	买盘
10:22:18	33.46	--	31	103726	买盘
10:22:12	33.46	--	17	56882	卖盘
10:22:06	33.46	-0.01	22	73612	卖盘
10:21:54	33.47	0.01	1	3347	买盘
10:21:48	33.46	--	7	23422	卖盘
10:21:42	33.46	0.04	55	184030	买盘
10:21:21	33.42	--	1	3342	中性盘
10:21:15	33.42	--	1	3342	卖盘
10:21:09	33.42	--	4	13368	卖盘
10:21:06	33.42	0.11	5	16710	买盘
10:20:48	33.31	-0.11	8	26648	卖盘
10:20:42	33.42	0.09	26	86892	买盘
10:20:39	33.33	--	4	13332	买盘
10:20:33	33.33	0.03	4	13332	中性盘
10:20:00	33.3	-0.05	100	333000	卖盘
10:19:57	33.35	0.02	13	43355	买盘
10:19:48	33.33	--	8	26664	卖盘
10:19:45	33.33	0.05	61	203313	买盘
10:19:42	33.28	-0.02	5	16640	卖盘
10:19:39	33.3	--	3	9990	买盘
10:19:36	33.3	-0.03	2	6659	中性盘
10:19:21	33.33	0.05	10	33330	买盘
10:19:15	33.28	--	1	3328	卖盘
10:18:45	33.28	-0.07	2	6656	卖盘
10:18:42	33.35	0.09	1	3335	买盘
10:18:39	33.26	--	12	39912	卖盘
10:18:18	33.26	-0.02	7	23282	卖盘
10:18:15	33.28	--	4	13312	买盘
10:17:51	33.28	0.02	1	3328	买盘
10:17:48	33.26	--	8	26608	卖盘
10:17:42	33.26	--	1	3326	买盘
10:17:39	33.26	--	1	3326	买盘
10:17:36	33.26	--	1	3326	买盘
10:17:18	33.26	--	5	16630	卖盘
10:17:15	33.26	-0.02	1	3326	卖盘
10:17:12	33.28	0.02	1	3328	买盘
10:17:06	33.26	0.01	8	26608	买盘
10:17:03	33.25	--	10	33250	卖盘
10:17:00	33.25	0.01	4	13300	卖盘
10:16:48	33.24	-0.01	5	16620	中性盘
10:16:33	33.25	--	3	9975	买盘
10:16:30	33.25	0.01	6	19950	买盘
10:16:21	33.24	-0.01	2	6648	买盘
10:16:18	33.25	--	24	79800	卖盘
10:16:09	33.25	-0.01	1	3325	卖盘
10:16:03	33.26	0.01	2	6652	买盘
10:16:00	33.25	-0.01	7	23275	卖盘
10:15:54	33.26	--	12	39912	买盘
10:15:51	33.26	--	2	6652	买盘
10:15:48	33.26	-0.04	165	548790	卖盘
10:15:39	33.3	--	10	33300	卖盘
10:15:33	33.3	-0.06	8	26639	买盘
10:15:18	33.36	--	5	16680	卖盘
10:15:15	33.36	0.07	19	63384	买盘
10:15:09	33.29	-0.01	3	9987	卖盘
10:15:06	33.3	-0.02	5	16650	中性盘
10:15:00	33.32	--	4	13328	卖盘
10:14:57	33.32	0.03	6	19992	买盘
10:14:51	33.29	-0.01	5	16645	卖盘
10:14:48	33.3	--	2	6659	中性盘
10:14:42	33.3	0.02	2	6659	买盘
10:14:27	33.28	0.02	5	16640	买盘
10:14:18	33.26	-0.02	8	26608	卖盘
10:14:15	33.28	0.03	3	9984	买盘
10:13:51	33.25	--	20	66500	卖盘
10:13:42	33.25	0.05	6	19950	买盘
10:13:36	33.2	-0.03	14	46480	卖盘
10:13:33	33.23	--	113	377027	买盘
10:13:18	33.23	-0.01	6	19937	卖盘
10:13:15	33.24	0.01	1	3324	中性盘
10:13:12	33.23	0.03	8	26583	买盘
10:13:09	33.2	-0.01	5	16600	卖盘
10:13:06	33.21	0.01	8	26568	买盘
10:13:00	33.2	-0.01	2	6640	卖盘
10:12:48	33.21	0.01	6	19926	中性盘
10:12:27	33.2	-0.01	4	13280	卖盘
10:12:18	33.21	-0.01	9	29889	卖盘
10:12:15	33.22	0.01	5	16610	中性盘
10:12:12	33.21	-0.03	28	92988	卖盘
10:12:09	33.24	0.02	51	169524	买盘
10:12:00	33.22	--	2	6644	卖盘
10:11:57	33.22	--	5	16610	卖盘
10:11:48	33.22	0.01	9	29898	买盘
10:11:45	33.21	0.01	2	6642	中性盘
10:11:42	33.2	-0.01	2	6640	卖盘
10:11:39	33.21	0.01	5	16605	中性盘
10:11:30	33.2	--	8	26560	卖盘
10:11:27	33.2	0.02	2	6640	中性盘
10:11:18	33.18	-0.01	10	33180	卖盘
10:11:15	33.19	-0.01	23	76337	卖盘
10:11:09	33.2	--	2	6640	买盘
10:11:00	33.2	--	1	3320	买盘
10:10:54	33.2	--	1	3320	卖盘
10:10:51	33.2	--	21	69720	买盘
10:10:45	33.2	-0.01	20	66400	卖盘
10:10:42	33.21	--	45	149445	买盘
10:10:39	33.21	--	2	6642	买盘
10:10:24	33.21	--	5	16605	卖盘
10:10:18	33.21	--	8	26568	卖盘
10:10:09	33.21	--	10	33210	卖盘
10:10:00	33.21	--	1	3321	卖盘
10:09:57	33.21	0.01	5	16605	中性盘
10:09:48	33.2	-0.01	70	232400	卖盘
10:09:45	33.21	--	2	6642	卖盘
10:09:42	33.21	--	7	23247	卖盘
10:09:36	33.21	--	6	19926	卖盘
10:09:33	33.21	--	7	23247	卖盘
10:09:24	33.21	0.01	50	166050	买盘
10:09:18	33.2	-0.01	3	9960	卖盘
10:09:12	33.21	--	3	9963	中性盘
10:09:06	33.21	-0.03	17	56457	卖盘
10:09:00	33.24	-0.01	3	9972	买盘
10:08:54	33.25	0.04	3	9975	买盘
10:08:51	33.21	-0.04	89	295569	卖盘
10:08:42	33.25	--	1	3325	买盘
10:08:39	33.25	--	8	26600	卖盘
10:08:33	33.25	--	1	3325	卖盘
10:08:24	33.25	-0.01	16	53200	卖盘
10:08:18	33.26	-0.04	35	116410	卖盘
10:08:12	33.3	-0.02	32	106559	卖盘
10:08:09	33.32	0.02	3	9996	买盘
10:08:06	33.3	--	36	119879	卖盘
10:08:00	33.3	-0.02	4	13319	卖盘
10:07:45	33.32	0.02	10	33320	买盘
10:07:42	33.3	--	22	73260	卖盘
10:07:30	33.3	-0.02	2	6659	卖盘
10:07:27	33.32	--	2	6664	卖盘
10:07:24	33.32	--	10	33320	卖盘
10:07:15	33.32	--	8	26656	卖盘
10:07:12	33.32	-0.01	1	3332	卖盘
10:07:09	33.33	0.01	1	3333	中性盘
10:06:24	33.32	--	5	16660	卖盘
10:06:18	33.32	-0.03	1	3332	卖盘
10:06:09	33.35	0.03	1	3335	买盘
10:05:54	33.32	0.02	3	9996	买盘
10:05:48	33.3	-0.02	12	39960	卖盘
10:05:39	33.32	--	5	16660	买盘
10:05:33	33.32	0.01	15	49980	买盘
10:05:24	33.31	-0.01	3	9993	卖盘
10:05:12	33.32	--	7	23324	卖盘
10:04:51	33.32	0.01	3	9996	买盘
10:04:48	33.31	-0.01	18	59958	卖盘
10:04:45	33.32	0.01	30	99960	买盘
10:04:36	33.31	-0.01	12	39972	卖盘
10:04:33	33.32	--	6	19992	买盘
10:04:24	33.32	--	3	9996	买盘
10:04:21	33.32	0.01	2	6664	中性盘
10:04:06	33.31	-0.04	5	16655	卖盘
10:03:39	33.35	-0.01	2	6670	中性盘
10:03:30	33.36	0.05	24	80064	买盘
10:03:27	33.31	0.01	8	26648	中性盘
10:03:12	33.3	-0.05	12	39960	卖盘
10:03:09	33.35	0.04	5	16675	买盘
10:02:51	33.31	--	4	13324	买盘
10:02:48	33.31	-0.04	18	59958	卖盘
10:02:42	33.35	0.04	3	10005	买盘
10:02:33	33.31	-0.05	2	6662	中性盘
10:02:21	33.36	0.06	30	100080	买盘
10:02:15	33.3	-0.06	100	333000	卖盘
10:02:09	33.36	0.05	50	166800	买盘
10:02:00	33.31	-0.03	2	6662	卖盘
10:01:48	33.34	-0.02	4	13336	卖盘
10:01:33	33.36	0.06	2	6672	买盘
10:01:18	33.3	--	26	86579	买盘
10:01:06	33.3	0.04	46	153180	买盘
10:00:36	33.26	-0.01	20	66520	卖盘
10:00:27	33.27	-0.03	15	49905	卖盘
10:00:24	33.3	0.02	1	3329	买盘
10:00:03	33.28	-0.02	18	59904	卖盘
10:00:00	33.3	0.02	1	3329	买盘
09:59:51	33.28	-0.02	3	9984	卖盘
09:59:45	33.3	-0.06	23	76590	卖盘
09:59:42	33.36	0.06	39	130104	买盘
09:59:39	33.3	-0.05	200	666000	卖盘
09:59:36	33.35	--	21	71935	卖盘
09:59:27	33.35	-0.07	3	10005	卖盘
09:59:18	33.42	0.07	2	6684	买盘
09:59:15	33.35	--	11	36685	卖盘
09:58:45	33.35	-0.01	13	43355	卖盘
09:58:42	33.36	--	2	6672	卖盘
09:58:27	33.36	--	1	3336	买盘
09:58:12	33.36	0.01	1	3336	中性盘
09:58:00	33.35	--	1	3335	卖盘
09:57:45	33.35	-0.06	85	283475	卖盘
09:57:39	33.41	--	6	20045	卖盘
09:57:36	33.41	-0.01	7	24823	卖盘
09:57:09	33.42	-0.06	5	18614	卖盘
09:56:57	33.48	--	1	3347	买盘
09:56:30	33.48	--	2	6695	卖盘
09:56:24	33.48	0.06	1	3347	中性盘
09:56:03	33.42	-0.08	24	80208	卖盘
09:56:00	33.5	0.1	31	105290	买盘
09:55:48	33.4	--	7	23380	卖盘
09:55:45	33.4	--	7	23380	卖盘
09:55:36	33.4	--	24	80160	买盘
09:55:33	33.4	--	3	10020	买盘
09:55:30	33.4	0.04	1	3340	买盘
09:55:24	33.36	-0.04	5	16680	卖盘
09:55:21	33.4	0.04	22	73480	买盘
09:55:18	33.36	--	5	16680	卖盘
09:55:15	33.36	--	1	3336	卖盘
09:55:06	33.36	0.02	4	13344	买盘
09:55:03	33.34	-0.02	2	6668	卖盘
09:55:00	33.36	0.02	1	3336	买盘
09:54:48	33.34	--	3	10002	卖盘
09:54:39	33.34	-0.02	3	10002	卖盘
09:54:36	33.36	0.03	10	33360	买盘
09:54:24	33.33	--	10	33330	买盘
09:54:18	33.33	--	5	16665	卖盘
09:54:15	33.33	--	2	6666	买盘
09:54:12	33.33	--	20	66660	卖盘
09:54:06	33.33	-0.03	2	6666	卖盘
09:54:00	33.36	0.03	4	13344	买盘
09:53:42	33.33	0.01	2	6666	买盘
09:53:33	33.32	--	18	59976	卖盘
09:53:30	33.32	--	2	6664	买盘
09:53:24	33.32	0.01	20	66640	买盘
09:53:18	33.31	-0.01	13	43303	卖盘
09:53:15	33.32	0.01	8	26656	买盘
09:53:09	33.31	-0.01	1	3331	卖盘
09:53:06	33.32	--	10	33320	买盘
09:53:03	33.32	--	20	66640	买盘
09:53:00	33.32	--	1	3332	买盘
09:52:57	33.32	-0.01	13	43316	卖盘
09:52:48	33.33	0.01	2	6666	买盘
09:52:36	33.32	-0.01	4	13328	卖盘
09:52:24	33.33	-0.03	38	126654	卖盘
09:52:21	33.36	0.01	10	33360	买盘
09:52:18	33.35	0.02	26	86710	买盘
09:52:15	33.33	--	1	3333	卖盘
09:52:12	33.33	-0.03	3	9999	卖盘
09:52:00	33.36	--	2	6672	买盘
09:51:57	33.36	--	1	3336	买盘
09:51:51	33.36	--	7	23352	买盘
09:51:48	33.36	0.04	5	16680	买盘
09:51:45	33.32	--	28	93296	卖盘
09:51:33	33.32	0.01	10	33320	中性盘
09:51:21	33.31	--	13	43303	卖盘
09:51:18	33.31	--	4	13324	卖盘
09:51:15	33.31	--	11	36641	卖盘
09:51:09	33.31	0.01	10	33310	买盘
09:51:06	33.3	--	12	39960	卖盘
09:51:00	33.3	--	41	136530	买盘
09:50:51	33.3	--	28	93239	买盘
09:50:39	33.3	-0.01	43	143190	卖盘
09:50:33	33.31	--	45	149895	卖盘
09:50:30	33.31	0.01	3	9993	卖盘
09:50:27	33.3	--	20	66600	卖盘
09:50:21	33.3	-0.02	31	103229	卖盘
09:50:18	33.32	0.01	2	6664	卖盘
09:50:15	33.31	--	6	19986	买盘
09:50:06	33.31	-0.05	2	6662	卖盘
09:50:03	33.36	--	3	10008	买盘
09:49:57	33.36	0.02	51	170136	买盘
09:49:54	33.34	--	10	33340	买盘
09:49:51	33.34	-0.01	102	340068	卖盘
09:49:48	33.35	-0.01	7	23345	卖盘
09:49:45	33.36	--	2	6672	买盘
09:49:42	33.36	-0.04	15	50040	卖盘
09:49:30	33.4	--	19	63460	卖盘
09:49:27	33.4	-0.07	14	46760	卖盘
09:49:24	33.47	0.07	20	66940	买盘
09:49:15	33.4	0.06	7	23380	买盘
09:49:12	33.34	--	5	16670	卖盘
09:49:09	33.34	--	14	46676	卖盘
09:49:06	33.34	-0.06	13	43342	卖盘
09:49:00	33.4	0.06	8	26720	买盘
09:48:51	33.34	0.04	20	66680	买盘
09:48:36	33.3	0.02	3	9990	买盘
09:48:33	33.28	-0.02	3	9984	卖盘
09:48:27	33.3	0.02	9	29969	买盘
09:48:21	33.28	-0.02	13	43264	卖盘
09:48:18	33.3	0.05	1	3329	买盘
09:48:15	33.25	0.03	43	142975	买盘
09:48:12	33.22	-0.01	27	89694	卖盘
09:48:09	33.23	0.01	1	3322	中性盘
09:48:06	33.22	-0.01	266	883652	卖盘
09:48:03	33.23	--	94	312361	卖盘
09:48:00	33.23	0.01	15	49844	卖盘
09:47:54	33.22	--	7	23254	卖盘
09:47:48	33.22	--	26	86372	卖盘
09:47:45	33.22	-0.01	51	169422	卖盘
09:47:42	33.23	--	5	16615	买盘
09:47:39	33.23	--	5	16615	卖盘
09:47:36	33.23	0.03	3	9968	中性盘
09:47:24	33.2	-0.02	103	341960	卖盘
09:47:21	33.22	0.01	10	33220	卖盘
09:47:18	33.21	--	10	33210	买盘
09:47:15	33.21	--	59	195939	卖盘
09:47:12	33.21	-0.01	12	39852	卖盘
09:47:09	33.22	--	33	109626	买盘
09:47:06	33.22	--	21	69762	买盘
09:47:03	33.22	--	7	23254	买盘
09:47:00	33.22	--	16	53152	买盘
09:46:57	33.22	0.01	1	3322	买盘
09:46:54	33.21	-0.12	34	112914	卖盘
09:46:51	33.33	0.11	5	16665	买盘
09:46:48	33.22	-0.11	10	33220	卖盘
09:46:39	33.33	--	11	36663	买盘
09:46:36	33.33	--	1	3333	卖盘
09:46:33	33.33	--	3	9999	卖盘
09:46:27	33.33	-0.01	34	113322	买盘
09:46:24	33.34	--	3	10002	买盘
09:46:21	33.34	--	10	33340	买盘
09:46:18	33.34	-0.06	12	40008	中性盘
09:46:15	33.4	0.2	10	33400	买盘
09:46:12	33.2	-0.18	49	162680	卖盘
09:46:09	33.38	-0.02	1	3338	中性盘
09:46:03	33.4	--	6	20040	买盘
09:45:57	33.4	-0.01	24	80160	卖盘
09:45:54	33.41	--	2	6681	卖盘
09:45:51	33.41	--	2	6681	卖盘
09:45:48	33.41	--	3	10022	卖盘
09:45:45	33.41	-0.09	4	13363	卖盘
09:45:42	33.5	0.02	7	23450	买盘
09:45:39	33.48	--	5	16740	买盘
09:45:36	33.48	-0.03	108	361583	卖盘
09:45:33	33.51	0.01	45	150795	中性盘
09:45:24	33.5	--	23	77050	卖盘
09:45:21	33.5	-0.01	39	130650	卖盘
09:45:18	33.51	-0.01	16	53616	卖盘
09:45:15	33.52	-0.01	16	53632	卖盘
09:45:06	33.53	0.01	4	13412	买盘
09:45:03	33.52	-0.04	11	36872	卖盘
09:44:57	33.56	-0.04	72	241632	卖盘
09:44:45	33.6	--	1	3360	买盘
09:44:42	33.6	--	163	547680	卖盘
09:44:39	33.6	--	1	3360	卖盘
09:44:36	33.6	--	4	13440	卖盘
09:44:33	33.6	--	2	6720	卖盘
09:44:27	33.6	--	2	6720	卖盘
09:44:21	33.6	-0.03	89	299040	卖盘
09:44:18	33.63	--	138	464094	卖盘
09:44:15	33.63	--	7	23541	卖盘
09:44:12	33.63	--	9	30267	卖盘
09:44:09	33.63	-0.01	43	144609	卖盘
09:44:06	33.64	0.01	3	10092	买盘
09:44:03	33.63	--	13	43719	卖盘
09:44:00	33.63	--	5	16815	卖盘
09:43:57	33.63	--	65	218595	卖盘
09:43:54	33.63	-0.01	11	36993	卖盘
09:43:51	33.64	-0.01	4	13456	卖盘
09:43:45	33.65	-0.03	3	10095	卖盘
09:43:42	33.68	--	2	8655	卖盘
09:43:39	33.68	--	32	107776	卖盘
09:43:36	33.68	--	92	309856	卖盘
09:43:33	33.68	--	3	10104	卖盘
09:43:24	33.68	--	137	461416	卖盘
09:43:18	33.68	-0.01	5	16840	卖盘
09:43:15	33.69	-0.03	11	37059	卖盘
09:43:03	33.72	0.02	18	60696	买盘
09:43:00	33.7	-0.01	13	43810	卖盘
09:42:57	33.71	--	3	10113	买盘
09:42:45	33.71	-0.01	9	30339	卖盘
09:42:39	33.72	0.01	8	26976	买盘
09:42:36	33.71	--	1	3371	买盘
09:42:33	33.71	-0.01	14	47194	卖盘
09:42:27	33.72	0.01	14	47208	中性盘
09:42:12	33.71	--	6	20226	卖盘
09:42:09	33.71	--	1	3371	卖盘
09:41:42	33.71	--	10	33710	卖盘
09:41:39	33.71	-0.04	39	131469	中性盘
09:41:21	33.75	0.04	20	67500	买盘
09:41:18	33.71	-0.04	13	43823	卖盘
09:41:15	33.75	--	17	57375	买盘
09:41:09	33.75	0.03	3	10125	买盘
09:41:03	33.72	-0.03	1	3372	卖盘
09:40:54	33.75	0.03	5	16875	买盘
09:40:45	33.72	-0.03	9	30348	卖盘
09:40:42	33.75	--	5	16875	买盘
09:40:21	33.75	--	20	67500	买盘
09:40:12	33.75	0.05	1	3375	买盘
09:40:09	33.7	-0.05	16	53920	卖盘
09:40:03	33.75	0.05	5	16875	买盘
09:39:54	33.7	-0.04	6	20220	卖盘
09:39:45	33.74	--	3	10122	买盘
09:39:42	33.74	0.04	14	47236	买盘
09:39:36	33.7	--	2	6740	卖盘
09:39:21	33.7	--	24	80880	买盘
09:39:18	33.7	--	4	13480	买盘
09:39:12	33.7	--	29	97730	卖盘
09:39:09	33.7	--	3	10110	卖盘
09:39:06	33.7	--	1	3370	卖盘
09:39:03	33.7	--	6	20220	卖盘
09:39:00	33.7	--	38	128060	买盘
09:38:57	33.7	--	23	77510	买盘
09:38:51	33.7	0.02	3	10110	买盘
09:38:48	33.68	-0.02	4	13472	卖盘
09:38:45	33.7	--	30	101100	买盘
09:38:42	33.7	0.02	8	26960	买盘
09:38:39	33.68	-0.02	24	80832	卖盘
09:38:36	33.7	0.02	6	20220	买盘
09:38:18	33.68	-0.02	11	37048	卖盘
09:38:15	33.7	0.01	26	87620	买盘
09:38:09	33.69	--	10	33690	卖盘
09:38:06	33.69	--	1	3369	卖盘
09:37:54	33.69	--	18	60641	卖盘
09:37:51	33.69	--	5	16845	卖盘
09:37:45	33.69	--	11	37059	卖盘
09:37:27	33.69	0.01	68	229091	买盘
09:37:24	33.68	--	4	13472	卖盘
09:37:21	33.68	-0.01	10	33680	卖盘
09:37:15	33.69	0.01	1	3369	买盘
09:37:12	33.68	--	11	37048	卖盘
09:37:09	33.68	--	21	70728	卖盘
09:37:06	33.68	--	5	16840	卖盘
09:37:03	33.68	-0.01	7	23576	卖盘
09:37:00	33.69	0.01	16	53904	买盘
09:36:57	33.68	-0.01	44	148192	卖盘
09:36:54	33.69	--	2	6738	中性盘
09:36:48	33.69	-0.01	30	101070	卖盘
09:36:45	33.7	--	20	67400	买盘
09:36:42	33.7	--	19	64030	卖盘
09:36:39	33.7	-0.01	11	37070	卖盘
09:36:36	33.71	--	8	26968	卖盘
09:36:33	33.71	0.01	8	26968	买盘
09:36:30	33.7	--	8	26960	卖盘
09:36:21	33.7	-0.01	6	20220	卖盘
09:36:15	33.71	--	11	37081	卖盘
09:36:12	33.71	--	2	6742	卖盘
09:36:09	33.71	--	3	10113	卖盘
09:36:06	33.71	--	6	20226	卖盘
09:36:03	33.71	--	6	20226	卖盘
09:35:54	33.71	-0.05	1	3371	卖盘
09:35:39	33.76	0.01	5	16880	买盘
09:35:36	33.75	-0.02	5	16875	中性盘
09:35:21	33.77	0.02	10	33770	买盘
09:35:09	33.75	--	13	43875	卖盘
09:35:03	33.75	-0.04	2	6750	卖盘
09:34:57	33.79	0.04	18	60822	买盘
09:34:42	33.75	0.01	6	20250	买盘
09:34:39	33.74	--	6	20244	卖盘
09:34:36	33.74	-0.05	5	16870	卖盘
09:34:33	33.79	0.04	20	67580	买盘
09:34:30	33.75	0.04	16	54000	买盘
09:34:27	33.71	-0.03	13	43823	卖盘
09:34:24	33.74	-0.01	10	33740	卖盘
09:34:09	33.75	--	6	20250	卖盘
09:34:06	33.75	--	1	3375	买盘
09:34:03	33.75	0.05	3	10125	买盘
09:33:54	33.7	-0.04	53	178610	卖盘
09:33:48	33.74	--	15	50610	买盘
09:33:39	33.74	0.04	17	57358	买盘
09:33:36	33.7	-0.01	2	6740	卖盘
09:33:27	33.71	-0.03	8	26968	卖盘
09:33:24	33.74	--	26	87724	买盘
09:33:06	33.74	0.04	11	37114	买盘
09:33:03	33.7	-0.01	30	101100	卖盘
09:33:00	33.71	0.01	3	10113	买盘
09:32:57	33.7	--	20	67400	买盘
09:32:54	33.7	--	10	33700	买盘
09:32:51	33.7	--	337	1137139	买盘
09:32:48	33.7	--	10	33700	买盘
09:32:45	33.7	0.01	2	6740	买盘
09:32:42	33.69	-0.01	19	64010	卖盘
09:32:39	33.7	--	4	13480	买盘
09:32:36	33.7	-0.02	26	87620	买盘
09:32:30	33.72	-0.02	19	64068	卖盘
09:32:27	33.74	--	8	26992	买盘
09:32:21	33.74	0.04	80	269920	买盘
09:32:18	33.7	-0.29	31	104470	卖盘
09:32:12	33.99	0.29	102	346698	买盘
09:32:09	33.7	-0.04	30	101100	卖盘
09:32:06	33.74	--	44	148456	买盘
09:31:57	33.74	--	9	30366	买盘
09:31:54	33.74	-0.02	3	10122	买盘
09:31:51	33.76	0.06	2	6752	中性盘
09:31:45	33.7	-0.1	59	198830	卖盘
09:31:42	33.8	0.06	7	23659	买盘
09:31:39	33.74	-0.06	1	3374	卖盘
09:31:30	33.8	--	28	94639	买盘
09:31:24	33.8	0.06	20	67600	买盘
09:31:21	33.74	-0.11	71	239554	卖盘
09:31:15	33.85	--	7	23695	买盘
09:31:12	33.85	--	1	3385	买盘
09:31:09	33.85	0.05	39	132015	买盘
09:31:06	33.8	-0.01	2	6759	卖盘
09:31:03	33.81	-0.09	6	20286	卖盘
09:31:00	33.9	0.1	10	33900	买盘
09:30:57	33.8	-0.1	5	16900	卖盘
09:30:54	33.9	0.1	1	3390	买盘
09:30:51	33.8	0.07	3	10140	中性盘
09:30:36	33.73	0.05	4	13491	中性盘
09:30:24	33.68	--	2	6736	卖盘
09:30:21	33.68	-0.3	9	30312	卖盘
09:30:15	33.98	--	3	10193	买盘
09:30:12	33.98	0.3	24	81551	买盘
09:30:09	33.68	-0.02	43	144824	卖盘
09:30:06	33.7	0.1	88	296560	买盘
09:30:03	33.6	--	11	36960	卖盘
09:25:03	33.6	33.6	506	1700160	买盘
