成交时间	成交价	价格变动	成交量(手)	成交额(元)	性质
15:00:03	26.31	-0.02	920	2420520	卖盘
14:57:03	26.33	--	4	10532	买盘
14:57:00	26.33	--	4	10532	买盘
14:56:57	26.33	--	56	147448	买盘
14:56:54	26.33	0.01	20	52660	买盘
14:56:51	26.32	-0.01	10	26320	卖盘
14:56:45	26.33	--	10	26330	买盘
14:56:39	26.33	-0.01	15	39495	卖盘
14:56:36	26.34	0.01	4	10536	中性盘
14:56:30	26.33	-0.01	57	150081	卖盘
14:56:27	26.34	0.01	24	63216	中性盘
14:56:21	26.33	--	5	13165	卖盘
14:56:15	26.33	-0.01	50	131650	卖盘
14:56:12	26.34	0.01	4	10536	买盘
14:56:09	26.33	--	55	144815	卖盘
14:56:06	26.33	-0.01	3	7898	卖盘
14:56:03	26.34	0.01	4	10536	买盘
14:55:51	26.33	-0.01	10	26330	卖盘
14:55:45	26.34	0.02	1	2634	买盘
14:55:36	26.32	-0.01	236	621152	卖盘
14:55:33	26.33	0.01	23	60558	买盘
14:55:30	26.32	-0.01	14	36848	卖盘
14:55:27	26.33	--	97	255400	买盘
14:55:24	26.33	0.01	25	65825	买盘
14:55:21	26.32	-0.01	26	68432	卖盘
14:55:18	26.33	--	15	39495	买盘
14:55:15	26.33	--	19	50027	买盘
14:55:12	26.33	--	13	34229	买盘
14:55:09	26.33	--	3	7898	卖盘
14:55:06	26.33	-0.01	6	15797	卖盘
14:55:03	26.34	0.01	7	18438	买盘
14:55:00	26.33	--	10	26330	卖盘
14:54:57	26.33	-0.01	9	23697	卖盘
14:54:51	26.34	0.01	7	18438	买盘
14:54:48	26.33	--	123	323859	卖盘
14:54:42	26.33	--	10	26330	卖盘
14:54:39	26.33	--	10	26330	卖盘
14:54:36	26.33	0.01	113	297529	买盘
14:54:30	26.32	--	2	5264	卖盘
14:54:27	26.32	--	29	76328	卖盘
14:54:21	26.32	0.02	20	52640	中性盘
14:54:18	26.3	-0.02	72	189360	卖盘
14:54:15	26.32	--	6	15792	买盘
14:54:09	26.32	-0.01	5	13160	中性盘
14:54:06	26.33	0.01	7	18431	买盘
14:54:03	26.32	--	9	23688	买盘
14:54:00	26.32	-0.01	3	7896	中性盘
14:53:57	26.33	0.02	5	13165	买盘
14:53:54	26.31	--	3	7893	卖盘
14:53:51	26.31	-0.02	100	263100	卖盘
14:53:48	26.33	0.01	20	52660	买盘
14:53:45	26.32	--	10	26320	卖盘
14:53:42	26.32	--	2	5264	卖盘
14:53:36	26.32	--	60	157920	买盘
14:53:33	26.32	--	7	18424	买盘
14:53:24	26.32	0.01	13	34216	买盘
14:53:18	26.31	-0.01	5	13155	卖盘
14:53:15	26.32	0.01	10	26320	买盘
14:53:09	26.31	0.01	13	34203	买盘
14:53:06	26.3	-0.02	65	170950	卖盘
14:53:03	26.32	--	60	157920	买盘
14:53:00	26.32	0.01	25	65800	买盘
14:52:57	26.31	-0.01	2	5262	中性盘
14:52:54	26.32	--	65	171080	买盘
14:52:51	26.32	0.01	1	2632	买盘
14:52:36	26.31	--	9	23679	卖盘
14:52:30	26.31	-0.01	10	26310	中性盘
14:52:27	26.32	--	51	134232	买盘
14:52:24	26.32	--	2	5264	买盘
14:52:21	26.32	0.01	91	239512	买盘
14:52:18	26.31	--	14	36834	卖盘
14:52:15	26.31	-0.01	92	242052	卖盘
14:52:03	26.32	0.01	11	28952	买盘
14:51:57	26.31	-0.01	37	97347	卖盘
14:51:51	26.32	--	27	71064	买盘
14:51:48	26.32	--	39	102648	卖盘
14:51:45	26.32	--	25	65800	卖盘
14:51:42	26.32	--	9	23688	卖盘
14:51:39	26.32	--	4	10528	卖盘
14:51:36	26.32	-0.01	10	26320	卖盘
14:51:33	26.33	0.01	30	78990	买盘
14:51:30	26.32	0.01	10	26320	买盘
14:51:27	26.31	-0.01	10	26310	卖盘
14:51:24	26.32	0.01	3	7896	买盘
14:51:18	26.31	--	20	52620	卖盘
14:51:15	26.31	-0.01	110	289410	卖盘
14:51:09	26.32	--	4	10528	买盘
14:51:06	26.32	-0.02	17	44744	卖盘
14:51:03	26.34	-0.01	5	13170	中性盘
14:51:00	26.35	0.03	4	10540	买盘
14:50:51	26.32	-0.03	5	13160	卖盘
14:50:48	26.35	0.04	4	10540	买盘
14:50:45	26.31	--	61	160491	卖盘
14:50:30	26.31	-0.05	5	13155	卖盘
14:50:15	26.36	0.05	19	50084	买盘
14:50:09	26.31	-0.05	158	415698	卖盘
14:50:06	26.36	--	184	485024	卖盘
14:50:03	26.36	--	4	10544	卖盘
14:50:00	26.36	0.01	6	15816	中性盘
14:49:57	26.35	-0.02	50	131750	卖盘
14:49:48	26.37	0.01	7	18459	买盘
14:49:42	26.36	-0.01	22	57992	卖盘
14:49:39	26.37	0.01	1	2637	买盘
14:49:36	26.36	--	7	18452	卖盘
14:49:27	26.36	--	4	10544	卖盘
14:49:21	26.36	0.02	17	44812	中性盘
14:49:15	26.34	-0.02	112	296351	卖盘
14:49:09	26.36	0.01	12	31632	买盘
14:49:03	26.35	--	24	63240	卖盘
14:49:00	26.35	--	21	55335	买盘
14:48:57	26.35	--	30	79050	买盘
14:48:51	26.35	--	2	5270	买盘
14:48:42	26.35	--	11	28985	买盘
14:48:36	26.35	0.01	32	84320	买盘
14:48:33	26.34	-0.01	9	23706	卖盘
14:48:27	26.35	--	1	2635	买盘
14:48:21	26.35	-0.02	118	310930	卖盘
14:48:15	26.37	--	2	5274	买盘
14:48:09	26.37	-0.01	48	126576	卖盘
14:48:06	26.38	0.01	1	2638	买盘
14:48:00	26.37	--	40	105480	卖盘
14:47:57	26.37	--	17	44829	卖盘
14:47:48	26.37	-0.01	33	87021	卖盘
14:47:45	26.38	0.01	6	15828	买盘
14:47:42	26.37	-0.01	21	55377	卖盘
14:47:36	26.38	0.01	5	13190	买盘
14:47:33	26.37	-0.01	28	73836	卖盘
14:47:30	26.38	--	17	44846	买盘
14:47:27	26.38	--	15	39570	买盘
14:47:21	26.38	--	3	7914	买盘
14:47:15	26.38	0.01	5	13190	买盘
14:47:09	26.37	--	5	13185	卖盘
14:47:06	26.37	-0.01	43	113391	卖盘
14:46:57	26.38	--	35	92330	买盘
14:46:54	26.38	--	26	68588	买盘
14:46:48	26.38	0.01	3	7914	买盘
14:46:45	26.37	--	3	7911	卖盘
14:46:42	26.37	-0.01	10	26370	卖盘
14:46:39	26.38	--	9	23742	买盘
14:46:36	26.38	0.01	10	26380	买盘
14:46:33	26.37	-0.01	60	158220	卖盘
14:46:30	26.38	--	50	131900	买盘
14:46:21	26.38	--	60	158280	买盘
14:46:09	26.38	--	14	36932	买盘
14:46:06	26.38	--	3	7914	买盘
14:46:03	26.38	0.01	5	13190	买盘
14:46:00	26.37	--	1	2637	卖盘
14:45:54	26.37	--	1	2637	卖盘
14:45:45	26.37	--	4	10548	买盘
14:45:39	26.37	--	1	2637	买盘
14:45:33	26.37	0.01	2	5274	买盘
14:45:30	26.36	-0.01	59	155524	卖盘
14:45:27	26.37	--	101	266337	买盘
14:45:24	26.37	--	9	23733	买盘
14:45:21	26.37	--	22	58014	买盘
14:45:18	26.37	--	2	5274	买盘
14:45:15	26.37	--	1	2637	买盘
14:45:09	26.37	--	26	68562	买盘
14:45:06	26.37	--	2	5274	买盘
14:45:03	26.37	--	30	79110	买盘
14:44:57	26.37	0.01	200	527400	买盘
14:44:51	26.36	--	1	2636	卖盘
14:44:36	26.36	--	5	13180	买盘
14:44:24	26.36	0.01	3	7908	买盘
14:44:21	26.35	-0.01	61	160735	卖盘
14:44:15	26.36	--	22	57992	买盘
14:44:12	26.36	0.01	10	26360	买盘
14:44:06	26.35	--	5	13175	卖盘
14:43:57	26.35	0.01	15	39525	买盘
14:43:48	26.34	-0.01	10	26340	卖盘
14:43:24	26.35	0.01	5	13175	买盘
14:43:21	26.34	-0.01	30	79020	卖盘
14:43:18	26.35	--	5	13175	买盘
14:43:12	26.35	--	4	10540	买盘
14:43:00	26.35	--	4	10540	买盘
14:42:54	26.35	0.01	5	13175	买盘
14:42:51	26.34	0.01	15	39510	中性盘
14:42:48	26.33	--	40	105320	卖盘
14:42:45	26.33	-0.01	2	5266	卖盘
14:42:39	26.34	--	50	131700	买盘
14:42:33	26.34	--	90	237060	买盘
14:42:27	26.34	--	2	5268	买盘
14:42:21	26.34	--	1	2634	买盘
14:42:18	26.34	-0.01	47	123798	卖盘
14:42:09	26.35	0.01	4	10540	买盘
14:41:54	26.34	0.01	6	15804	买盘
14:41:45	26.33	0.01	2	5266	买盘
14:41:42	26.32	--	3	7896	卖盘
14:41:39	26.32	--	43	113176	卖盘
14:41:30	26.32	0.01	9	23688	买盘
14:41:27	26.31	-0.01	12	31572	卖盘
14:41:24	26.32	0.01	2	5264	买盘
14:41:21	26.31	0.01	16	42096	卖盘
14:41:18	26.3	-0.01	37	97310	卖盘
14:41:12	26.31	0.01	10	26310	买盘
14:41:09	26.3	--	31	81530	卖盘
14:41:06	26.3	--	4	10520	卖盘
14:40:54	26.3	0.01	21	56913	买盘
14:40:51	26.29	-0.01	2	5258	卖盘
14:40:45	26.3	--	1	2630	买盘
14:40:42	26.3	0.01	10	26300	买盘
14:40:39	26.29	0.01	5	13145	买盘
14:40:36	26.28	-0.01	11	28908	卖盘
14:40:33	26.29	0.01	14	36806	买盘
14:40:30	26.28	-0.01	34	89352	卖盘
14:40:27	26.29	--	101	265529	买盘
14:40:24	26.29	0.01	1	2629	买盘
14:40:21	26.28	-0.01	4	10512	卖盘
14:40:18	26.29	--	2	5258	买盘
14:40:09	26.29	--	2	5258	买盘
14:40:06	26.29	0.01	40	105160	买盘
14:40:03	26.28	--	5	13140	卖盘
14:40:00	26.28	-0.01	5	13140	卖盘
14:39:57	26.29	0.01	1	2629	买盘
14:39:54	26.28	-0.02	15	39420	卖盘
14:39:51	26.3	--	5	13150	买盘
14:39:48	26.3	--	4	10520	买盘
14:39:45	26.3	--	33	86790	买盘
14:39:39	26.3	--	55	144650	买盘
14:39:30	26.3	--	253	666336	卖盘
14:39:18	26.3	-0.02	38	99940	卖盘
14:39:15	26.32	0.01	1	2632	中性盘
14:38:42	26.31	-0.01	14	36834	卖盘
14:38:39	26.32	0.01	3	7896	中性盘
14:38:30	26.31	--	41	107871	卖盘
14:38:21	26.31	--	4	10524	卖盘
14:38:18	26.31	0.01	7	18417	中性盘
14:38:06	26.3	--	11	28930	卖盘
14:38:03	26.3	--	50	131500	卖盘
14:38:00	26.3	-0.01	25	65750	卖盘
14:37:57	26.31	0.01	5	13155	中性盘
14:37:51	26.3	--	36	94680	卖盘
14:37:48	26.3	-0.01	113	297190	卖盘
14:37:42	26.31	0.01	21	55251	买盘
14:37:39	26.3	-0.01	7	18410	卖盘
14:37:36	26.31	0.01	4	10524	买盘
14:37:33	26.3	--	11	28930	卖盘
14:37:27	26.3	--	60	157800	卖盘
14:37:21	26.3	-0.05	153	402390	卖盘
14:37:18	26.35	--	3	7905	中性盘
14:37:15	26.35	0.05	18	47430	中性盘
14:37:00	26.3	-0.05	338	888940	卖盘
14:36:54	26.35	--	2	5270	买盘
14:36:51	26.35	0.02	7	18445	买盘
14:36:42	26.33	0.02	1	2633	中性盘
14:36:30	26.31	-0.04	198	522253	卖盘
14:36:21	26.35	--	2	5270	买盘
14:36:12	26.35	0.01	15	39525	买盘
14:36:09	26.34	0.01	5	13170	中性盘
14:35:48	26.33	0.01	1	2633	中性盘
14:35:33	26.32	--	20	52640	卖盘
14:35:24	26.32	--	30	78960	卖盘
14:35:18	26.32	-0.01	2	5264	卖盘
14:35:12	26.33	-0.04	51	134283	卖盘
14:35:06	26.37	--	1	2637	买盘
14:35:03	26.37	--	16	42192	买盘
14:34:51	26.37	-0.01	21	55377	卖盘
14:34:48	26.38	0.01	50	131900	买盘
14:34:45	26.37	--	5	13185	卖盘
14:34:42	26.37	-0.01	16	42192	卖盘
14:34:39	26.38	0.01	5	13190	买盘
14:34:27	26.37	--	2	5274	卖盘
14:34:24	26.37	-0.01	7	18459	卖盘
14:34:21	26.38	--	24	63312	买盘
14:34:12	26.38	0.01	10	26380	买盘
14:33:57	26.37	--	7	18459	卖盘
14:33:42	26.37	0.02	8	21096	买盘
14:33:33	26.35	-0.03	2	5270	中性盘
14:33:15	26.38	0.08	10	26380	买盘
14:33:12	26.3	-0.07	15	39450	卖盘
14:33:03	26.37	0.07	1	2637	买盘
14:33:00	26.3	--	10	26300	卖盘
14:32:54	26.3	-0.08	36	94680	卖盘
14:32:48	26.38	0.08	30	79140	买盘
14:32:45	26.3	-0.08	13	34190	卖盘
14:32:42	26.38	0.07	13	34294	买盘
14:32:39	26.31	-0.06	195	513045	卖盘
14:32:36	26.37	--	3	7911	买盘
14:32:30	26.37	--	17	44829	卖盘
14:32:27	26.37	--	31	81747	卖盘
14:32:21	26.37	-0.01	41	108117	卖盘
14:32:06	26.38	--	15	39570	买盘
14:31:57	26.38	--	29	76502	买盘
14:31:54	26.38	--	15	39570	买盘
14:31:51	26.38	0.01	4	10552	买盘
14:31:48	26.37	0.01	10	26370	中性盘
14:31:45	26.36	-0.02	3	7908	卖盘
14:31:39	26.38	0.02	11	29018	买盘
14:31:36	26.36	-0.01	8	21088	卖盘
14:31:33	26.37	0.01	10	26370	买盘
14:31:18	26.36	0.01	48	126528	买盘
14:31:15	26.35	-0.01	3	7905	中性盘
14:31:09	26.36	--	2	5272	买盘
14:31:06	26.36	--	4	10544	买盘
14:31:03	26.36	--	2	5272	买盘
14:30:57	26.36	--	19	50084	买盘
14:30:51	26.36	0.05	2	5272	买盘
14:30:45	26.31	0.01	2	5262	中性盘
14:30:36	26.3	--	6	15780	卖盘
14:30:33	26.3	--	4	10520	卖盘
14:30:30	26.3	--	38	100308	买盘
14:30:27	26.3	--	5	13150	买盘
14:30:15	26.3	0.01	13	34190	买盘
14:30:12	26.29	--	7	18403	买盘
14:30:09	26.29	-0.01	3	7887	中性盘
14:30:06	26.3	0.01	50	131500	买盘
14:30:03	26.29	--	26	68354	卖盘
14:30:00	26.29	-0.01	20	52580	卖盘
14:29:57	26.3	--	30	78900	买盘
14:29:54	26.3	--	9	23670	买盘
14:29:51	26.3	--	3	7890	买盘
14:29:48	26.3	0.01	17	44710	买盘
14:29:45	26.29	-0.01	4	10516	卖盘
14:29:42	26.3	--	11	28930	买盘
14:29:39	26.3	0.02	10	26300	买盘
14:29:36	26.28	--	13	34164	卖盘
14:29:30	26.28	--	17	44676	卖盘
14:29:27	26.28	-0.02	17	44676	卖盘
14:29:24	26.3	0.03	12	31560	买盘
14:29:21	26.27	0.02	12	31524	买盘
14:29:18	26.25	-0.02	50	131250	卖盘
14:29:12	26.27	-0.01	382	1003514	卖盘
14:29:06	26.28	0.01	47	123516	买盘
14:29:03	26.27	--	110	288970	卖盘
14:29:00	26.27	--	50	131350	卖盘
14:28:57	26.27	-0.01	5	13135	卖盘
14:28:54	26.28	0.01	11	28908	买盘
14:28:51	26.27	-0.01	108	285843	卖盘
14:28:42	26.28	--	9	23652	买盘
14:28:39	26.28	--	9	23652	买盘
14:28:36	26.28	--	34	89352	买盘
14:28:33	26.28	--	24	63072	买盘
14:28:30	26.28	-0.01	72	189216	卖盘
14:28:27	26.29	0.01	15	39435	买盘
14:28:24	26.28	-0.01	2	5256	卖盘
14:28:18	26.29	0.01	30	78870	买盘
14:28:15	26.28	--	11	28908	买盘
14:28:12	26.28	0.01	52	136656	卖盘
14:28:09	26.27	-0.01	62	162874	卖盘
14:28:03	26.28	-0.01	93	244404	卖盘
14:28:00	26.29	--	13	34177	买盘
14:27:57	26.29	--	13	34177	买盘
14:27:54	26.29	-0.01	47	123563	卖盘
14:27:51	26.3	--	5	13150	买盘
14:27:48	26.3	--	4	10520	买盘
14:27:45	26.3	--	21	55230	买盘
14:27:39	26.3	-0.06	711	1869930	卖盘
14:27:36	26.36	-0.01	20	52720	卖盘
14:27:33	26.37	--	4	10548	买盘
14:27:30	26.37	--	9	23733	买盘
14:27:21	26.37	--	5	13185	买盘
14:27:18	26.37	-0.01	17	44829	卖盘
14:27:12	26.38	--	2	5276	买盘
14:27:09	26.38	0.01	9	23742	买盘
14:27:06	26.37	-0.01	3	7911	卖盘
14:27:03	26.38	0.01	12	31656	卖盘
14:27:00	26.37	--	8	21096	买盘
14:26:57	26.37	--	5	13185	买盘
14:26:54	26.37	-0.02	35	92295	卖盘
14:26:45	26.39	0.02	10	26390	买盘
14:26:39	26.37	0.01	2	5274	买盘
14:26:30	26.36	-0.02	20	52720	卖盘
14:26:27	26.38	0.02	11	29018	中性盘
14:26:15	26.36	0.01	36	94896	买盘
14:26:12	26.35	-0.03	10	26350	卖盘
14:26:09	26.38	0.02	11	29018	买盘
14:26:03	26.36	-0.03	18	47448	卖盘
14:25:48	26.39	0.02	5	13195	买盘
14:25:45	26.37	-0.02	40	105480	卖盘
14:25:42	26.39	--	16	42224	买盘
14:25:30	26.39	0.03	5	13195	买盘
14:25:15	26.36	-0.03	86	226696	卖盘
14:25:09	26.39	0.06	9	23751	中性盘
14:25:03	26.33	-0.04	315	829395	卖盘
14:25:00	26.37	--	4	10548	买盘
14:24:57	26.37	--	3	7911	买盘
14:24:54	26.37	--	21	55377	买盘
14:24:48	26.37	--	1	2637	买盘
14:24:45	26.37	-0.03	54	142398	卖盘
14:24:42	26.4	0.01	46	121440	买盘
14:24:36	26.39	0.01	2	5278	买盘
14:24:27	26.38	-0.02	40	105520	卖盘
14:24:24	26.4	--	4	10560	买盘
14:24:18	26.4	--	1	2640	买盘
14:24:15	26.4	--	10	26400	买盘
14:24:12	26.4	--	6	15840	买盘
14:24:06	26.4	-0.04	485	1282538	卖盘
14:24:03	26.44	--	3	7932	买盘
14:24:00	26.44	-0.01	33	87252	卖盘
14:23:57	26.45	--	1	2645	买盘
14:23:51	26.45	--	26	68770	买盘
14:23:48	26.45	--	60	158700	买盘
14:23:42	26.45	--	1	2645	买盘
14:23:27	26.45	--	20	52900	买盘
14:23:24	26.45	-0.03	33	87285	卖盘
14:23:15	26.48	0.05	3	7944	买盘
14:22:45	26.43	--	10	26430	卖盘
14:22:24	26.43	-0.05	10	26430	卖盘
14:22:21	26.48	0.06	1	2648	中性盘
14:22:09	26.42	-0.03	26	68692	卖盘
14:22:06	26.45	0.03	2	5290	中性盘
14:21:45	26.42	-0.07	74	195508	卖盘
14:21:42	26.49	0.04	30	79470	买盘
14:21:18	26.45	--	43	113735	卖盘
14:21:15	26.45	0.03	50	132250	中性盘
14:21:06	26.42	-0.03	247	652574	卖盘
14:21:00	26.45	--	81	214747	买盘
14:20:57	26.45	--	20	52900	买盘
14:20:54	26.45	--	63	166635	买盘
14:20:51	26.45	--	30	79350	买盘
14:20:45	26.45	--	8	21160	买盘
14:20:42	26.45	--	10	26450	买盘
14:20:39	26.45	--	32	84640	买盘
14:20:36	26.45	--	5	13225	买盘
14:20:33	26.45	--	8	21160	买盘
14:20:30	26.45	--	3	7935	买盘
14:20:24	26.45	--	10	26450	买盘
14:20:18	26.45	--	4	10580	买盘
14:20:12	26.45	--	29	76705	买盘
14:20:09	26.45	--	30	79350	买盘
14:20:06	26.45	--	16	42320	买盘
14:20:03	26.45	--	2	5290	买盘
14:20:00	26.45	--	32	84640	买盘
14:19:57	26.45	--	8	21160	买盘
14:19:54	26.45	--	20	52900	买盘
14:19:51	26.45	--	9	23805	买盘
14:19:45	26.45	--	61	161345	买盘
14:19:42	26.45	0.01	2	5290	买盘
14:19:39	26.44	-0.01	2	5288	卖盘
14:19:36	26.45	0.01	9	23805	买盘
14:19:21	26.44	-0.01	2	5288	卖盘
14:19:15	26.45	0.01	6	15870	买盘
14:19:12	26.44	--	3	7932	买盘
14:19:09	26.44	--	15	39660	买盘
14:19:00	26.44	--	3	7932	买盘
14:18:54	26.44	--	2	5288	买盘
14:18:51	26.44	--	11	29084	买盘
14:18:48	26.44	--	10	26440	买盘
14:18:45	26.44	--	20	52880	买盘
14:18:36	26.44	--	10	26440	买盘
14:18:33	26.44	0.01	2	5288	买盘
14:18:18	26.43	0.01	40	105720	买盘
14:18:15	26.42	--	15	39630	卖盘
14:18:12	26.42	-0.01	30	79260	卖盘
14:18:09	26.43	--	30	79290	买盘
14:18:06	26.43	--	15	39645	买盘
14:18:03	26.43	--	1	2643	买盘
14:17:48	26.43	--	20	52860	买盘
14:17:45	26.43	--	42	111006	卖盘
14:17:39	26.43	-0.01	4	10572	卖盘
14:17:36	26.44	0.01	14	37016	中性盘
14:17:30	26.43	-0.02	31	81933	卖盘
14:17:24	26.45	0.02	2	5290	买盘
14:17:15	26.43	--	25	66075	卖盘
14:17:12	26.43	0.03	11	29073	买盘
14:17:03	26.4	--	2	5280	卖盘
14:17:00	26.4	-0.03	80	211200	卖盘
14:16:57	26.43	0.06	4	10572	买盘
14:16:48	26.37	-0.07	500	1318500	卖盘
14:16:36	26.44	--	5	13220	买盘
14:16:33	26.44	--	1	2644	买盘
14:16:27	26.44	-0.01	14	37016	卖盘
14:16:15	26.45	--	4	10580	买盘
14:16:03	26.45	--	4	10580	买盘
14:16:00	26.45	0.05	36	95220	买盘
14:15:57	26.4	-0.05	421	1113578	卖盘
14:15:42	26.45	-0.04	113	298885	卖盘
14:15:30	26.49	0.05	1	2649	买盘
14:15:24	26.44	--	72	190368	卖盘
14:15:12	26.44	-0.01	45	119482	卖盘
14:15:09	26.45	--	8	21160	买盘
14:15:03	26.45	--	8	21160	买盘
14:15:00	26.45	--	7	18515	买盘
14:14:57	26.45	--	9	23805	买盘
14:14:48	26.45	--	11	29095	买盘
14:14:45	26.45	--	10	26450	买盘
14:14:39	26.45	--	2	5290	买盘
14:14:33	26.45	--	5	13225	买盘
14:14:27	26.45	--	1	2645	买盘
14:14:24	26.45	-0.03	147	388815	卖盘
14:14:21	26.48	0.03	10	26480	买盘
14:14:15	26.45	--	6	15870	买盘
14:14:12	26.45	--	27	71415	买盘
14:14:09	26.45	--	10	26450	买盘
14:14:06	26.45	--	3	7935	买盘
14:14:03	26.45	--	21	55545	买盘
14:14:00	26.45	--	31	81995	买盘
14:13:57	26.45	--	23	60835	买盘
14:13:54	26.45	--	6	15870	买盘
14:13:48	26.45	--	88	232760	买盘
14:13:30	26.45	--	5	13225	买盘
14:13:21	26.45	--	200	529000	买盘
14:13:09	26.45	0.02	39	103155	买盘
14:13:06	26.43	--	7	18501	卖盘
14:13:00	26.43	-0.02	10	26430	中性盘
14:12:45	26.45	0.01	21	55545	买盘
14:12:42	26.44	0.01	14	37016	买盘
14:12:39	26.43	0.03	3	7929	买盘
14:12:36	26.4	-0.03	37	97680	卖盘
14:12:33	26.43	0.02	16	42288	中性盘
14:12:18	26.41	-0.02	90	237690	卖盘
14:12:12	26.43	--	11	29073	卖盘
14:11:57	26.43	--	29	76647	买盘
14:11:51	26.43	0.03	1	2643	卖盘
14:11:48	26.4	-0.03	508	1341120	卖盘
14:11:45	26.43	-0.02	10	26430	卖盘
14:11:42	26.45	--	13	34385	买盘
14:11:36	26.45	0.02	9	23805	买盘
14:11:30	26.43	--	53	140079	卖盘
14:11:27	26.43	--	1	2643	卖盘
14:11:15	26.43	--	2	5286	买盘
14:11:12	26.43	-0.02	4	10572	卖盘
14:11:09	26.45	--	3	7935	买盘
14:10:57	26.45	0.05	16	42320	买盘
14:10:51	26.4	-0.04	339	894960	卖盘
14:10:48	26.44	-0.01	84	222096	卖盘
14:10:45	26.45	--	34	89930	买盘
14:10:30	26.45	0.03	36	95220	买盘
14:10:21	26.42	-0.02	21	55482	卖盘
14:10:15	26.44	--	20	52880	买盘
14:10:12	26.44	0.01	9	23796	买盘
14:10:09	26.43	--	5	13215	中性盘
14:10:03	26.43	--	29	76647	中性盘
14:09:54	26.43	-0.02	22	58146	卖盘
14:09:45	26.45	0.02	10	26450	买盘
14:09:42	26.43	-0.02	10	26430	卖盘
14:09:39	26.45	0.02	2	5290	买盘
14:09:36	26.43	0.01	8	21144	买盘
14:09:30	26.42	-0.01	10	26420	卖盘
14:09:24	26.43	--	1	2643	买盘
14:09:21	26.43	-0.02	36	95148	卖盘
14:09:12	26.45	--	8	21160	卖盘
14:09:03	26.45	-0.04	32	84640	卖盘
14:08:39	26.49	-0.01	10	26490	卖盘
14:08:27	26.5	--	5	13250	买盘
14:08:24	26.5	--	5	13753	卖盘
14:08:15	26.5	--	5	15396	买盘
14:08:12	26.5	--	1	2650	买盘
14:08:06	26.5	--	20	53000	买盘
14:08:00	26.5	0.01	2	5300	买盘
14:07:42	26.49	0.06	9	23841	买盘
14:07:33	26.43	-0.02	12	31716	卖盘
14:07:30	26.45	--	20	52900	卖盘
14:07:12	26.45	--	51	134895	买盘
14:07:09	26.45	--	3	7935	买盘
14:07:06	26.45	--	6	15870	买盘
14:07:00	26.45	--	55	145475	买盘
14:06:57	26.45	--	30	79350	买盘
14:06:48	26.45	--	12	31740	买盘
14:06:42	26.45	0.04	6	15870	买盘
14:06:39	26.41	-0.04	20	52820	卖盘
14:06:36	26.45	0.04	5	13225	买盘
14:06:33	26.41	0.01	2	5282	卖盘
14:06:21	26.4	--	25	66000	卖盘
14:06:12	26.4	0.01	196	517440	买盘
14:06:03	26.39	-0.01	47	124033	卖盘
14:05:57	26.4	--	1	2640	买盘
14:05:51	26.4	--	2	5280	买盘
14:05:48	26.4	--	22	58080	买盘
14:05:45	26.4	--	4	10560	买盘
14:05:42	26.4	--	29	76560	买盘
14:05:39	26.4	--	98	258720	买盘
14:05:36	26.4	--	15	39600	买盘
14:05:33	26.4	--	47	124080	买盘
14:05:30	26.4	--	6	15840	买盘
14:05:24	26.4	--	12	31680	买盘
14:05:21	26.4	--	7	18480	买盘
14:05:18	26.4	--	26	68640	买盘
14:05:15	26.4	--	103	271920	买盘
14:05:12	26.4	--	15	39600	买盘
14:05:09	26.4	--	4	10560	买盘
14:05:06	26.4	--	10	26400	买盘
14:05:03	26.4	--	159	419760	买盘
14:05:00	26.4	--	3	7920	买盘
14:04:57	26.4	-0.01	184	485760	卖盘
14:04:54	26.41	-0.08	20	52820	卖盘
14:04:51	26.49	0.01	4	10596	买盘
14:04:48	26.48	0.08	43	113864	买盘
14:04:45	26.4	--	4	10560	卖盘
14:04:36	26.4	--	39	102960	卖盘
14:04:30	26.4	--	14	36960	买盘
14:04:27	26.4	--	41	108240	买盘
14:04:15	26.4	--	12	31680	买盘
14:04:06	26.4	-0.09	548	1446720	卖盘
14:04:03	26.49	--	5	13245	买盘
14:03:54	26.49	0.03	12	31787	买盘
14:03:51	26.46	-0.03	2	5292	卖盘
14:03:42	26.49	--	3	7946	买盘
14:03:39	26.49	-0.01	1	2649	卖盘
14:03:30	26.5	--	15	39750	买盘
14:03:27	26.5	--	2	5300	买盘
14:03:24	26.5	-0.01	5	13250	中性盘
14:03:18	26.51	0.01	291	771441	中性盘
14:03:09	26.5	-0.05	100	265000	卖盘
14:03:06	26.55	0.04	8	21240	卖盘
14:02:48	26.51	--	18	47718	买盘
14:02:45	26.51	--	24	63624	买盘
14:02:42	26.51	0.01	14	37114	中性盘
14:02:24	26.5	-0.1	8	21200	卖盘
14:02:18	26.6	0.09	60	159600	买盘
14:02:15	26.51	--	8	21208	卖盘
14:02:12	26.51	0.01	9	23859	中性盘
14:02:09	26.5	-0.1	8	21200	卖盘
14:02:06	26.6	0.09	235	625100	买盘
14:02:03	26.51	0.01	9	23859	卖盘
14:01:42	26.5	--	17	45050	卖盘
14:01:21	26.5	-0.1	200	530000	卖盘
14:01:18	26.6	--	2	5320	买盘
14:00:42	26.6	0.02	23	61180	买盘
14:00:39	26.58	-0.02	65	174922	卖盘
14:00:36	26.6	0.01	2	5825	买盘
14:00:33	26.59	-0.01	160	425440	卖盘
14:00:12	26.6	--	37	98420	买盘
14:00:06	26.6	0.01	5	13300	买盘
14:00:03	26.59	-0.01	11	29249	卖盘
13:59:57	26.6	--	20	53200	买盘
13:59:54	26.6	--	4	10640	买盘
13:59:51	26.6	--	10	26600	买盘
13:59:36	26.6	0.01	5	13300	买盘
13:59:30	26.59	-0.01	10	26590	卖盘
13:59:27	26.6	--	1	2660	买盘
13:59:12	26.6	--	10	26600	买盘
13:59:03	26.6	--	5	13300	买盘
13:59:00	26.6	--	56	148960	买盘
13:58:51	26.6	0.01	10	26600	买盘
13:58:45	26.59	--	10	26590	卖盘
13:58:39	26.59	--	31	82429	卖盘
13:58:36	26.59	--	12	31908	卖盘
13:58:18	26.59	0.01	5	13295	买盘
13:58:15	26.58	--	5	13290	卖盘
13:58:06	26.58	-0.01	2	5316	卖盘
13:57:54	26.59	--	1	2659	买盘
13:57:45	26.59	--	5	13295	买盘
13:57:42	26.59	--	2	5318	卖盘
13:57:36	26.59	-0.01	2	5318	卖盘
13:57:30	26.6	--	2	5320	买盘
13:57:24	26.6	--	9	23940	买盘
13:57:06	26.6	--	5	13300	买盘
13:57:00	26.6	-0.02	41	111214	卖盘
13:56:39	26.62	--	13	34606	买盘
13:56:33	26.62	--	3	7986	买盘
13:56:30	26.62	0.01	2	5324	买盘
13:56:09	26.61	--	28	75013	买盘
13:56:06	26.61	0.01	8	21288	买盘
13:55:57	26.6	-0.01	34	90440	卖盘
13:55:51	26.61	0.01	1	2661	买盘
13:55:48	26.6	--	2	5320	卖盘
13:55:42	26.6	--	46	122360	卖盘
13:55:39	26.6	--	1	2660	卖盘
13:55:21	26.6	--	1	2660	卖盘
13:55:15	26.6	-0.01	3	7980	卖盘
13:54:57	26.61	-0.01	12	34087	卖盘
13:54:54	26.62	--	20	53240	买盘
13:54:39	26.62	--	5	13310	买盘
13:54:33	26.62	--	2	5324	买盘
13:54:24	26.62	0.01	2	5324	买盘
13:54:15	26.61	-0.01	10	26610	卖盘
13:54:12	26.62	0.01	5	13310	买盘
13:54:03	26.61	-0.01	7	18627	卖盘
13:53:54	26.62	0.01	6	15972	买盘
13:53:42	26.61	-0.01	1	3166	卖盘
13:53:36	26.62	--	8	21296	卖盘
13:53:30	26.62	0.02	2	5324	买盘
13:53:15	26.6	-0.01	37	98420	卖盘
13:53:12	26.61	--	4	10644	买盘
13:53:09	26.61	--	28	74508	买盘
13:53:06	26.61	--	2	5322	买盘
13:53:00	26.61	--	49	130389	买盘
13:52:57	26.61	--	4	10644	买盘
13:52:51	26.61	-0.01	43	114423	卖盘
13:52:48	26.62	--	15	39930	买盘
13:52:45	26.62	--	4	10648	买盘
13:52:39	26.62	--	12	31944	买盘
13:52:06	26.62	0.01	110	292820	买盘
13:51:57	26.61	--	21	55881	买盘
13:51:54	26.61	-0.02	190	505590	卖盘
13:51:48	26.63	--	60	159780	买盘
13:51:39	26.63	0.01	54	143802	买盘
13:51:36	26.62	--	10	26620	买盘
13:51:33	26.62	--	30	79860	买盘
13:51:30	26.62	--	30	79860	买盘
13:51:09	26.62	0.01	20	53240	买盘
13:51:06	26.61	--	46	122406	卖盘
13:51:00	26.61	--	5	13305	卖盘
13:50:36	26.61	-0.02	4	10644	卖盘
13:50:27	26.63	0.02	10	26630	买盘
13:50:21	26.61	-0.01	57	151677	卖盘
13:50:06	26.62	--	2	5324	卖盘
13:50:03	26.62	--	50	133100	卖盘
13:50:00	26.62	-0.01	9	23958	卖盘
13:49:48	26.63	--	1	2663	买盘
13:49:39	26.63	--	65	173095	卖盘
13:49:24	26.63	0.01	10	26630	中性盘
13:48:39	26.62	-0.06	6	15972	卖盘
13:48:15	26.68	0.06	11	29348	中性盘
13:48:03	26.62	--	10	26620	卖盘
13:47:54	26.62	--	2	5324	卖盘
13:47:36	26.62	-0.07	180	479160	卖盘
13:47:27	26.69	-0.01	5	13345	卖盘
13:47:12	26.7	--	6	16020	买盘
13:47:09	26.7	--	2	5340	买盘
13:46:57	26.7	--	8	21360	买盘
13:46:51	26.7	--	13	34710	买盘
13:46:48	26.7	--	6	16020	买盘
13:46:33	26.7	-0.02	4	10680	卖盘
13:46:27	26.72	0.02	51	136272	买盘
13:46:18	26.7	-0.02	6	16020	卖盘
13:46:09	26.72	0.02	4	10688	中性盘
13:45:48	26.7	0.02	10	26700	中性盘
13:45:39	26.68	-0.07	30	80040	卖盘
13:45:30	26.75	0.07	100	267500	买盘
13:45:21	26.68	--	2	5336	卖盘
13:45:15	26.68	-0.02	10	26680	卖盘
13:44:57	26.7	--	1	2670	买盘
13:44:51	26.7	0.02	1	2670	买盘
13:44:45	26.68	--	3	8004	卖盘
13:44:36	26.68	--	17	45356	买盘
13:44:33	26.68	--	19	50692	买盘
13:44:27	26.68	-0.02	53	141404	卖盘
13:44:09	26.7	--	2	5340	买盘
13:43:54	26.7	0.03	9	24030	买盘
13:43:39	26.67	0.01	2	5334	买盘
13:43:30	26.66	--	38	101308	买盘
13:43:21	26.66	--	10	26660	买盘
13:43:18	26.66	--	53	141298	买盘
13:43:06	26.66	0.01	58	154628	买盘
13:43:03	26.65	--	11	29315	卖盘
13:42:48	26.65	--	11	29315	买盘
13:42:42	26.65	--	3	7995	买盘
13:42:36	26.65	--	1	2665	买盘
13:42:27	26.65	0.02	10	26650	买盘
13:42:15	26.63	-0.02	20	53260	卖盘
13:42:09	26.65	0.02	100	266500	买盘
13:41:51	26.63	--	50	133150	卖盘
13:41:39	26.63	--	14	37282	买盘
13:41:33	26.63	--	2	5326	买盘
13:41:27	26.63	0.01	50	133150	中性盘
13:41:21	26.62	-0.01	149	396638	卖盘
13:41:18	26.63	-0.01	10	26630	卖盘
13:41:03	26.64	0.02	4	10656	买盘
13:41:00	26.62	-0.01	750	1996500	卖盘
13:40:57	26.63	--	114	303582	买盘
13:40:54	26.63	--	1	2663	买盘
13:40:51	26.63	--	10	26630	买盘
13:40:48	26.63	--	64	170432	买盘
13:40:45	26.63	--	3	7989	买盘
13:40:42	26.63	--	16	42608	买盘
13:40:36	26.63	--	19	50597	买盘
13:40:30	26.63	--	5	13315	买盘
13:40:27	26.63	--	95	252985	买盘
13:40:21	26.63	--	39	103857	买盘
13:40:18	26.63	--	9	23967	买盘
13:40:12	26.63	--	24	63912	买盘
13:40:09	26.63	--	16	42608	买盘
13:40:00	26.63	0.01	3	7989	买盘
13:39:57	26.62	0.02	59	157058	买盘
13:39:45	26.6	-0.02	19	50540	卖盘
13:39:33	26.62	--	7	18634	买盘
13:39:30	26.62	0.02	1	2662	买盘
13:38:51	26.6	-0.02	10	26600	中性盘
13:38:09	26.62	0.02	25	66550	买盘
13:38:03	26.6	--	1	2660	买盘
13:37:57	26.6	-0.02	12	31920	卖盘
13:37:51	26.62	0.02	4	10648	买盘
13:37:30	26.6	--	4	10640	买盘
13:37:27	26.6	-0.02	16	42560	中性盘
13:37:12	26.62	0.03	150	399300	买盘
13:37:09	26.59	-0.01	100	265900	卖盘
13:36:33	26.6	0.01	11	29260	买盘
13:35:54	26.59	-0.01	3	7977	卖盘
13:35:45	26.6	--	45	119700	卖盘
13:35:36	26.6	0.01	21	55860	买盘
13:35:24	26.59	--	6	15954	卖盘
13:35:03	26.59	-0.01	116	308444	卖盘
13:34:33	26.6	--	5	13300	卖盘
13:34:30	26.6	--	3	7980	卖盘
13:34:15	26.6	0.01	15	39900	买盘
13:33:42	26.59	--	7	18613	买盘
13:33:33	26.59	--	1	2659	买盘
13:33:30	26.59	-0.02	36	95724	卖盘
13:33:21	26.61	0.02	20	53220	买盘
13:33:18	26.59	-0.02	10	26590	卖盘
13:33:03	26.61	0.01	5	13305	买盘
13:32:57	26.6	0.01	8	21280	买盘
13:32:45	26.59	--	5	13295	卖盘
13:32:42	26.59	0.03	33	87747	买盘
13:32:33	26.56	--	5	13280	卖盘
13:32:27	26.56	-0.03	1	2656	卖盘
13:32:15	26.59	0.03	83	220697	买盘
13:32:06	26.56	--	19	50464	买盘
13:31:48	26.56	-0.01	4	10624	卖盘
13:31:39	26.57	0.01	54	143478	买盘
13:31:24	26.56	-0.01	12	31872	卖盘
13:31:21	26.57	-0.01	9	23913	卖盘
13:31:15	26.58	--	5	13290	买盘
13:31:09	26.58	--	2	5316	买盘
13:30:57	26.58	--	1	2658	买盘
13:30:54	26.58	--	9	23922	卖盘
13:30:39	26.58	--	2	5316	卖盘
13:30:36	26.58	--	18	47844	卖盘
13:30:30	26.58	--	2	5316	卖盘
13:30:18	26.58	--	14	37212	买盘
13:30:06	26.58	-0.01	6	15947	买盘
13:30:03	26.59	--	6	15954	买盘
13:29:54	26.59	--	5	13295	买盘
13:29:45	26.59	--	15	39885	买盘
13:29:36	26.59	--	71	188789	卖盘
13:29:24	26.59	--	4	10636	卖盘
13:29:18	26.59	--	40	106360	买盘
13:29:15	26.59	0.03	5	13295	买盘
13:29:06	26.56	-0.03	5	13280	卖盘
13:28:54	26.59	0.03	5	13295	买盘
13:28:48	26.56	-0.03	15	39840	卖盘
13:28:45	26.59	--	2	5318	买盘
13:28:39	26.59	0.03	2	5318	买盘
13:28:27	26.56	--	2	5312	卖盘
13:28:06	26.56	-0.03	15	39840	卖盘
13:27:54	26.59	0.03	20	53180	买盘
13:27:42	26.56	0.04	21	55776	买盘
13:27:30	26.52	--	2	5304	卖盘
13:27:24	26.52	0.01	12	31824	买盘
13:27:18	26.51	--	37	98087	买盘
13:27:12	26.51	-0.01	53	140503	卖盘
13:26:54	26.52	--	16	42432	卖盘
13:26:39	26.52	0.03	2	5304	中性盘
13:25:30	26.49	-0.01	150	397350	卖盘
13:25:03	26.5	--	19	50350	买盘
13:24:54	26.5	--	7	18550	买盘
13:24:45	26.5	--	12	31800	买盘
13:24:42	26.5	--	10	26500	买盘
13:24:39	26.5	--	5	13250	买盘
13:24:36	26.5	--	10	26500	买盘
13:24:33	26.5	--	5	13250	买盘
13:24:30	26.5	--	2	5300	买盘
13:24:21	26.5	--	9	23850	买盘
13:24:18	26.5	--	2	5300	买盘
13:24:12	26.5	--	13	34450	买盘
13:24:06	26.5	--	11	29150	卖盘
13:24:03	26.5	0.01	16	42400	买盘
13:24:00	26.49	--	5	13245	卖盘
13:23:57	26.49	-0.01	1	2649	卖盘
13:23:48	26.5	--	5	13250	买盘
13:23:33	26.5	-0.06	179	474350	卖盘
13:23:27	26.56	0.04	5	13280	买盘
13:23:15	26.52	--	18	47736	买盘
13:23:12	26.52	--	9	23868	买盘
13:23:09	26.52	--	1	2652	买盘
13:22:57	26.52	--	5	13260	买盘
13:22:54	26.52	--	2	5304	买盘
13:22:51	26.52	--	5	13260	买盘
13:22:48	26.52	0.01	5	13260	买盘
13:22:45	26.51	-0.01	1	2651	卖盘
13:22:36	26.52	--	2	5304	买盘
13:22:27	26.52	--	32	84864	买盘
13:22:21	26.52	0.01	8	21216	买盘
13:22:18	26.51	-0.01	1	2651	卖盘
13:22:12	26.52	--	25	66300	买盘
13:22:09	26.52	--	26	68952	买盘
13:22:06	26.52	--	10	26520	买盘
13:21:57	26.52	--	3	7956	买盘
13:21:48	26.52	--	88	233376	买盘
13:21:45	26.52	--	10	26520	买盘
13:21:39	26.52	--	7	18564	买盘
13:21:33	26.52	--	20	53040	买盘
13:21:30	26.52	--	55	145860	买盘
13:21:27	26.52	0.01	2	5304	买盘
13:21:21	26.51	-0.01	10	26510	中性盘
13:21:06	26.52	0.02	59	156468	买盘
13:21:00	26.5	-0.01	2	5300	卖盘
13:20:57	26.51	-0.01	13	34463	卖盘
13:20:54	26.52	--	5	13260	买盘
13:20:51	26.52	-0.09	160	424320	卖盘
13:20:45	26.61	--	12	31932	卖盘
13:20:42	26.61	--	3	7983	卖盘
13:20:30	26.61	0.04	4	10644	卖盘
13:20:24	26.57	0.01	2	5314	中性盘
13:20:15	26.56	--	25	66400	卖盘
13:20:12	26.56	-0.06	1	2656	中性盘
13:19:51	26.62	0.09	30	79860	买盘
13:19:42	26.53	--	51	135303	卖盘
13:19:33	26.53	-0.08	2	5306	卖盘
13:19:30	26.61	0.14	30	79830	买盘
13:19:24	26.47	-0.04	1048	2774056	卖盘
13:18:45	26.51	--	5	13255	卖盘
13:18:42	26.51	-0.11	3	7953	中性盘
13:18:15	26.62	0.14	2	5324	买盘
13:18:00	26.48	--	15	41044	买盘
13:17:57	26.48	--	9	23832	买盘
13:17:54	26.48	0.01	10	26480	买盘
13:17:45	26.47	-0.01	9	23823	卖盘
13:17:42	26.48	-0.14	488	1293548	卖盘
13:17:39	26.62	-0.01	5	13310	中性盘
13:17:27	26.63	0.13	82	218366	买盘
13:17:21	26.5	-0.13	333	882450	卖盘
13:17:06	26.63	--	2	5326	卖盘
13:17:00	26.63	--	15	39945	卖盘
13:16:51	26.63	-0.01	49	130487	卖盘
13:16:48	26.64	--	50	133200	买盘
13:16:27	26.64	--	5	13320	买盘
13:16:21	26.64	--	5	13320	买盘
13:16:18	26.64	0.07	10	26640	买盘
13:16:12	26.57	-0.07	150	398550	卖盘
13:16:09	26.64	--	2	5328	买盘
13:15:45	26.64	0.01	50	133200	买盘
13:15:42	26.63	--	9	23967	买盘
13:15:33	26.63	--	13	34619	买盘
13:15:27	26.63	--	3	7989	买盘
13:15:24	26.63	--	1	2663	买盘
13:14:57	26.63	0.03	23	61249	买盘
13:14:48	26.6	--	25	66500	卖盘
13:14:42	26.6	-0.03	93	247380	卖盘
13:14:30	26.63	0.01	100	266300	买盘
13:14:18	26.62	0.09	103	274186	买盘
13:14:09	26.53	--	25	66325	卖盘
13:14:00	26.53	-0.07	50	132650	中性盘
13:13:24	26.6	0.1	25	66500	买盘
13:13:18	26.5	--	18	47700	卖盘
13:13:00	26.5	-0.11	235	622750	卖盘
13:12:42	26.61	-0.01	17	45237	卖盘
13:12:39	26.62	--	5	13310	卖盘
13:12:21	26.62	--	5	13310	卖盘
13:12:18	26.62	0.01	1	2662	买盘
13:12:06	26.61	--	4	10644	卖盘
13:12:00	26.61	0.08	80	212880	买盘
13:11:57	26.53	--	3	7959	买盘
13:11:51	26.53	--	3	7959	买盘
13:11:48	26.53	0.01	1	2653	买盘
13:11:45	26.52	0.02	33	87516	中性盘
13:11:24	26.5	-0.11	200	530000	卖盘
13:11:21	26.61	0.11	1	2661	买盘
13:10:54	26.5	-0.03	265	702250	卖盘
13:10:24	26.53	--	4	10612	卖盘
13:09:51	26.53	-0.08	6	15918	卖盘
13:09:48	26.61	0.09	8	21288	买盘
13:09:42	26.52	--	100	265200	卖盘
13:09:30	26.52	0.02	16	42432	卖盘
13:09:24	26.5	--	16	43725	买盘
13:09:12	26.5	-0.02	183	486275	卖盘
13:09:06	26.52	--	12	31824	买盘
13:09:03	26.52	--	8	21216	卖盘
13:08:51	26.52	0.02	20	53040	中性盘
13:08:24	26.5	-0.01	100	265000	卖盘
13:08:00	26.51	-0.12	207	548757	卖盘
13:07:54	26.63	0.11	5	13315	买盘
13:07:45	26.52	--	13	34476	买盘
13:07:42	26.52	0.01	2	5304	买盘
13:07:39	26.51	0.01	1	2651	中性盘
13:07:18	26.5	-0.02	258	683700	卖盘
13:07:09	26.52	0.01	9	23868	中性盘
13:07:00	26.51	--	17	45067	卖盘
13:06:48	26.51	-0.13	323	856273	卖盘
13:06:45	26.64	0.01	30	79920	买盘
13:06:24	26.63	0.12	25	66575	买盘
13:05:51	26.51	-0.1	20	53020	卖盘
13:05:39	26.61	0.11	48	127728	买盘
13:05:15	26.5	-0.08	403	1067950	卖盘
13:05:00	26.58	-0.07	64	170112	卖盘
13:04:30	26.65	0.07	16	42640	买盘
13:04:21	26.58	-0.07	200	531600	卖盘
13:03:27	26.65	--	41	109265	卖盘
13:03:12	26.65	0.05	55	146575	买盘
13:02:45	26.6	0.01	129	344470	买盘
13:02:39	26.59	-0.01	36	95724	卖盘
13:02:24	26.6	--	7	18620	买盘
13:02:03	26.6	--	47	125020	买盘
13:01:09	26.6	--	5	13300	买盘
13:00:57	26.6	--	20	53200	买盘
13:00:51	26.6	-0.06	37	98420	卖盘
13:00:36	26.66	--	65	173290	买盘
13:00:15	26.66	0.01	1	2666	买盘
13:00:12	26.65	--	1	2665	卖盘
13:00:09	26.65	--	103	274495	卖盘
13:00:06	26.65	0.01	491	1308515	买盘
13:00:03	26.64	--	0	0	卖盘
11:30:03	26.64	--	0	0	卖盘
11:29:57	26.64	0.06	26	69264	买盘
11:29:45	26.58	--	4	10632	卖盘
11:29:39	26.58	-0.06	5	13290	卖盘
11:29:00	26.64	-0.01	74	197136	卖盘
11:28:42	26.65	0.01	1	2665	买盘
11:28:33	26.64	--	61	162504	买盘
11:28:21	26.64	0.01	40	106560	买盘
11:28:09	26.63	--	8	21304	买盘
11:28:03	26.63	-0.01	8	21304	卖盘
11:27:42	26.64	0.1	91	242424	买盘
11:27:30	26.54	-0.02	45	119430	卖盘
11:27:09	26.56	--	2	5312	买盘
11:27:06	26.56	--	51	135456	买盘
11:26:57	26.56	--	14	37184	买盘
11:26:51	26.56	--	81	215136	买盘
11:26:36	26.56	0.01	50	132800	买盘
11:26:33	26.55	--	18	47790	买盘
11:25:57	26.55	--	2	5310	买盘
11:25:54	26.55	-0.01	30	79650	卖盘
11:25:48	26.56	--	1	2656	买盘
11:25:42	26.56	--	5	13280	买盘
11:25:33	26.56	--	5	13280	买盘
11:25:12	26.56	--	3	7968	买盘
11:25:09	26.56	-0.06	17	45152	卖盘
11:25:00	26.62	--	16	42592	买盘
11:24:57	26.62	--	4	10648	买盘
11:24:39	26.62	--	1	2662	买盘
11:24:33	26.62	--	139	370018	买盘
11:24:27	26.62	-0.01	11	29282	中性盘
11:24:00	26.63	0.06	40	106520	买盘
11:23:42	26.57	--	10	26570	卖盘
11:23:39	26.57	--	2	5314	卖盘
11:23:24	26.57	-0.07	1	2657	中性盘
11:22:24	26.64	-0.01	2	5328	中性盘
11:22:09	26.65	--	6	15990	买盘
11:21:57	26.65	0.1	100	266500	买盘
11:21:36	26.55	0.02	40	106200	买盘
11:21:21	26.53	-0.02	10	26530	卖盘
11:21:12	26.55	--	2	5310	买盘
11:21:09	26.55	--	5	13275	买盘
11:20:57	26.55	--	6	15930	买盘
11:20:51	26.55	--	5	13275	买盘
11:20:48	26.55	-0.06	9	23895	卖盘
11:20:36	26.61	0.01	3	7983	买盘
11:20:24	26.6	0.04	43	114380	买盘
11:20:00	26.56	0.03	22	58432	买盘
11:19:57	26.53	-0.03	20	53060	卖盘
11:19:51	26.56	0.03	23	61088	买盘
11:19:30	26.53	--	10	26530	中性盘
11:19:18	26.53	-0.03	10	26530	卖盘
11:19:03	26.56	0.01	4	10624	买盘
11:19:00	26.55	-0.01	1	2655	卖盘
11:18:54	26.56	--	17	45152	中性盘
11:18:27	26.56	--	1	2656	买盘
11:18:24	26.56	-0.02	9	23904	卖盘
11:18:18	26.58	-0.02	73	194034	卖盘
11:18:15	26.6	--	2	5320	买盘
11:17:42	26.6	--	5	13300	买盘
11:17:39	26.6	0.09	3	7980	买盘
11:16:57	26.51	--	21	55671	买盘
11:16:54	26.51	0.01	1	2651	买盘
11:16:33	26.5	--	2	5326	买盘
11:16:30	26.5	--	12	31800	买盘
11:16:27	26.5	--	2	5300	买盘
11:16:24	26.5	--	1	2650	买盘
11:16:12	26.5	--	94	249100	买盘
11:16:03	26.5	--	1	2650	买盘
11:16:00	26.5	--	5	13250	买盘
11:15:57	26.5	--	2	5300	买盘
11:15:54	26.5	--	14	37100	买盘
11:15:48	26.5	--	1	2650	买盘
11:15:27	26.5	0.01	12	31800	买盘
11:15:21	26.49	--	10	26490	卖盘
11:15:09	26.49	0.01	4	10596	买盘
11:15:00	26.48	-0.01	20	52960	卖盘
11:14:57	26.49	--	2	5298	买盘
11:14:51	26.49	--	17	45033	买盘
11:14:48	26.49	0.01	3	7946	买盘
11:14:39	26.48	--	45	119160	买盘
11:14:33	26.48	--	6	15888	买盘
11:14:30	26.48	-0.01	1	2648	中性盘
11:13:48	26.49	--	1	2649	买盘
11:13:24	26.49	0.07	12	31787	买盘
11:13:06	26.42	-0.01	28	73976	卖盘
11:13:03	26.43	--	8	21144	买盘
11:13:00	26.43	--	8	21144	买盘
11:12:57	26.43	--	31	81933	买盘
11:12:54	26.43	--	3	7929	买盘
11:12:51	26.43	-0.06	135	356805	卖盘
11:12:39	26.49	0.01	3	7946	买盘
11:12:36	26.48	-0.01	10	26480	卖盘
11:12:33	26.49	--	22	58278	买盘
11:12:27	26.49	--	2	5298	买盘
11:12:24	26.49	--	2	5298	买盘
11:12:18	26.49	--	2	5298	买盘
11:12:15	26.49	0.01	2	5298	买盘
11:11:54	26.48	--	1	2648	买盘
11:11:51	26.48	--	1	2648	买盘
11:11:48	26.48	--	2	5296	买盘
11:11:42	26.48	--	7	18536	买盘
11:11:33	26.48	0.03	7	18536	买盘
11:11:24	26.45	0.03	5	13225	中性盘
11:11:12	26.42	--	32	84544	买盘
11:11:09	26.42	-0.01	5	13210	买盘
11:11:06	26.43	--	3	7929	卖盘
11:11:03	26.43	0.03	3	7929	中性盘
11:11:00	26.4	-0.03	186	491040	卖盘
11:10:51	26.43	--	16	42288	卖盘
11:10:48	26.43	-0.06	6	15858	卖盘
11:10:42	26.49	0.09	16	42384	买盘
11:10:33	26.4	-0.09	372	982080	卖盘
11:10:30	26.49	0.07	5	13245	买盘
11:10:24	26.42	-0.06	50	132100	卖盘
11:10:21	26.48	--	5	13240	卖盘
11:10:18	26.48	0.06	25	66200	中性盘
11:09:57	26.42	-0.08	743	1963006	卖盘
11:09:54	26.5	0.01	1	2650	买盘
11:09:51	26.49	-0.01	10	26490	卖盘
11:09:48	26.5	--	3	7950	买盘
11:09:42	26.5	-0.01	161	429273	卖盘
11:09:30	26.51	--	8	21208	买盘
11:09:27	26.51	--	50	132550	卖盘
11:09:12	26.51	-0.09	5	13255	卖盘
11:08:51	26.6	0.09	11	29260	买盘
11:08:45	26.51	--	3	7953	卖盘
11:08:36	26.51	--	3	7953	卖盘
11:08:30	26.51	--	17	45067	卖盘
11:08:12	26.51	0.01	16	42416	买盘
11:08:03	26.5	-0.01	22	58300	卖盘
11:08:00	26.51	0.01	1	2651	买盘
11:07:57	26.5	-0.01	42	111300	卖盘
11:07:48	26.51	0.01	30	79530	买盘
11:07:30	26.5	--	29	76850	卖盘
11:07:27	26.5	-0.01	20	53000	卖盘
11:07:21	26.51	--	5	13255	买盘
11:07:03	26.51	--	41	108691	卖盘
11:06:48	26.51	-0.11	30	79530	卖盘
11:06:27	26.62	0.1	13	34606	买盘
11:06:00	26.52	0.01	5	13260	中性盘
11:05:54	26.51	--	4	10604	卖盘
11:05:39	26.51	-0.01	22	58322	卖盘
11:05:33	26.52	--	10	26520	买盘
11:05:30	26.52	--	8	21216	买盘
11:05:12	26.52	--	5	13260	买盘
11:05:06	26.52	--	2	5304	买盘
11:04:51	26.52	0.01	5	13260	买盘
11:04:48	26.51	-0.01	10	26510	卖盘
11:04:42	26.52	0.01	3	7956	买盘
11:04:33	26.51	-0.01	53	140503	卖盘
11:04:30	26.52	--	17	45084	卖盘
11:04:27	26.52	--	15	39780	卖盘
11:04:09	26.52	-0.01	40	106080	卖盘
11:03:45	26.53	-0.02	7	18571	卖盘
11:03:24	26.55	-0.09	3	7965	中性盘
11:02:54	26.64	0.11	100	266400	买盘
11:02:42	26.53	-0.06	1	2653	卖盘
11:02:36	26.59	0.07	10	26590	买盘
11:02:21	26.52	-0.01	3	7956	卖盘
11:02:18	26.53	--	9	23877	买盘
11:02:15	26.53	--	10	26530	买盘
11:02:09	26.53	0.01	101	267953	买盘
11:02:06	26.52	-0.01	1	2652	卖盘
11:02:00	26.53	--	16	42448	买盘
11:01:54	26.53	--	50	132650	买盘
11:01:51	26.53	--	41	108773	买盘
11:01:39	26.53	--	3	7959	买盘
11:01:36	26.53	--	1	2653	买盘
11:01:27	26.53	0.01	20	53060	买盘
11:01:24	26.52	--	3	7956	买盘
11:01:21	26.52	--	1	2652	买盘
11:01:15	26.52	--	2	5304	买盘
11:01:12	26.52	--	8	21216	卖盘
11:01:03	26.52	--	7	18564	卖盘
11:00:57	26.52	0.01	11	29172	买盘
11:00:45	26.51	--	3	7953	买盘
11:00:39	26.51	--	8	21208	买盘
11:00:36	26.51	--	3	7953	买盘
11:00:30	26.51	--	52	137852	买盘
11:00:27	26.51	--	5	13255	买盘
11:00:24	26.51	--	17	45067	买盘
11:00:21	26.51	--	2	5302	买盘
11:00:18	26.51	--	15	39765	买盘
11:00:06	26.51	--	2	5302	买盘
11:00:00	26.51	0.01	8	21208	买盘
10:59:57	26.5	-0.01	5	13250	卖盘
10:59:39	26.51	0.01	2	5302	中性盘
10:59:36	26.5	--	1	2650	卖盘
10:59:33	26.5	-0.02	42	111300	卖盘
10:59:27	26.52	0.01	2	5304	买盘
10:59:24	26.51	0.01	1	2651	中性盘
10:59:18	26.5	--	5	13250	卖盘
10:59:12	26.5	-0.01	200	530000	卖盘
10:59:03	26.51	-0.02	10	26510	卖盘
10:59:00	26.53	0.02	1	2653	买盘
10:58:57	26.51	--	5	13255	卖盘
10:58:54	26.51	--	4	10604	卖盘
10:58:39	26.51	-0.02	26	68926	卖盘
10:58:24	26.53	--	1	2653	买盘
10:58:15	26.53	--	105	278565	卖盘
10:58:12	26.53	0.02	8	21224	中性盘
10:57:42	26.51	-0.1	100	265100	卖盘
10:57:18	26.61	--	3	7983	卖盘
10:57:06	26.61	--	12	31932	卖盘
10:56:48	26.61	0.1	31	82491	买盘
10:56:45	26.51	-0.07	1	2651	卖盘
10:56:39	26.58	--	10	26580	买盘
10:56:27	26.58	-0.03	9	23922	卖盘
10:56:24	26.61	0.03	5	13305	买盘
10:56:18	26.58	-0.03	1	2658	卖盘
10:56:15	26.61	0.11	10	26610	中性盘
10:56:00	26.5	--	53	140450	卖盘
10:55:36	26.5	--	308	816200	卖盘
10:55:15	26.5	-0.16	1073	2843450	卖盘
10:55:06	26.66	--	6	15996	买盘
10:55:03	26.66	-0.01	39	103974	卖盘
10:54:54	26.67	--	3	8001	买盘
10:54:48	26.67	--	20	53340	买盘
10:54:45	26.67	--	5	13335	买盘
10:54:24	26.67	0.01	20	53340	卖盘
10:54:21	26.66	--	40	106640	卖盘
10:53:24	26.66	0.05	2	5332	买盘
10:52:57	26.61	--	1	2661	买盘
10:52:30	26.61	-0.12	9	23949	卖盘
10:52:18	26.73	0.17	6	16038	买盘
10:50:27	26.56	--	214	568384	买盘
10:50:21	26.56	--	8	21248	买盘
10:50:18	26.56	--	5	13280	买盘
10:50:15	26.56	--	5	13280	买盘
10:50:12	26.56	--	5	13280	买盘
10:50:06	26.56	--	81	215136	买盘
10:50:00	26.56	--	2	5312	买盘
10:49:57	26.56	-0.11	85	225760	卖盘
10:49:51	26.67	0.11	1	2667	中性盘
10:49:36	26.56	-0.2	4	10624	卖盘
10:49:33	26.76	0.17	249	666324	买盘
10:49:21	26.59	-0.01	5	13295	中性盘
10:49:12	26.6	0.05	2	5320	买盘
10:48:39	26.55	0.01	10	26550	卖盘
10:48:21	26.54	-0.06	7	18578	卖盘
10:48:09	26.6	0.06	1	2660	买盘
10:48:00	26.54	-0.06	2	5308	中性盘
10:47:33	26.6	0.08	2	5320	买盘
10:47:21	26.52	--	12	31824	卖盘
10:47:09	26.52	--	1	2652	卖盘
10:47:00	26.52	--	20	53040	卖盘
10:46:54	26.52	--	33	87516	买盘
10:46:51	26.52	--	20	53040	买盘
10:46:48	26.52	--	11	29172	买盘
10:46:42	26.52	--	9	23868	买盘
10:46:39	26.52	--	100	265200	买盘
10:46:33	26.52	0.01	80	212160	买盘
10:46:30	26.51	--	18	47718	买盘
10:46:27	26.51	-0.01	12	31812	卖盘
10:46:21	26.52	--	2	5304	买盘
10:46:18	26.52	--	5	13260	买盘
10:46:15	26.52	--	11	29172	买盘
10:45:51	26.52	0.01	21	55692	买盘
10:45:48	26.51	--	10	26510	买盘
10:45:39	26.51	--	1	2651	买盘
10:45:36	26.51	-0.01	7	18557	中性盘
10:45:33	26.52	0.01	59	156468	买盘
10:45:30	26.51	-0.01	5	13255	卖盘
10:45:27	26.52	--	13	34476	买盘
10:45:24	26.52	--	9	23868	买盘
10:45:21	26.52	--	10	26520	买盘
10:45:15	26.52	0.02	29	76908	买盘
10:45:12	26.5	-0.02	49	129850	卖盘
10:45:09	26.52	-0.1	15	39780	卖盘
10:45:03	26.62	0.12	2	5324	买盘
10:44:48	26.5	--	39	103350	卖盘
10:44:27	26.5	--	19	50350	卖盘
10:44:15	26.5	-0.14	400	1060000	卖盘
10:44:09	26.64	0.03	10	26640	买盘
10:44:06	26.61	--	19	50559	卖盘
10:43:57	26.61	0.03	12	31932	卖盘
10:43:51	26.58	--	6	18180	买盘
10:43:48	26.58	-0.02	23	61559	卖盘
10:43:45	26.6	-0.05	96	255360	卖盘
10:43:42	26.65	-0.01	6	15990	卖盘
10:43:36	26.66	0.01	10	26660	买盘
10:43:27	26.65	0.05	19	50635	买盘
10:43:24	26.6	-0.06	19	50540	卖盘
10:43:15	26.66	0.05	10	26660	买盘
10:43:06	26.61	-0.05	19	50559	卖盘
10:42:51	26.66	0.06	5	13330	买盘
10:42:42	26.6	-0.06	200	532000	卖盘
10:42:33	26.66	--	1	2666	买盘
10:42:30	26.66	--	10	26660	买盘
10:42:24	26.66	--	50	133300	买盘
10:42:21	26.66	0.03	9	23994	买盘
10:42:15	26.63	--	3	7989	卖盘
10:42:12	26.63	--	14	37282	卖盘
10:42:06	26.63	--	25	66575	卖盘
10:41:57	26.63	0.01	3	7989	买盘
10:41:51	26.62	--	50	133100	卖盘
10:41:39	26.62	-0.01	24	63888	卖盘
10:41:36	26.63	0.01	4	10652	买盘
10:41:33	26.62	--	11	29282	卖盘
10:41:30	26.62	-0.01	17	45254	卖盘
10:41:21	26.63	--	1	2663	卖盘
10:41:18	26.63	0.01	19	50597	中性盘
10:41:09	26.62	-0.04	20	53240	中性盘
10:41:00	26.66	0.05	7	18662	买盘
10:40:57	26.61	--	19	50559	卖盘
10:40:45	26.61	--	25	66525	买盘
10:40:42	26.61	--	3	7983	买盘
10:40:39	26.61	--	64	170304	卖盘
10:40:36	26.61	--	10	26610	卖盘
10:40:33	26.61	-0.05	19	50559	卖盘
10:40:30	26.66	0.06	36	95976	买盘
10:40:12	26.6	--	39	103740	卖盘
10:39:51	26.6	-0.06	133	353780	卖盘
10:39:45	26.66	0.05	3	7998	买盘
10:39:42	26.61	-0.05	21	55881	卖盘
10:39:33	26.66	0.05	5	13330	买盘
10:39:30	26.61	-0.05	19	50559	卖盘
10:39:27	26.66	0.05	14	37324	买盘
10:39:24	26.61	-0.05	178	473658	卖盘
10:39:21	26.66	--	10	26660	买盘
10:39:15	26.66	--	22	58652	卖盘
10:39:09	26.66	-0.02	19	50654	卖盘
10:39:03	26.68	0.03	10	26680	买盘
10:38:39	26.65	--	40	106600	卖盘
10:38:27	26.65	-0.03	4	10660	卖盘
10:38:21	26.68	0.03	7	18676	买盘
10:38:15	26.65	--	19	50635	卖盘
10:38:12	26.65	-0.03	2	5330	卖盘
10:38:03	26.68	0.03	33	88044	买盘
10:37:54	26.65	--	5	13325	卖盘
10:37:48	26.65	-0.03	10	26650	卖盘
10:37:30	26.68	--	40	106720	买盘
10:37:27	26.68	--	67	178756	买盘
10:37:24	26.68	0.01	1	2668	买盘
10:37:15	26.67	-0.01	5	13335	卖盘
10:37:12	26.68	0.02	2	5336	买盘
10:37:06	26.66	-0.02	12	31992	卖盘
10:37:03	26.68	-0.04	1	2668	中性盘
10:36:51	26.72	0.06	8	21376	买盘
10:36:48	26.66	-0.02	12	31992	卖盘
10:36:45	26.68	0.02	10	26680	卖盘
10:36:33	26.66	--	5	13330	卖盘
10:36:27	26.66	-0.01	12	31992	卖盘
10:36:18	26.67	0.01	2	5334	中性盘
10:36:03	26.66	-0.08	12	31992	卖盘
10:35:57	26.74	0.02	3	8021	买盘
10:35:42	26.72	--	40	106880	卖盘
10:35:36	26.72	--	3	8016	卖盘
10:35:33	26.72	-0.02	20	53440	卖盘
10:35:30	26.74	--	10	26740	买盘
10:35:24	26.74	0.02	2	5348	买盘
10:35:21	26.72	--	1	2672	卖盘
10:35:18	26.72	--	9	24048	卖盘
10:35:15	26.72	--	12	32064	卖盘
10:35:09	26.72	--	2	5344	卖盘
10:34:54	26.72	0.05	12	32064	中性盘
10:34:33	26.67	-0.12	12	32004	卖盘
10:34:30	26.79	0.04	4	10716	买盘
10:34:27	26.75	-0.05	18	48150	卖盘
10:34:21	26.8	0.08	12	32160	买盘
10:34:15	26.72	-0.01	300	801600	卖盘
10:34:12	26.73	-0.02	52	138996	中性盘
10:33:57	26.75	0.03	10	26750	买盘
10:33:51	26.72	--	12	32064	卖盘
10:33:42	26.72	0.07	247	659984	买盘
10:33:33	26.65	-0.01	12	31980	卖盘
10:33:27	26.66	-0.01	7	18662	卖盘
10:33:18	26.67	--	160	426720	买盘
10:33:15	26.67	--	15	40005	买盘
10:32:51	26.67	--	5	13335	买盘
10:32:48	26.67	-0.04	100	266700	中性盘
10:32:39	26.71	0.04	5	13355	买盘
10:32:33	26.67	--	3	8001	卖盘
10:32:06	26.67	0.06	12	32004	买盘
10:31:54	26.61	--	0	1729	卖盘
10:31:36	26.61	-0.04	10	26610	卖盘
10:31:33	26.65	0.05	5	13325	买盘
10:30:57	26.6	-0.05	49	130340	卖盘
10:30:24	26.65	0.03	10	26650	买盘
10:30:15	26.62	-0.03	6	15972	中性盘
10:30:03	26.65	0.03	11	29315	买盘
10:29:54	26.62	-0.03	2	5324	卖盘
10:29:45	26.65	--	6	15990	买盘
10:29:42	26.65	--	1	2665	卖盘
10:29:21	26.65	--	30	79950	卖盘
10:29:15	26.65	--	20	53300	卖盘
10:29:12	26.65	--	7	18655	卖盘
10:29:06	26.65	--	25	66625	卖盘
10:29:03	26.65	-0.01	10	26650	卖盘
10:28:48	26.66	--	10	26660	买盘
10:28:36	26.66	--	5	13330	买盘
10:28:30	26.66	-0.01	6	15996	卖盘
10:28:09	26.67	--	2	5334	买盘
10:28:03	26.67	--	4	10668	买盘
10:27:57	26.67	-0.03	16	42672	卖盘
10:27:54	26.7	--	12	32040	卖盘
10:27:51	26.7	0.03	76	202920	买盘
10:27:36	26.67	0.01	21	56007	中性盘
10:27:33	26.66	-0.02	8	21328	卖盘
10:27:27	26.68	0.02	5	13340	买盘
10:27:24	26.66	--	40	106640	卖盘
10:27:21	26.66	-0.01	20	53320	卖盘
10:27:18	26.67	--	10	26670	买盘
10:27:15	26.67	--	29	77343	卖盘
10:27:12	26.67	--	10	26670	卖盘
10:27:03	26.67	0.01	36	96012	买盘
10:26:39	26.66	0.01	3	7998	买盘
10:26:36	26.65	-0.01	6	15990	卖盘
10:26:27	26.66	--	37	98642	买盘
10:26:21	26.66	--	4	10664	买盘
10:26:18	26.66	0.01	6	15996	买盘
10:26:06	26.65	--	10	26650	卖盘
10:25:57	26.65	--	10	26650	买盘
10:25:51	26.65	--	9	23985	买盘
10:25:42	26.65	--	13	34645	买盘
10:25:39	26.65	--	3	7995	买盘
10:25:33	26.65	0.04	5	13325	买盘
10:25:18	26.61	0.01	38	101623	买盘
10:25:12	26.6	--	3	7980	买盘
10:25:06	26.6	0.06	33	87780	买盘
10:24:57	26.54	-0.02	26	69004	卖盘
10:24:45	26.56	0.02	18	47808	买盘
10:24:42	26.54	--	20	53080	卖盘
10:24:39	26.54	0.02	409	1085486	买盘
10:24:30	26.52	0.01	5	13260	买盘
10:24:18	26.51	--	3	7953	卖盘
10:24:15	26.51	--	8	21658	买盘
10:24:12	26.51	--	15	39765	买盘
10:24:09	26.51	--	1	2651	买盘
10:24:06	26.51	--	20	53020	买盘
10:24:03	26.51	--	10	26510	买盘
10:24:00	26.51	--	26	68926	买盘
10:23:57	26.51	--	101	269951	卖盘
10:23:36	26.51	--	12	32262	买盘
10:23:33	26.51	0.01	10	26510	买盘
10:23:30	26.5	-0.01	68	180200	卖盘
10:23:21	26.51	0.01	10	26510	买盘
10:23:18	26.5	--	50	132500	卖盘
10:23:15	26.5	-0.01	4	10600	卖盘
10:23:12	26.51	0.01	7	18557	买盘
10:23:09	26.5	--	1	2650	卖盘
10:23:06	26.5	-0.01	20	53000	卖盘
10:23:03	26.51	--	7	18557	买盘
10:23:00	26.51	--	2	5302	买盘
10:22:57	26.51	--	6	15906	买盘
10:22:54	26.51	--	32	84832	买盘
10:22:51	26.51	--	7	18557	买盘
10:22:48	26.51	--	14	37114	买盘
10:22:45	26.51	--	19	50369	卖盘
10:22:39	26.51	--	11	29161	买盘
10:22:36	26.51	--	22	58322	买盘
10:22:33	26.51	--	10	26510	买盘
10:22:30	26.51	--	19	50369	买盘
10:22:27	26.51	--	8	21208	买盘
10:22:24	26.51	--	40	106040	买盘
10:22:21	26.51	--	10	26510	买盘
10:22:18	26.51	0.01	2	5302	买盘
10:22:12	26.5	-0.01	24	63600	卖盘
10:22:09	26.51	--	39	103389	卖盘
10:22:06	26.51	--	26	68926	卖盘
10:22:03	26.51	--	6	15906	卖盘
10:21:54	26.51	--	5	13255	卖盘
10:21:51	26.51	-0.02	3	7953	卖盘
10:21:45	26.53	--	67	177751	买盘
10:21:42	26.53	--	3	7959	买盘
10:21:24	26.53	0.02	5	13265	买盘
10:21:21	26.51	-0.02	170	450670	卖盘
10:21:15	26.53	0.01	9	23877	买盘
10:21:12	26.52	-0.01	48	127296	卖盘
10:21:00	26.53	-0.01	62	166687	卖盘
10:20:57	26.54	--	20	53080	买盘
10:20:54	26.54	--	79	209666	买盘
10:20:51	26.54	0.01	10	26540	买盘
10:20:48	26.53	--	10	26530	卖盘
10:20:45	26.53	-0.01	1	2653	卖盘
10:20:39	26.54	0.01	43	114122	买盘
10:20:36	26.53	--	8	21224	卖盘
10:20:33	26.53	-0.01	20	53060	卖盘
10:20:24	26.54	--	20	53080	买盘
10:20:21	26.54	--	10	26540	买盘
10:20:18	26.54	--	1	2654	买盘
10:20:15	26.54	--	10	26540	买盘
10:20:09	26.54	--	7	18578	买盘
10:20:06	26.54	-0.02	23	61042	中性盘
10:20:03	26.56	-0.01	2	5312	中性盘
10:19:54	26.57	0.03	72	191304	买盘
10:19:51	26.54	--	8	21232	买盘
10:19:48	26.54	-0.03	138	366252	卖盘
10:19:39	26.57	--	4	10628	买盘
10:19:36	26.57	--	29	77053	买盘
10:19:33	26.57	--	54	143478	买盘
10:19:30	26.57	--	10	26570	买盘
10:19:27	26.57	--	45	119565	买盘
10:19:18	26.57	--	2	5314	买盘
10:19:09	26.57	-0.01	10	26570	卖盘
10:19:03	26.58	--	3	7973	买盘
10:19:00	26.58	--	4	10632	买盘
10:18:51	26.58	0.04	5	13290	买盘
10:18:48	26.54	--	38	100852	买盘
10:18:45	26.54	--	20	53080	买盘
10:18:39	26.54	--	15	39810	买盘
10:18:36	26.54	--	2	5308	买盘
10:18:33	26.54	--	8	21232	买盘
10:18:30	26.54	-0.04	64	169856	卖盘
10:18:27	26.58	0.03	105	279090	买盘
10:18:24	26.55	--	3	7965	买盘
10:18:18	26.55	--	10	26550	买盘
10:18:15	26.55	--	29	79145	卖盘
10:18:09	26.55	--	6	15930	卖盘
10:18:06	26.55	--	7	19089	买盘
10:18:00	26.55	--	9	23895	买盘
10:17:54	26.55	--	8	23390	卖盘
10:17:45	26.55	-0.01	30	79650	卖盘
10:17:42	26.56	--	6	16440	买盘
10:17:39	26.56	--	10	26560	买盘
10:17:36	26.56	--	5	13280	买盘
10:17:30	26.56	--	4	10624	买盘
10:17:27	26.56	--	44	116864	买盘
10:17:24	26.56	--	9	23904	买盘
10:17:15	26.56	-0.01	41	111047	卖盘
10:17:09	26.57	--	6	15942	中性盘
10:17:03	26.57	--	21	55797	买盘
10:17:00	26.57	--	30	79710	买盘
10:16:54	26.57	--	34	90338	买盘
10:16:45	26.57	0.01	6	15942	买盘
10:16:39	26.56	-0.01	12	31872	卖盘
10:16:36	26.57	--	1	2657	买盘
10:16:33	26.57	-0.01	24	63768	卖盘
10:16:24	26.58	0.01	5	13290	买盘
10:16:21	26.57	--	7	18599	买盘
10:16:15	26.57	-0.01	2	5314	卖盘
10:16:12	26.58	0.02	28	74424	卖盘
10:16:00	26.56	-0.02	119	316064	卖盘
10:15:54	26.58	0.01	13	34554	买盘
10:15:45	26.57	0.01	15	39855	买盘
10:15:42	26.56	-0.01	8	21248	卖盘
10:15:39	26.57	0.01	11	29227	买盘
10:15:36	26.56	-0.01	52	138112	卖盘
10:15:33	26.57	0.01	16	42512	买盘
10:15:30	26.56	--	16	42496	卖盘
10:15:21	26.56	--	15	40344	卖盘
10:15:18	26.56	--	10	26560	卖盘
10:15:15	26.56	--	5	13280	买盘
10:15:12	26.56	--	27	71712	买盘
10:15:06	26.56	0.01	9	23904	买盘
10:15:03	26.55	-0.02	17	45135	卖盘
10:15:00	26.57	-0.01	1	2657	买盘
10:14:57	26.58	--	25	66450	卖盘
10:14:54	26.58	0.01	36	95688	买盘
10:14:48	26.57	-0.01	27	71739	卖盘
10:14:45	26.58	0.01	85	225930	买盘
10:14:42	26.57	-0.01	22	58454	卖盘
10:14:39	26.58	0.01	40	106320	买盘
10:14:33	26.57	0.04	10	26570	买盘
10:14:27	26.53	--	30	79590	卖盘
10:14:18	26.53	-0.04	62	164486	卖盘
10:14:15	26.57	0.04	50	132850	买盘
10:14:09	26.53	-0.02	18	48205	卖盘
10:14:06	26.55	0.02	2	5310	买盘
10:14:03	26.53	--	2	5306	卖盘
10:13:54	26.53	-0.05	35	92855	卖盘
10:13:51	26.58	0.08	3	7973	买盘
10:13:48	26.5	-0.08	100	265000	卖盘
10:13:45	26.58	0.08	20	53160	买盘
10:13:30	26.5	0.01	102	270300	买盘
10:13:27	26.49	--	223	590727	卖盘
10:13:24	26.49	-0.01	35	92715	卖盘
10:13:21	26.5	--	18	47700	买盘
10:13:18	26.5	0.01	130	344500	买盘
10:13:15	26.49	--	12	31787	卖盘
10:13:03	26.49	--	44	116556	买盘
10:13:00	26.49	--	37	98013	买盘
10:12:57	26.49	--	11	29139	买盘
10:12:54	26.49	--	117	309933	买盘
10:12:48	26.49	--	2	5298	买盘
10:12:45	26.49	--	6	15893	买盘
10:12:42	26.49	0.02	4	10596	中性盘
10:12:39	26.47	-0.03	29	76763	卖盘
10:12:30	26.5	0.04	44	116600	买盘
10:12:27	26.46	--	27	71442	买盘
10:12:24	26.46	--	42	111132	买盘
10:12:21	26.46	--	35	92610	买盘
10:12:12	26.46	0.01	178	470988	买盘
10:12:09	26.45	0.02	20	52900	买盘
10:12:06	26.43	-0.02	18	47574	中性盘
10:12:03	26.45	--	127	335915	买盘
10:12:00	26.45	--	1	2645	买盘
10:11:57	26.45	--	21	55545	买盘
10:11:54	26.45	--	15	39675	买盘
10:11:51	26.45	--	51	134895	买盘
10:11:48	26.45	0.01	49	129605	买盘
10:11:45	26.44	0.03	19	50236	中性盘
10:11:42	26.41	-0.04	55	145255	卖盘
10:11:39	26.45	-0.01	6	15870	中性盘
10:11:33	26.46	--	54	142884	买盘
10:11:30	26.46	0.01	42	111132	买盘
10:11:27	26.45	-0.02	139	367655	卖盘
10:11:24	26.47	-0.01	10	26470	卖盘
10:11:21	26.48	0.02	18	47664	买盘
10:11:18	26.46	-0.01	5	13230	卖盘
10:11:15	26.47	-0.01	1	2647	买盘
10:11:12	26.48	0.01	40	105920	买盘
10:11:09	26.47	-0.01	21	55587	卖盘
10:11:06	26.48	--	5	13240	买盘
10:11:03	26.48	--	28	74144	买盘
10:11:00	26.48	0.02	12	31776	买盘
10:10:57	26.46	-0.04	28	74088	卖盘
10:10:54	26.5	--	7	18550	买盘
10:10:51	26.5	0.01	140	371000	买盘
10:10:48	26.49	-0.01	1	2649	中性盘
10:10:45	26.5	--	16	42400	买盘
10:10:42	26.5	--	36	95400	买盘
10:10:39	26.5	--	43	113950	买盘
10:10:36	26.5	--	21	55650	买盘
10:10:33	26.5	--	170	450500	卖盘
10:10:30	26.5	-0.02	82	217300	卖盘
10:10:27	26.52	0.01	30	79560	买盘
10:10:24	26.51	-0.02	13	34463	中性盘
10:10:21	26.53	0.02	11	29183	卖盘
10:10:18	26.51	--	6	15906	买盘
10:10:15	26.51	-0.03	194	514294	卖盘
10:10:12	26.54	0.03	20	53080	买盘
10:10:09	26.51	--	15	39765	卖盘
10:10:06	26.51	-0.02	30	79530	卖盘
10:10:03	26.53	0.02	3	7959	买盘
10:10:00	26.51	-0.02	56	148456	卖盘
10:09:54	26.53	--	2	5306	买盘
10:09:51	26.53	--	10	26530	买盘
10:09:48	26.53	0.01	93	246729	买盘
10:09:42	26.52	-0.01	17	45084	卖盘
10:09:39	26.53	-0.01	5	13265	中性盘
10:09:30	26.54	0.02	10	26540	买盘
10:09:27	26.52	--	3	7956	买盘
10:09:24	26.52	--	28	74256	买盘
10:09:21	26.52	-0.06	474	1257048	卖盘
10:09:18	26.58	0.02	9	23922	买盘
10:09:15	26.56	--	26	69056	买盘
10:09:06	26.56	--	10	26560	买盘
10:09:03	26.56	--	7	18592	买盘
10:09:00	26.56	0.01	12	31872	买盘
10:08:54	26.55	-0.01	3	7965	中性盘
10:08:51	26.56	0.02	1	2656	买盘
10:08:48	26.54	-0.02	20	53080	卖盘
10:08:45	26.56	--	10	26560	买盘
10:08:42	26.56	-0.02	51	135456	卖盘
10:08:39	26.58	--	2	5316	买盘
10:08:36	26.58	--	13	34554	卖盘
10:08:27	26.58	-0.02	25	66450	卖盘
10:08:21	26.6	--	5	13300	卖盘
10:08:12	26.6	-0.01	4	10640	中性盘
10:08:06	26.61	0.08	17	45237	买盘
10:08:03	26.53	-0.02	7	18571	卖盘
10:08:00	26.55	0.03	6	15930	中性盘
10:07:48	26.52	-0.09	17	45084	卖盘
10:07:45	26.61	0.1	27	71847	中性盘
10:07:39	26.51	-0.14	152	402952	卖盘
10:07:36	26.65	0.03	63	167895	买盘
10:07:33	26.62	0.1	5	13310	中性盘
10:07:30	26.52	-0.06	60	159120	卖盘
10:07:27	26.58	--	62	164796	卖盘
10:07:24	26.58	-0.03	100	265800	卖盘
10:07:21	26.61	--	62	164982	卖盘
10:07:18	26.61	--	36	95796	卖盘
10:07:15	26.61	--	22	58542	卖盘
10:07:12	26.61	0.01	173	460353	买盘
10:07:06	26.6	--	14	37240	买盘
10:07:00	26.6	--	5	13300	买盘
10:06:57	26.6	-0.01	38	101080	卖盘
10:06:54	26.61	-0.03	60	159660	卖盘
10:06:51	26.64	-0.03	42	111888	卖盘
10:06:45	26.67	--	51	136017	买盘
10:06:42	26.67	-0.02	38	101346	卖盘
10:06:39	26.69	0.01	3	8007	买盘
10:06:36	26.68	--	3	8004	买盘
10:06:33	26.68	-0.01	4	10672	卖盘
10:06:30	26.69	-0.01	6	16014	卖盘
10:06:27	26.7	--	1	2670	买盘
10:06:24	26.7	0.03	10	26700	买盘
10:06:15	26.67	-0.02	58	154686	卖盘
10:06:06	26.69	--	123	328287	卖盘
10:06:03	26.69	--	2	5338	买盘
10:06:00	26.69	0.02	6	16014	买盘
10:05:54	26.67	-0.01	20	53340	卖盘
10:05:51	26.68	--	9	24012	卖盘
10:05:48	26.68	-0.02	35	93380	卖盘
10:05:45	26.7	--	18	48060	买盘
10:05:42	26.7	0.02	5	13350	买盘
10:05:39	26.68	-0.02	83	221444	卖盘
10:05:36	26.7	--	25	66750	买盘
10:05:30	26.7	-0.03	165	440550	卖盘
10:05:27	26.73	--	11	29403	卖盘
10:05:24	26.73	-0.01	4	10692	卖盘
10:05:21	26.74	-0.01	13	34762	卖盘
10:05:18	26.75	0.01	2	5350	买盘
10:05:09	26.74	-0.01	7	18718	中性盘
10:05:00	26.75	0.04	5	13375	买盘
10:04:57	26.71	-0.02	132	352572	卖盘
10:04:51	26.73	0.02	21	56133	买盘
10:04:42	26.71	-0.02	10	26710	卖盘
10:04:33	26.73	--	19	50787	买盘
10:04:30	26.73	0.02	2	5346	买盘
10:04:27	26.71	--	1	2671	中性盘
10:04:24	26.71	--	1	2671	卖盘
10:04:12	26.71	-0.09	270	721170	卖盘
10:04:09	26.8	0.04	5	13400	买盘
10:04:06	26.76	-0.04	13	34788	卖盘
10:04:03	26.8	--	55	147400	卖盘
10:03:57	26.8	--	4	10720	卖盘
10:03:54	26.8	--	20	53600	买盘
10:03:51	26.8	--	10	26800	买盘
10:03:39	26.8	--	100	268000	买盘
10:03:30	26.8	0.1	5	13400	买盘
10:03:24	26.7	--	54	144180	卖盘
10:03:12	26.7	-0.02	80	213600	卖盘
10:02:51	26.72	-0.03	60	160320	卖盘
10:02:48	26.75	0.04	50	133750	买盘
10:02:45	26.71	0.01	4	10684	卖盘
10:02:42	26.7	-0.1	151	403170	卖盘
10:02:39	26.8	0.04	86	230480	买盘
10:02:33	26.76	--	14	37464	买盘
10:02:30	26.76	0.05	9	24084	买盘
10:02:27	26.71	-0.05	70	186970	卖盘
10:02:24	26.76	--	5	13380	买盘
10:02:18	26.76	--	9	24084	买盘
10:02:15	26.76	--	10	26760	买盘
10:02:12	26.76	-0.01	10	26760	中性盘
10:02:06	26.77	--	70	187390	买盘
10:02:03	26.77	0.01	89	238253	买盘
10:02:00	26.76	--	1	2676	买盘
10:01:57	26.76	--	39	104364	卖盘
10:01:54	26.76	0.04	5	13380	中性盘
10:01:45	26.72	-0.05	7	18704	卖盘
10:01:42	26.77	--	49	131173	买盘
10:01:39	26.77	0.01	43	115111	买盘
10:01:36	26.76	0.04	2	5352	中性盘
10:01:33	26.72	--	31	82832	卖盘
10:01:27	26.72	--	50	133600	卖盘
10:01:24	26.72	--	8	21376	卖盘
10:01:21	26.72	--	40	106880	买盘
10:01:15	26.72	0.02	1	2672	买盘
10:01:12	26.7	-0.01	80	213600	卖盘
10:01:06	26.71	0.01	8	21368	买盘
10:01:00	26.7	--	47	125490	卖盘
10:00:51	26.7	--	13	34710	买盘
10:00:48	26.7	--	13	34710	买盘
10:00:45	26.7	0.01	33	88110	买盘
10:00:42	26.69	-0.01	18	48042	卖盘
10:00:39	26.7	0.01	23	61410	买盘
10:00:36	26.69	-0.01	2	5338	卖盘
10:00:33	26.7	0.01	18	48060	买盘
10:00:30	26.69	--	1	2669	卖盘
10:00:27	26.69	--	25	66725	卖盘
10:00:24	26.69	--	13	34697	卖盘
10:00:21	26.69	0.01	305	814045	买盘
10:00:18	26.68	--	39	104052	买盘
10:00:15	26.68	--	28	74704	买盘
10:00:12	26.68	--	8	21344	买盘
10:00:09	26.68	0.01	19	50692	买盘
10:00:06	26.67	-0.01	26	69342	卖盘
10:00:03	26.68	--	31	82708	买盘
10:00:00	26.68	--	19	50692	买盘
09:59:57	26.68	0.01	26	69368	买盘
09:59:54	26.67	--	3	8001	卖盘
09:59:51	26.67	-0.01	6	16002	卖盘
09:59:45	26.68	0.01	14	37352	买盘
09:59:42	26.67	--	5	13335	买盘
09:59:39	26.67	--	46	122682	买盘
09:59:36	26.67	-0.01	71	189357	卖盘
09:59:33	26.68	--	13	34684	买盘
09:59:30	26.68	--	5	13340	买盘
09:59:27	26.68	--	76	202768	买盘
09:59:21	26.68	-0.01	42	112056	卖盘
09:59:18	26.69	0.02	9	24021	买盘
09:59:15	26.67	-0.02	32	85344	卖盘
09:59:12	26.69	0.01	185	493765	买盘
09:59:09	26.68	--	3	8004	买盘
09:59:06	26.68	--	20	53360	买盘
09:59:03	26.68	-0.01	7	18676	卖盘
09:59:00	26.69	--	5	13345	买盘
09:58:57	26.69	--	21	56049	买盘
09:58:54	26.69	--	10	26690	买盘
09:58:51	26.69	--	2	5338	买盘
09:58:48	26.69	--	49	130781	买盘
09:58:45	26.69	-0.01	34	90746	卖盘
09:58:42	26.7	--	30	80100	买盘
09:58:33	26.7	0.01	7	18690	买盘
09:58:30	26.69	-0.01	6	16014	卖盘
09:58:27	26.7	--	1	2670	买盘
09:58:24	26.7	--	10	26700	买盘
09:58:21	26.7	-0.02	109	291030	卖盘
09:58:18	26.72	--	5	13360	买盘
09:58:15	26.72	--	24	64128	买盘
09:58:12	26.72	--	23	61456	买盘
09:58:09	26.72	0.01	6	16032	买盘
09:58:06	26.71	-0.01	5	13355	卖盘
09:58:00	26.72	-0.01	7	18704	卖盘
09:57:57	26.73	--	10	26730	买盘
09:57:54	26.73	--	50	133650	买盘
09:57:51	26.73	--	6	16038	卖盘
09:57:48	26.73	0.02	41	109593	中性盘
09:57:45	26.71	-0.03	16	42736	卖盘
09:57:42	26.74	0.01	18	48132	卖盘
09:57:39	26.73	--	3	8019	中性盘
09:57:33	26.73	-0.01	15	40095	卖盘
09:57:30	26.74	--	8	21392	买盘
09:57:27	26.74	-0.01	16	42784	卖盘
09:57:24	26.75	--	37	98975	卖盘
09:57:21	26.75	-0.01	15	40125	卖盘
09:57:18	26.76	--	9	24084	买盘
09:57:12	26.76	--	10	26760	买盘
09:57:09	26.76	--	13	34788	买盘
09:57:06	26.76	-0.02	44	117744	卖盘
09:57:03	26.78	-0.04	1	2678	卖盘
09:56:57	26.82	0.03	43	115326	买盘
09:56:54	26.79	--	3	8037	买盘
09:56:51	26.79	-0.01	266	712614	卖盘
09:56:48	26.8	-0.04	83	222440	卖盘
09:56:45	26.84	0.04	6	16104	买盘
09:56:42	26.8	--	90	241200	卖盘
09:56:39	26.8	--	16	42880	卖盘
09:56:36	26.8	--	21	56280	卖盘
09:56:30	26.8	--	5	13400	卖盘
09:56:27	26.8	--	3	8040	卖盘
09:56:24	26.8	0.03	77	206360	买盘
09:56:18	26.77	-0.03	30	80310	卖盘
09:56:15	26.8	--	20	53600	买盘
09:56:12	26.8	--	31	83080	买盘
09:56:09	26.8	0.01	2	5360	买盘
09:56:06	26.79	-0.01	21	56259	卖盘
09:56:03	26.8	--	10	26800	买盘
09:56:00	26.8	-0.05	386	1034480	卖盘
09:55:57	26.85	0.02	4	10740	买盘
09:55:54	26.83	-0.02	6	16097	卖盘
09:55:51	26.85	--	5	13425	买盘
09:55:48	26.85	--	2	5370	买盘
09:55:45	26.85	--	3	8055	买盘
09:55:42	26.85	--	50	134250	买盘
09:55:36	26.85	--	49	131565	卖盘
09:55:33	26.85	--	20	53700	卖盘
09:55:30	26.85	--	11	29535	卖盘
09:55:27	26.85	--	8	21480	卖盘
09:55:24	26.85	--	26	69810	买盘
09:55:21	26.85	--	64	171840	买盘
09:55:18	26.85	--	9	24165	买盘
09:55:15	26.85	--	2	5370	买盘
09:55:12	26.85	--	6	16110	买盘
09:55:06	26.85	-0.01	92	247020	卖盘
09:55:03	26.86	-0.03	27	72522	卖盘
09:55:00	26.89	0.03	9	24201	买盘
09:54:57	26.86	--	34	91324	买盘
09:54:54	26.86	--	52	139672	买盘
09:54:51	26.86	--	18	48348	买盘
09:54:48	26.86	-0.03	196	526456	卖盘
09:54:45	26.89	0.02	1	2689	买盘
09:54:42	26.87	-0.04	22	59114	卖盘
09:54:39	26.91	--	3	8073	卖盘
09:54:33	26.91	0.01	17	45747	买盘
09:54:30	26.9	0.02	22	59180	买盘
09:54:27	26.88	-0.02	118	317184	卖盘
09:54:24	26.9	--	10	26900	卖盘
09:54:21	26.9	--	3	8070	买盘
09:54:18	26.9	--	2	5380	买盘
09:54:09	26.9	--	5	13450	买盘
09:54:06	26.9	0.01	12	32280	买盘
09:54:03	26.89	--	4	10756	卖盘
09:53:57	26.89	-0.01	57	153273	卖盘
09:53:39	26.9	0.01	4	10760	卖盘
09:53:36	26.89	-0.01	70	188230	卖盘
09:53:27	26.9	--	6	16140	卖盘
09:53:24	26.9	--	5	13450	卖盘
09:53:21	26.9	--	6	16140	卖盘
09:53:12	26.9	0.01	32	86080	买盘
09:53:09	26.89	-0.01	71	190919	卖盘
09:53:06	26.9	--	5	13450	买盘
09:52:57	26.9	--	23	61870	买盘
09:52:54	26.9	--	20	53800	买盘
09:52:51	26.9	0.02	35	94150	买盘
09:52:48	26.88	-0.02	40	107520	卖盘
09:52:45	26.9	--	48	129120	买盘
09:52:42	26.9	--	8	21520	买盘
09:52:39	26.9	--	4	10760	买盘
09:52:36	26.9	0.01	3	8070	买盘
09:52:33	26.89	-0.01	5	13445	卖盘
09:52:30	26.9	--	8	21520	买盘
09:52:27	26.9	-0.1	1	2690	卖盘
09:52:24	27.0	0.1	43	116100	买盘
09:52:18	26.9	--	10	26900	卖盘
09:52:15	26.9	0.02	5	13450	中性盘
09:51:57	26.88	--	60	161280	卖盘
09:51:48	26.88	--	50	134400	卖盘
09:51:45	26.88	--	6	16128	卖盘
09:51:39	26.88	0.01	51	137088	卖盘
09:51:30	26.87	-0.01	50	134350	卖盘
09:51:27	26.88	--	51	137088	买盘
09:51:24	26.88	--	30	80640	买盘
09:51:21	26.88	--	5	13440	买盘
09:51:18	26.88	--	9	24192	买盘
09:51:15	26.88	--	6	16128	买盘
09:51:12	26.88	--	20	53760	买盘
09:51:09	26.88	--	6	16128	中性盘
09:51:06	26.88	--	11	29568	买盘
09:51:03	26.88	0.02	9	24192	买盘
09:51:00	26.86	-0.02	50	134300	卖盘
09:50:54	26.88	0.02	1	2688	卖盘
09:50:45	26.86	--	50	134300	卖盘
09:50:39	26.86	--	5	13430	卖盘
09:50:36	26.86	-0.04	50	134300	买盘
09:50:33	26.9	0.04	6	16140	买盘
09:50:30	26.86	--	10	26860	买盘
09:50:27	26.86	--	21	56406	买盘
09:50:24	26.86	-0.02	13	34918	买盘
09:50:21	26.88	-0.02	13	34944	卖盘
09:50:18	26.9	--	29	78010	买盘
09:50:15	26.9	--	4	10760	买盘
09:50:12	26.9	--	7	18830	买盘
09:50:09	26.9	--	5	13450	买盘
09:50:00	26.9	--	20	53800	买盘
09:49:57	26.9	0.09	20	53800	买盘
09:49:54	26.81	-0.09	575	1541575	卖盘
09:49:51	26.9	--	1	2690	买盘
09:49:48	26.9	--	12	32280	买盘
09:49:45	26.9	--	5	13450	买盘
09:49:42	26.9	--	20	53800	买盘
09:49:39	26.9	-0.1	5	13450	卖盘
09:49:36	27.0	--	20	54000	买盘
09:49:30	27.0	--	1	2700	买盘
09:49:18	27.0	-0.03	12	32400	卖盘
09:49:15	27.03	0.18	10	27030	买盘
09:49:12	26.85	-0.15	493	1323705	卖盘
09:48:54	27.0	--	34	91800	卖盘
09:48:51	27.0	-0.13	11	29700	卖盘
09:48:42	27.13	0.11	204	553452	买盘
09:48:39	27.02	--	191	516082	中性盘
09:48:36	27.02	--	10	27020	买盘
09:48:33	27.02	-0.01	50	135100	卖盘
09:48:30	27.03	--	30	81090	买盘
09:48:18	27.03	-0.01	2	5406	买盘
09:48:12	27.04	-0.1	72	194688	卖盘
09:48:09	27.14	--	7	18998	买盘
09:48:06	27.14	-0.01	9	24426	卖盘
09:48:03	27.15	--	9	24435	买盘
09:48:00	27.15	--	12	32580	买盘
09:47:57	27.15	--	23	62445	买盘
09:47:51	27.15	--	2	5430	买盘
09:47:45	27.15	--	61	165615	卖盘
09:47:30	27.15	-0.05	178	483270	卖盘
09:47:27	27.2	--	35	95200	卖盘
09:47:24	27.2	--	132	359040	卖盘
09:47:21	27.2	--	6	16320	卖盘
09:47:18	27.2	0.01	38	103360	买盘
09:47:15	27.19	--	18	48942	卖盘
09:47:03	27.19	-0.01	108	293652	卖盘
09:47:00	27.2	--	22	59840	卖盘
09:46:57	27.2	--	60	163200	卖盘
09:46:54	27.2	--	30	81600	卖盘
09:46:36	27.2	-0.06	48	130560	中性盘
09:46:33	27.26	0.07	137	373462	买盘
09:46:30	27.19	--	9	26673	卖盘
09:46:27	27.19	--	5	13595	卖盘
09:46:24	27.19	--	43	116917	卖盘
09:46:21	27.19	--	60	163656	买盘
09:46:15	27.19	--	20	54380	买盘
09:46:12	27.19	0.01	36	97884	买盘
09:46:09	27.18	--	33	89694	买盘
09:46:06	27.18	--	4	10872	买盘
09:46:03	27.18	-0.01	3	8154	买盘
09:46:00	27.19	--	25	67975	买盘
09:45:57	27.19	--	8	21752	买盘
09:45:54	27.19	--	4	10876	买盘
09:45:51	27.19	--	30	81570	买盘
09:45:48	27.19	-0.1	349	951133	卖盘
09:45:45	27.29	--	111	302919	买盘
09:45:39	27.29	0.1	44	120076	买盘
09:45:33	27.19	-0.01	224	609572	卖盘
09:45:30	27.2	--	6	16320	买盘
09:45:27	27.2	0.01	22	59840	买盘
09:45:12	27.19	--	206	560114	买盘
09:45:09	27.19	0.05	70	190330	买盘
09:45:06	27.14	--	2	5428	买盘
09:45:03	27.14	--	19	51566	买盘
09:45:00	27.14	--	1	2714	买盘
09:44:57	27.14	-0.05	39	108044	卖盘
09:44:54	27.19	-0.01	1	2719	卖盘
09:44:51	27.2	--	10	27200	买盘
09:44:48	27.2	0.01	5	13600	买盘
09:44:39	27.19	--	124	337672	买盘
09:44:33	27.19	0.05	10	27190	买盘
09:44:30	27.14	-0.02	102	276828	卖盘
09:44:21	27.16	0.02	81	219996	买盘
09:44:15	27.14	--	5	13570	卖盘
09:44:12	27.14	--	165	447810	买盘
09:44:09	27.14	--	16	43424	买盘
09:44:03	27.14	--	10	27140	买盘
09:44:00	27.14	--	10	27140	买盘
09:43:57	27.14	--	15	40710	买盘
09:43:54	27.14	-0.02	100	271400	卖盘
09:43:42	27.16	0.01	49	133084	买盘
09:43:39	27.15	--	8	21720	买盘
09:43:36	27.15	-0.04	17	46155	卖盘
09:43:33	27.19	0.04	100	271900	买盘
09:43:30	27.15	-0.04	147	399105	卖盘
09:43:27	27.19	--	29	78851	买盘
09:43:24	27.19	-0.01	88	239272	买盘
09:43:21	27.2	--	24	65280	卖盘
09:43:18	27.2	--	108	293760	买盘
09:43:15	27.2	--	20	54400	买盘
09:43:06	27.2	0.01	15	40800	买盘
09:43:03	27.19	0.03	6	16314	中性盘
09:43:00	27.16	-0.03	50	135800	卖盘
09:42:57	27.19	--	4	10876	买盘
09:42:48	27.19	--	21	57099	买盘
09:42:45	27.19	-0.01	155	421445	卖盘
09:42:39	27.2	--	4	10880	中性盘
09:42:27	27.2	-0.1	10	27200	卖盘
09:42:24	27.3	0.14	50	136500	买盘
09:42:18	27.16	-0.14	200	543200	卖盘
09:42:15	27.3	--	5	13650	买盘
09:42:12	27.3	--	15	40950	卖盘
09:42:09	27.3	--	5	13650	买盘
09:42:06	27.3	-0.03	11	30030	卖盘
09:42:03	27.33	0.01	32	87456	买盘
09:42:00	27.32	0.02	100	273200	买盘
09:41:57	27.3	--	8	21840	卖盘
09:41:54	27.3	--	13	35490	卖盘
09:41:48	27.3	-0.02	42	114660	卖盘
09:41:45	27.32	0.02	1	2732	买盘
09:41:42	27.3	--	2	5460	卖盘
09:41:39	27.3	--	19	51870	卖盘
09:41:36	27.3	--	20	54600	卖盘
09:41:33	27.3	--	29	79170	卖盘
09:41:30	27.3	--	69	188370	买盘
09:41:27	27.3	0.01	5	13650	买盘
09:41:24	27.29	--	8	21832	卖盘
09:41:21	27.29	-0.01	7	19103	卖盘
09:41:18	27.3	--	16	43680	卖盘
09:41:15	27.3	-0.08	12	32760	卖盘
09:41:12	27.38	0.08	53	145114	买盘
09:41:09	27.3	0.01	3	8190	卖盘
09:41:06	27.29	-0.01	35	95515	中性盘
09:41:03	27.3	--	23	62790	买盘
09:41:00	27.3	0.01	12	32760	买盘
09:40:57	27.29	--	13	35477	买盘
09:40:54	27.29	--	321	876009	买盘
09:40:51	27.29	--	10	27290	买盘
09:40:48	27.29	--	2	5458	买盘
09:40:45	27.29	0.02	12	32748	买盘
09:40:42	27.27	--	2	5454	卖盘
09:40:39	27.27	--	12	32724	卖盘
09:40:36	27.27	--	82	223614	买盘
09:40:33	27.27	--	44	119988	买盘
09:40:30	27.27	0.06	52	141804	买盘
09:40:24	27.21	--	32	87072	卖盘
09:40:18	27.21	0.01	10	27210	卖盘
09:40:15	27.2	--	6	16320	买盘
09:40:12	27.2	0.04	40	108800	买盘
09:40:06	27.16	0.01	200	543200	买盘
09:40:03	27.15	0.03	25	67875	买盘
09:40:00	27.12	--	7	18984	买盘
09:39:45	27.12	0.09	50	135600	买盘
09:39:39	27.03	--	3	8109	买盘
09:39:36	27.03	0.03	4	10812	买盘
09:39:21	27.0	0.1	33	89100	买盘
09:39:18	26.9	--	5	13450	买盘
09:39:15	26.9	--	7	18830	买盘
09:39:12	26.9	-0.05	359	965710	卖盘
09:39:00	26.95	0.03	6	16170	买盘
09:38:48	26.92	0.02	8	21536	买盘
09:38:45	26.9	-0.01	137	368530	卖盘
09:38:42	26.91	--	10	26910	卖盘
09:38:36	26.91	0.01	17	45747	中性盘
09:38:33	26.9	--	9	24210	卖盘
09:38:30	26.9	--	15	40350	卖盘
09:38:27	26.9	--	533	1433770	买盘
09:38:15	26.9	0.04	50	134500	买盘
09:38:12	26.86	--	3	8058	卖盘
09:38:06	26.86	-0.02	20	53720	卖盘
09:38:03	26.88	0.02	12	32256	卖盘
09:38:00	26.86	-0.04	5	13430	卖盘
09:37:51	26.9	0.04	10	26900	中性盘
09:37:45	26.86	-0.05	27	72522	卖盘
09:37:42	26.91	0.01	11	29601	买盘
09:37:39	26.9	-0.01	48	129120	卖盘
09:37:33	26.91	0.06	10	26910	买盘
09:37:30	26.85	--	10	26850	卖盘
09:37:24	26.85	-0.06	100	268500	卖盘
09:37:21	26.91	--	5	13455	买盘
09:37:18	26.91	--	1	2691	买盘
09:37:15	26.91	--	1	2691	买盘
09:37:09	26.91	-0.01	10	26910	中性盘
09:37:00	26.92	--	1	2692	买盘
09:36:57	26.92	-0.01	219	589548	卖盘
09:36:51	26.93	0.02	7	18851	中性盘
09:36:36	26.91	--	30	80730	买盘
09:36:24	26.91	-0.03	3	8073	卖盘
09:36:21	26.94	0.03	100	269400	买盘
09:36:18	26.91	0.01	4	10764	卖盘
09:36:15	26.9	-0.03	14	37660	卖盘
09:36:12	26.93	--	3	8079	买盘
09:36:09	26.93	0.03	1	2693	买盘
09:36:06	26.9	-0.04	9	24210	卖盘
09:35:51	26.94	0.04	17	45798	买盘
09:35:48	26.9	--	9	24210	买盘
09:35:45	26.9	0.01	1	2690	中性盘
09:35:42	26.89	-0.01	4	10756	卖盘
09:35:39	26.9	0.01	5	13450	中性盘
09:35:27	26.89	-0.06	8	21512	卖盘
09:35:15	26.95	0.07	5	13475	买盘
09:35:06	26.88	--	5	13440	卖盘
09:35:00	26.88	--	36	96768	买盘
09:34:54	26.88	--	5	13440	买盘
09:34:51	26.88	--	25	67200	买盘
09:34:48	26.88	--	43	115584	买盘
09:34:45	26.88	--	31	83328	买盘
09:34:42	26.88	--	60	161280	买盘
09:34:39	26.88	-0.07	802	2155776	卖盘
09:34:36	26.95	--	50	134750	买盘
09:34:33	26.95	--	11	29645	买盘
09:34:30	26.95	--	84	226380	买盘
09:34:27	26.95	--	8	21560	买盘
09:34:21	26.95	0.01	6	16170	买盘
09:34:18	26.94	--	7	18858	卖盘
09:34:06	26.94	0.03	15	40410	买盘
09:34:03	26.91	--	11	29601	卖盘
09:34:00	26.91	-0.03	1	2691	卖盘
09:33:57	26.94	0.03	5	13470	买盘
09:33:54	26.91	0.01	4	10764	卖盘
09:33:51	26.9	-0.01	4	10760	卖盘
09:33:45	26.91	0.01	5	13455	中性盘
09:33:33	26.9	--	9	24210	卖盘
09:33:27	26.9	--	16	44654	买盘
09:33:24	26.9	--	5	13450	买盘
09:33:21	26.9	0.01	80	215200	买盘
09:33:18	26.89	-0.01	29	77981	卖盘
09:33:15	26.9	--	11	29590	买盘
09:33:12	26.9	--	14	37660	买盘
09:33:09	26.9	--	100	269000	买盘
09:33:06	26.9	--	13	34970	买盘
09:33:03	26.9	0.01	5	13450	买盘
09:33:00	26.89	-0.05	73	198959	卖盘
09:32:57	26.94	--	7	18858	卖盘
09:32:54	26.94	0.04	7	18884	买盘
09:32:51	26.9	-0.04	2	5380	卖盘
09:32:45	26.94	0.04	24	64656	买盘
09:32:39	26.9	-0.04	36	96840	卖盘
09:32:36	26.94	--	114	307116	卖盘
09:32:33	26.94	-0.01	2	5388	卖盘
09:32:27	26.95	--	4	10780	买盘
09:32:21	26.95	--	11	29645	买盘
09:32:18	26.95	-0.04	44	118580	卖盘
09:32:12	26.99	--	3	8096	买盘
09:32:06	26.99	--	2	5398	买盘
09:32:03	26.99	--	2	5398	买盘
09:32:00	26.99	-0.01	8	21592	卖盘
09:31:57	27.0	0.02	26	70200	买盘
09:31:54	26.98	-0.02	10	26980	卖盘
09:31:51	27.0	--	208	561600	买盘
09:31:48	27.0	0.02	30	81000	买盘
09:31:36	26.98	--	10	26980	买盘
09:31:30	26.98	-0.02	3	8094	卖盘
09:31:21	27.0	0.02	10	27000	买盘
09:31:18	26.98	--	1	2698	卖盘
09:31:15	26.98	-0.01	314	847172	卖盘
09:31:12	26.99	0.01	6	16193	中性盘
09:31:06	26.98	0.08	11	29678	中性盘
09:30:57	26.9	-0.1	5	13450	卖盘
09:30:54	27.0	0.1	50	135000	买盘
09:30:51	26.9	--	4	10760	卖盘
09:30:48	26.9	-0.08	11	29590	卖盘
09:30:39	26.98	--	74	199652	买盘
09:30:30	26.98	0.09	1	2698	卖盘
09:30:21	26.89	0.01	4	10756	中性盘
09:30:18	26.88	-0.01	30	80640	卖盘
09:30:12	26.89	-0.06	48	129072	卖盘
09:30:09	26.95	--	2	5390	卖盘
09:30:06	26.95	-0.03	27	72765	卖盘
09:30:03	26.98	-0.02	2	5396	卖盘
09:25:03	27.0	27	65	175500	买盘
