成交时间	成交价	价格变动	成交量(手)	成交额(元)	性质
15:00:03	43.75	--	552	2417275	买盘
14:57:03	43.75	0.04	53	231875	买盘
14:57:00	43.71	-0.04	6	26226	中性盘
14:56:57	43.75	0.04	56	245000	买盘
14:56:54	43.71	--	105	463151	卖盘
14:56:51	43.71	--	11	48255	卖盘
14:56:48	43.71	-0.04	10	43710	卖盘
14:56:42	43.75	0.04	85	371875	买盘
14:56:39	43.71	0.01	39	170469	买盘
14:56:36	43.7	-0.01	16	69920	卖盘
14:56:33	43.71	--	5	21855	买盘
14:56:30	43.71	--	8	34968	买盘
14:56:27	43.71	--	3	13113	买盘
14:56:24	43.71	--	5	21855	买盘
14:56:21	43.71	--	8	34968	买盘
14:56:18	43.71	--	9	39339	买盘
14:56:15	43.71	--	41	179211	卖盘
14:56:12	43.71	-0.04	21	91791	卖盘
14:56:09	43.75	0.02	27	118125	买盘
14:56:06	43.73	--	1	4373	买盘
14:56:00	43.73	-0.07	42	183666	卖盘
14:55:57	43.8	0.02	5	21900	买盘
14:55:54	43.78	-0.02	6	26268	卖盘
14:55:51	43.8	--	4	17520	买盘
14:55:48	43.8	--	8	37361	卖盘
14:55:45	43.8	-0.01	20	87600	卖盘
14:55:42	43.81	--	11	48191	买盘
14:55:39	43.81	--	15	65715	买盘
14:55:36	43.81	0.05	3	15202	买盘
14:55:33	43.76	-0.05	84	367584	卖盘
14:55:30	43.81	--	29	127049	卖盘
14:55:27	43.81	-0.02	21	92001	卖盘
14:55:24	43.83	0.02	14	61362	买盘
14:55:21	43.81	-0.02	20	87620	卖盘
14:55:18	43.83	0.02	50	219150	买盘
14:55:15	43.81	-0.02	4	17524	卖盘
14:55:12	43.83	0.03	15	65745	买盘
14:55:09	43.8	--	36	157680	卖盘
14:55:06	43.8	-0.05	29	127019	卖盘
14:55:03	43.85	0.04	30	131550	买盘
14:55:00	43.81	--	7	30667	买盘
14:54:57	43.81	--	30	131430	买盘
14:54:54	43.81	-0.01	29	127049	卖盘
14:54:51	43.82	-0.01	3	13146	中性盘
14:54:48	43.83	--	18	78894	卖盘
14:54:45	43.83	-0.02	4	17532	卖盘
14:54:42	43.85	0.02	1	4385	买盘
14:54:39	43.83	-0.02	9	39447	卖盘
14:54:36	43.85	--	2	8770	买盘
14:54:33	43.85	-0.01	24	105240	卖盘
14:54:27	43.86	--	6	26316	买盘
14:54:24	43.86	-0.02	14	61404	卖盘
14:54:21	43.88	--	3	13164	买盘
14:54:18	43.88	--	50	219400	卖盘
14:54:12	43.88	-0.01	5	21940	卖盘
14:54:06	43.89	-0.01	2	8778	卖盘
14:54:03	43.9	--	3	13170	买盘
14:54:00	43.9	--	3	13170	卖盘
14:53:57	43.9	-0.01	8	35120	卖盘
14:53:51	43.91	--	11	48300	买盘
14:53:48	43.91	0.01	9	39519	中性盘
14:53:45	43.9	-0.02	16	70240	卖盘
14:53:42	43.92	--	4	17568	买盘
14:53:39	43.92	--	1	4392	买盘
14:53:33	43.92	-0.03	3	17392	卖盘
14:53:30	43.95	--	1	4395	买盘
14:53:27	43.95	0.03	1	4395	买盘
14:53:24	43.92	-0.01	1	4392	卖盘
14:53:15	43.93	--	6	26358	卖盘
14:53:12	43.93	-0.02	12	52716	卖盘
14:53:03	43.95	--	5	21975	买盘
14:53:00	43.95	-0.02	25	109875	卖盘
14:52:48	43.97	0.01	16	70352	卖盘
14:52:36	43.96	-0.02	9	39564	买盘
14:52:33	43.98	0.02	5	21990	买盘
14:52:30	43.96	-0.02	2	8792	中性盘
14:52:27	43.98	--	45	197910	买盘
14:52:21	43.98	--	43	189114	买盘
14:52:15	43.98	0.01	36	158328	买盘
14:52:12	43.97	--	5	21985	买盘
14:52:09	43.97	-0.01	7	30779	卖盘
14:52:06	43.98	0.01	10	43980	买盘
14:52:03	43.97	--	2	8794	卖盘
14:52:00	43.97	--	6	26382	卖盘
14:51:57	43.97	--	1	4397	卖盘
14:51:54	43.97	--	2	8794	卖盘
14:51:45	43.97	-0.01	4	17588	卖盘
14:51:42	43.98	-0.01	18	79164	卖盘
14:51:36	43.99	--	3	13197	买盘
14:51:30	43.99	--	10	43990	买盘
14:51:27	43.99	--	1	4399	买盘
14:51:21	43.99	--	26	114374	卖盘
14:51:15	43.99	--	7	30793	卖盘
14:51:12	43.99	--	23	101177	卖盘
14:51:06	43.99	--	1	4399	卖盘
14:51:03	43.99	--	24	105576	卖盘
14:50:57	43.99	-0.01	1	4399	卖盘
14:50:48	44.0	--	86	379852	卖盘
14:50:45	44.0	-0.01	91	400400	卖盘
14:50:42	44.01	0.01	1	4401	买盘
14:50:39	44.0	-0.01	21	92400	卖盘
14:50:36	44.01	0.01	3	13203	买盘
14:50:33	44.0	--	28	123200	卖盘
14:50:30	44.0	--	7	30800	卖盘
14:50:24	44.0	-0.01	39	174636	卖盘
14:50:21	44.01	0.01	10	44010	买盘
14:50:18	44.0	-0.01	12	52800	卖盘
14:50:09	44.01	--	3	13203	买盘
14:50:06	44.01	--	11	48411	卖盘
14:50:03	44.01	-0.01	15	66015	卖盘
14:50:00	44.02	0.01	12	52824	买盘
14:49:57	44.01	-0.01	20	88020	卖盘
14:49:54	44.02	--	17	74834	买盘
14:49:48	44.02	--	1	4402	买盘
14:49:42	44.02	--	20	88040	卖盘
14:49:39	44.02	-0.01	5	22010	卖盘
14:49:36	44.03	0.01	1	4403	买盘
14:49:33	44.02	--	2	8804	卖盘
14:49:24	44.02	--	66	290532	卖盘
14:49:15	44.02	0.02	16	70432	买盘
14:49:12	44.0	-0.02	5	22000	卖盘
14:49:09	44.02	--	5	22010	买盘
14:48:57	44.02	0.02	38	167276	买盘
14:48:54	44.0	-0.01	5	22000	卖盘
14:48:51	44.01	--	13	57213	卖盘
14:48:45	44.01	-0.01	6	26406	卖盘
14:48:42	44.02	-0.01	5	22010	买盘
14:48:33	44.03	0.02	20	88060	买盘
14:48:30	44.01	-0.01	40	176040	卖盘
14:48:24	44.02	-0.01	5	22010	卖盘
14:48:18	44.03	--	3	13209	买盘
14:48:15	44.03	0.01	1	4403	买盘
14:48:12	44.02	--	2	8804	卖盘
14:48:06	44.02	-0.01	1	4402	卖盘
14:48:00	44.03	0.01	2	8806	买盘
14:47:54	44.02	0.01	10	44020	中性盘
14:47:45	44.01	--	3	13203	卖盘
14:47:42	44.01	-0.01	9	39609	卖盘
14:47:39	44.02	--	6	26412	卖盘
14:47:36	44.02	0.02	6	26412	买盘
14:47:27	44.0	-0.01	9	39600	卖盘
14:47:21	44.01	--	22	96822	卖盘
14:47:12	44.01	-0.02	18	79218	卖盘
14:47:03	44.03	--	1	4403	买盘
14:47:00	44.03	0.03	6	26418	买盘
14:46:57	44.0	-0.03	20	88000	卖盘
14:46:51	44.03	--	6	26418	买盘
14:46:45	44.03	--	13	57239	卖盘
14:46:42	44.03	--	2	8806	卖盘
14:46:39	44.03	--	20	88060	卖盘
14:46:30	44.03	-0.07	2	8806	卖盘
14:46:27	44.1	0.02	13	57330	买盘
14:46:24	44.08	0.05	2	8816	中性盘
14:46:09	44.03	0.03	8	35224	买盘
14:46:06	44.0	-0.02	1	6512	卖盘
14:45:57	44.02	0.02	1	4402	买盘
14:45:51	44.0	-0.02	33	145200	卖盘
14:45:42	44.02	0.02	27	118854	中性盘
14:45:30	44.0	-0.09	69	303600	卖盘
14:45:18	44.09	0.06	2	8818	中性盘
14:45:12	44.03	-0.08	24	105672	卖盘
14:45:00	44.11	0.05	1	4411	中性盘
14:44:57	44.06	-0.08	22	96932	卖盘
14:44:42	44.14	0.03	6	26484	买盘
14:44:36	44.11	--	13	57343	卖盘
14:44:33	44.11	-0.03	20	88220	卖盘
14:44:27	44.14	0.03	2	8828	买盘
14:44:09	44.11	-0.04	21	92631	卖盘
14:43:57	44.15	0.04	11	48565	买盘
14:43:51	44.11	-0.01	12	52932	卖盘
14:43:45	44.12	--	3	13236	卖盘
14:43:33	44.12	0.01	6	26472	卖盘
14:43:30	44.11	--	6	26466	卖盘
14:43:24	44.11	0.01	18	79398	买盘
14:43:18	44.1	--	2	8820	卖盘
14:43:12	44.1	--	12	52920	卖盘
14:43:09	44.1	--	35	154350	卖盘
14:43:06	44.1	--	1	4410	卖盘
14:43:03	44.1	0.04	45	198450	买盘
14:42:57	44.06	0.04	7	30842	买盘
14:42:51	44.02	-0.04	22	96844	卖盘
14:42:48	44.06	0.04	4	17624	买盘
14:42:33	44.02	--	28	123256	卖盘
14:42:27	44.02	--	9	39618	卖盘
14:42:18	44.02	-0.05	8	35216	卖盘
14:42:15	44.07	0.05	1	4407	中性盘
14:42:03	44.02	-0.05	32	140864	卖盘
14:41:57	44.07	0.04	27	118989	买盘
14:41:54	44.03	--	4	17612	卖盘
14:41:51	44.03	0.01	7	30821	卖盘
14:41:48	44.02	-0.04	10	44020	卖盘
14:41:42	44.06	0.01	3	13218	买盘
14:41:33	44.05	-0.01	4	17620	买盘
14:41:27	44.06	--	6	26436	卖盘
14:41:18	44.06	--	5	22030	卖盘
14:41:15	44.06	--	1	4406	卖盘
14:41:12	44.06	0.04	11	48466	中性盘
14:41:09	44.02	-0.04	38	167276	卖盘
14:40:54	44.06	--	1	4406	买盘
14:40:51	44.06	--	1	4406	买盘
14:40:48	44.06	0.04	5	22030	买盘
14:40:45	44.02	-0.04	10	44020	卖盘
14:40:30	44.06	0.01	13	57278	买盘
14:40:27	44.05	-0.01	1	4405	中性盘
14:40:09	44.06	0.05	9	39654	买盘
14:39:39	44.01	-0.05	1	4401	卖盘
14:39:36	44.06	0.06	1	4406	买盘
14:39:33	44.0	-0.01	21	92400	卖盘
14:39:30	44.01	--	2	8802	中性盘
14:39:24	44.01	--	4	17604	卖盘
14:39:21	44.01	0.01	1	4401	买盘
14:39:15	44.0	-0.01	5	22000	卖盘
14:39:09	44.01	0.01	5	22005	买盘
14:39:03	44.0	--	4	17600	卖盘
14:38:57	44.0	--	25	110000	卖盘
14:38:54	44.0	--	10	44000	卖盘
14:38:45	44.0	-0.01	2	8800	卖盘
14:38:39	44.01	0.01	2	8802	买盘
14:38:36	44.0	--	23	103400	卖盘
14:38:33	44.0	-0.01	3	13200	卖盘
14:38:30	44.01	--	7	30807	买盘
14:38:27	44.01	--	5	22005	买盘
14:38:24	44.01	--	1	4401	买盘
14:38:18	44.01	--	28	123228	卖盘
14:38:09	44.01	--	12	52812	卖盘
14:38:03	44.01	--	10	44010	卖盘
14:38:00	44.01	--	28	123228	卖盘
14:37:54	44.01	-0.01	10	44010	卖盘
14:37:51	44.02	0.01	4	17608	买盘
14:37:48	44.01	-0.01	4	17604	卖盘
14:37:39	44.02	0.01	4	17608	中性盘
14:37:30	44.01	-0.01	25	110025	卖盘
14:37:21	44.02	-0.06	5	22010	卖盘
14:37:15	44.08	--	1	4408	买盘
14:37:09	44.08	0.07	1	4408	买盘
14:37:06	44.01	--	12	52812	卖盘
14:37:00	44.01	-0.04	18	79218	卖盘
14:36:57	44.05	-0.06	11	48455	买盘
14:36:51	44.11	0.1	10	44110	买盘
14:36:48	44.01	-0.09	48	211248	卖盘
14:36:30	44.1	--	5	22050	买盘
14:36:24	44.1	--	28	123480	买盘
14:36:12	44.1	-0.1	8	35280	卖盘
14:35:57	44.2	0.15	10	44200	买盘
14:35:54	44.05	-0.06	121	533005	卖盘
14:35:51	44.11	--	4	17644	买盘
14:35:36	44.11	0.03	1	4411	买盘
14:35:18	44.08	0.09	8	35264	买盘
14:35:12	43.99	-0.01	3	13197	卖盘
14:35:09	44.0	--	4	17600	卖盘
14:35:00	44.0	0.01	7	30800	买盘
14:34:57	43.99	--	11	48389	买盘
14:34:51	43.99	--	2	8798	买盘
14:34:42	43.99	0.03	1	4399	买盘
14:34:39	43.96	0.01	7	30772	买盘
14:34:36	43.95	--	2	8790	卖盘
14:34:33	43.95	-0.01	4	17580	卖盘
14:34:27	43.96	0.01	5	21980	买盘
14:34:24	43.95	-0.01	20	87900	卖盘
14:34:21	43.96	--	2	8792	买盘
14:34:18	43.96	-0.03	3	13188	卖盘
14:34:09	43.99	0.04	4	17596	买盘
14:34:03	43.95	--	18	79110	买盘
14:34:00	43.95	--	5	21975	买盘
14:33:57	43.95	-0.02	80	351600	卖盘
14:33:54	43.97	0.01	12	52764	买盘
14:33:48	43.96	--	3	13188	买盘
14:33:45	43.96	--	20	87920	买盘
14:33:42	43.96	-0.03	86	378056	卖盘
14:33:36	43.99	0.02	11	48389	买盘
14:33:33	43.97	-0.02	10	43970	卖盘
14:33:30	43.99	0.02	1	4399	买盘
14:33:27	43.97	--	10	43970	卖盘
14:33:24	43.97	--	11	48367	买盘
14:33:18	43.97	--	10	43970	买盘
14:33:15	43.97	--	14	61558	买盘
14:33:12	43.97	--	20	87940	买盘
14:33:06	43.97	--	2	8794	买盘
14:33:03	43.97	--	1	4397	买盘
14:32:57	43.97	0.02	6	26382	买盘
14:32:54	43.95	--	19	83505	卖盘
14:32:48	43.95	--	1	4395	买盘
14:32:45	43.95	--	4	17580	卖盘
14:32:42	43.95	--	10	43950	卖盘
14:32:39	43.95	--	6	26370	卖盘
14:32:36	43.95	0.01	25	109875	买盘
14:32:33	43.94	-0.01	27	118638	卖盘
14:32:21	43.95	--	2	8790	卖盘
14:32:18	43.95	-0.02	28	123060	卖盘
14:32:15	43.97	0.01	18	79146	买盘
14:32:12	43.96	--	5	21980	卖盘
14:32:09	43.96	0.01	2	8792	中性盘
14:32:00	43.95	-0.01	6	26370	卖盘
14:31:57	43.96	--	8	35168	卖盘
14:31:54	43.96	-0.01	20	87920	中性盘
14:31:48	43.97	0.03	7	30779	中性盘
14:31:45	43.94	-0.03	26	114244	卖盘
14:31:39	43.97	-0.02	2	8794	卖盘
14:31:36	43.99	--	6	26394	买盘
14:31:30	43.99	--	17	74783	卖盘
14:31:27	43.99	-0.01	10	43990	卖盘
14:31:24	44.0	--	3	13200	买盘
14:31:21	44.0	--	1	4400	买盘
14:31:15	44.0	--	1	4400	买盘
14:31:12	44.0	-0.11	36	158400	卖盘
14:31:06	44.11	--	1	4411	买盘
14:31:00	44.11	--	37	166868	卖盘
14:30:57	44.11	--	6	26466	卖盘
14:30:54	44.11	--	18	79398	卖盘
14:30:45	44.11	-0.08	5	22055	卖盘
14:30:42	44.19	--	5	22095	买盘
14:30:39	44.19	--	3	13257	买盘
14:30:33	44.19	-0.01	48	212112	卖盘
14:30:27	44.2	--	10	44200	卖盘
14:30:21	44.2	-0.01	3	13260	卖盘
14:30:18	44.21	--	21	92841	卖盘
14:30:12	44.21	-0.01	10	44210	卖盘
14:30:09	44.22	--	2	8844	卖盘
14:30:03	44.22	-0.02	7	30954	卖盘
14:29:51	44.24	--	25	110600	买盘
14:29:45	44.24	-0.02	33	145992	卖盘
14:29:42	44.26	--	1	4426	买盘
14:29:36	44.26	-0.02	10	44260	买盘
14:29:33	44.28	0.03	1	4428	中性盘
14:29:30	44.25	-0.01	17	75225	卖盘
14:29:27	44.26	--	17	75242	卖盘
14:29:18	44.26	-0.02	2	8852	卖盘
14:29:15	44.28	0.02	3	13284	买盘
14:29:09	44.26	-0.04	2	8852	卖盘
14:29:00	44.3	--	6	26580	买盘
14:28:57	44.3	--	7	31009	买盘
14:28:54	44.3	--	1	4430	买盘
14:28:51	44.3	0.05	2	8860	中性盘
14:28:42	44.25	-0.05	10	44250	卖盘
14:28:39	44.3	-0.02	3	13290	中性盘
14:28:36	44.32	0.07	13	57616	买盘
14:28:27	44.25	-0.05	20	88500	卖盘
14:28:24	44.3	-0.02	10	44300	中性盘
14:28:09	44.32	0.07	20	88640	买盘
14:28:03	44.25	-0.08	6	26550	卖盘
14:27:54	44.33	0.08	20	88660	买盘
14:27:51	44.25	--	3	13275	卖盘
14:27:45	44.25	--	1	4425	卖盘
14:27:42	44.25	--	3	13275	卖盘
14:27:39	44.25	0.03	5	22125	买盘
14:27:30	44.22	-0.11	30	132660	卖盘
14:27:27	44.33	0.11	1	4433	买盘
14:27:24	44.22	-0.11	38	168036	卖盘
14:27:21	44.33	--	1	4433	买盘
14:27:09	44.33	--	20	88660	买盘
14:26:54	44.33	--	34	150722	卖盘
14:26:51	44.33	--	3	13299	卖盘
14:26:39	44.33	--	3	13299	买盘
14:26:30	44.33	-0.01	3	13299	卖盘
14:26:24	44.34	0.04	18	79812	买盘
14:26:12	44.3	-0.03	2	8860	卖盘
14:26:09	44.33	--	21	93093	买盘
14:25:54	44.33	0.03	20	88660	买盘
14:25:51	44.3	--	1	4430	卖盘
14:25:48	44.3	-0.04	4	17720	卖盘
14:25:39	44.34	0.04	21	93114	买盘
14:25:27	44.3	-0.04	1	4430	卖盘
14:25:24	44.34	-0.01	20	88680	中性盘
14:25:09	44.35	0.01	20	88700	买盘
14:25:06	44.34	--	2	8868	卖盘
14:25:00	44.34	--	16	70944	卖盘
14:24:54	44.34	--	3	13302	买盘
14:24:48	44.34	-0.01	1	4434	买盘
14:24:39	44.35	0.01	24	107193	买盘
14:24:36	44.34	--	5	22170	卖盘
14:24:33	44.34	--	1	4434	卖盘
14:24:30	44.34	--	5	22170	卖盘
14:24:27	44.34	-0.01	10	44340	卖盘
14:24:24	44.35	0.01	20	88700	买盘
14:24:15	44.34	--	1	4434	卖盘
14:24:12	44.34	--	6	26604	卖盘
14:24:09	44.34	0.03	7	34718	买盘
14:24:06	44.31	--	1	4431	卖盘
14:24:03	44.31	-0.03	1	4431	卖盘
14:24:00	44.34	0.03	1	4434	买盘
14:23:54	44.31	0.09	25	110775	买盘
14:23:51	44.22	-0.09	18	79596	卖盘
14:23:48	44.31	0.01	1	4431	买盘
14:23:45	44.3	0.07	25	110750	买盘
14:23:42	44.23	--	16	70768	卖盘
14:23:39	44.23	--	20	88460	卖盘
14:23:36	44.23	--	2	8846	卖盘
14:23:33	44.23	--	7	30960	买盘
14:23:24	44.23	--	29	128266	买盘
14:23:15	44.23	--	19	84037	买盘
14:23:09	44.23	--	21	92883	买盘
14:23:03	44.23	--	4	17692	买盘
14:23:00	44.23	-0.08	17	75191	卖盘
14:22:54	44.31	-0.03	36	159516	买盘
14:22:45	44.34	0.05	20	88680	买盘
14:22:42	44.29	-0.02	3	13287	卖盘
14:22:39	44.31	-0.03	20	88620	中性盘
14:22:36	44.34	0.04	10	44340	买盘
14:22:30	44.3	-0.04	3	13290	卖盘
14:22:24	44.34	0.03	37	164058	中性盘
14:22:21	44.31	--	9	39879	卖盘
14:22:18	44.31	--	2	8862	卖盘
14:22:12	44.31	--	3	13293	卖盘
14:22:09	44.31	--	24	106344	卖盘
14:22:06	44.31	--	20	88620	卖盘
14:22:03	44.31	--	3	13293	卖盘
14:21:54	44.31	-0.01	2	8862	中性盘
14:21:42	44.32	-0.03	40	177280	卖盘
14:21:39	44.35	0.03	20	88700	买盘
14:21:36	44.32	-0.03	2	8864	卖盘
14:21:30	44.35	0.03	2	8870	买盘
14:21:24	44.32	-0.03	21	93072	卖盘
14:21:21	44.35	--	1	4435	买盘
14:21:15	44.35	-0.01	13	57655	卖盘
14:21:09	44.36	-0.01	50	221800	买盘
14:20:54	44.37	--	20	88740	买盘
14:20:51	44.37	--	32	141984	买盘
14:20:45	44.37	--	11	48807	卖盘
14:20:42	44.37	--	2	8874	卖盘
14:20:39	44.37	0.01	18	79866	买盘
14:20:27	44.36	--	1	4436	卖盘
14:20:24	44.36	0.04	15	66540	买盘
14:20:21	44.32	-0.06	21	93072	卖盘
14:20:09	44.38	0.02	21	93198	买盘
14:20:03	44.36	--	11	48796	卖盘
14:19:54	44.36	-0.02	24	106464	卖盘
14:19:45	44.38	--	7	31066	卖盘
14:19:42	44.38	--	3	13314	卖盘
14:19:39	44.38	--	13	57694	买盘
14:19:36	44.38	0.02	5	22190	买盘
14:19:30	44.36	-0.02	3	13308	卖盘
14:19:27	44.38	0.02	1	4438	买盘
14:19:24	44.36	-0.02	50	221800	卖盘
14:19:15	44.38	0.02	5	22190	买盘
14:19:12	44.36	-0.02	2	8872	卖盘
14:19:09	44.38	--	21	93198	买盘
14:19:06	44.38	--	3	13314	买盘
14:19:03	44.38	-0.01	12	53256	卖盘
14:19:00	44.39	0.01	3	13317	买盘
14:18:57	44.38	-0.01	8	35504	卖盘
14:18:54	44.39	0.01	26	115414	买盘
14:18:51	44.38	--	5	22190	卖盘
14:18:39	44.38	0.02	17	75446	买盘
14:18:33	44.36	-0.02	4	17744	卖盘
14:18:30	44.38	0.02	1	4438	买盘
14:18:27	44.36	-0.02	7	31052	卖盘
14:18:24	44.38	0.02	20	88760	买盘
14:18:15	44.36	--	4	17744	卖盘
14:18:09	44.36	0.01	7	31052	买盘
14:18:06	44.35	0.01	1	4435	买盘
14:18:03	44.34	-0.01	10	44340	卖盘
14:18:00	44.35	0.01	2	8870	中性盘
14:17:54	44.34	-0.01	51	226134	卖盘
14:17:51	44.35	--	6	26610	买盘
14:17:45	44.35	--	3	13305	买盘
14:17:42	44.35	0.01	1	4435	买盘
14:17:39	44.34	-0.01	1	4434	卖盘
14:17:36	44.35	0.01	22	97570	买盘
14:17:30	44.34	-0.01	1	4434	卖盘
14:17:27	44.35	0.01	1	4435	买盘
14:17:24	44.34	--	5	22170	卖盘
14:17:21	44.34	0.01	45	199530	买盘
14:17:18	44.33	-0.01	5	22165	中性盘
14:17:09	44.34	--	4	17736	买盘
14:17:06	44.34	0.01	23	101982	买盘
14:16:54	44.33	--	4	17732	卖盘
14:16:51	44.33	0.01	14	62062	买盘
14:16:48	44.32	-0.01	12	53184	卖盘
14:16:36	44.33	0.01	1	4433	买盘
14:16:33	44.32	0.03	8	35456	买盘
14:16:30	44.29	-0.01	12	53148	卖盘
14:16:27	44.3	0.01	3	13290	买盘
14:16:21	44.29	0.02	3	13287	买盘
14:16:06	44.27	--	11	51176	买盘
14:16:03	44.27	--	25	110675	买盘
14:15:51	44.27	--	20	88540	买盘
14:15:45	44.27	--	1	4427	买盘
14:15:39	44.27	0.01	17	75259	买盘
14:15:36	44.26	0.02	10	44260	买盘
14:15:24	44.24	-0.03	2	8848	卖盘
14:15:21	44.27	--	20	88540	买盘
14:15:15	44.27	--	1	4427	买盘
14:15:06	44.27	--	31	139184	卖盘
14:15:03	44.27	-0.03	0	2479	卖盘
14:15:00	44.3	0.01	1	4430	买盘
14:14:54	44.29	--	2	8858	卖盘
14:14:51	44.29	--	18	79722	买盘
14:14:42	44.29	0.02	5	22145	买盘
14:14:39	44.27	-0.02	2	8854	卖盘
14:14:36	44.29	--	20	88580	买盘
14:14:21	44.29	--	26	115154	买盘
14:14:18	44.29	--	10	44290	买盘
14:14:12	44.29	--	3	13287	买盘
14:14:09	44.29	--	1	4429	买盘
14:14:03	44.29	--	4	17716	买盘
14:13:51	44.29	--	34	150586	买盘
14:13:48	44.29	--	1	4429	买盘
14:13:36	44.29	0.01	32	141728	买盘
14:13:21	44.28	-0.05	12	53136	中性盘
14:13:18	44.33	0.05	55	243815	买盘
14:13:12	44.28	-0.01	3	13284	卖盘
14:13:09	44.29	-0.01	4	17716	卖盘
14:13:06	44.3	--	70	310100	买盘
14:12:54	44.3	0.01	2	8860	买盘
14:12:51	44.29	--	19	84151	买盘
14:12:48	44.29	0.01	2	8858	买盘
14:12:39	44.28	--	4	17712	卖盘
14:12:36	44.28	0.01	10	44280	买盘
14:12:33	44.27	--	3	13281	卖盘
14:12:30	44.27	-0.01	2	8854	卖盘
14:12:27	44.28	0.01	1	4428	买盘
14:12:21	44.27	--	15	66405	买盘
14:12:06	44.27	0.02	24	106248	买盘
14:12:03	44.25	-0.02	16	70800	卖盘
14:11:51	44.27	0.02	20	88540	买盘
14:11:48	44.25	-0.02	1	4425	卖盘
14:11:42	44.27	--	1	4427	买盘
14:11:36	44.27	--	21	92967	买盘
14:11:30	44.27	0.02	1	4427	买盘
14:11:27	44.25	-0.02	10	44250	卖盘
14:11:21	44.27	--	20	88540	买盘
14:11:06	44.27	0.02	20	88540	买盘
14:11:03	44.25	-0.02	2	8850	卖盘
14:10:51	44.27	--	33	146091	买盘
14:10:48	44.27	0.02	12	53124	买盘
14:10:45	44.25	-0.02	9	39825	卖盘
14:10:36	44.27	--	20	88540	买盘
14:10:30	44.27	--	49	216923	卖盘
14:10:27	44.27	-0.02	50	221350	卖盘
14:10:24	44.29	--	1	4429	买盘
14:10:21	44.29	0.02	25	110725	买盘
14:10:18	44.27	-0.02	1	4427	卖盘
14:10:06	44.29	--	21	93009	买盘
14:10:03	44.29	--	30	132870	买盘
14:10:00	44.29	--	1	4429	买盘
14:09:57	44.29	-0.01	5	22145	卖盘
14:09:54	44.3	--	6	26580	买盘
14:09:51	44.3	0.01	31	137330	买盘
14:09:39	44.29	-0.01	3	13287	卖盘
14:09:36	44.3	--	23	101890	买盘
14:09:27	44.3	0.01	24	106320	买盘
14:09:24	44.29	--	4	17716	卖盘
14:09:21	44.29	-0.01	22	97438	卖盘
14:09:12	44.3	0.01	1	4430	买盘
14:09:09	44.29	-0.01	16	70864	卖盘
14:09:06	44.3	0.01	20	88600	买盘
14:09:00	44.29	--	11	48719	买盘
14:08:51	44.29	--	20	88580	买盘
14:08:45	44.29	--	10	44290	买盘
14:08:36	44.29	0.02	41	181589	买盘
14:08:33	44.27	--	2	8854	卖盘
14:08:30	44.27	-0.02	1	4427	卖盘
14:08:27	44.29	0.02	1	4429	买盘
14:08:24	44.27	-0.02	3	13281	卖盘
14:08:18	44.29	0.02	26	115154	买盘
14:08:06	44.27	0.03	20	88540	买盘
14:07:57	44.24	--	1	4424	买盘
14:07:51	44.24	0.01	29	128296	买盘
14:07:48	44.23	0.03	2	8846	中性盘
14:07:39	44.2	--	40	176800	卖盘
14:07:36	44.2	-0.04	30	132600	卖盘
14:07:30	44.24	0.04	1	4424	买盘
14:07:27	44.2	--	4	17680	卖盘
14:07:24	44.2	--	3	13260	卖盘
14:07:21	44.2	--	2	8840	卖盘
14:07:18	44.2	0.01	19	83980	买盘
14:07:06	44.19	--	5	22095	买盘
14:06:51	44.19	--	21	92799	中性盘
14:06:45	44.19	0.08	1	4419	中性盘
14:06:42	44.11	-0.09	20	88220	卖盘
14:06:36	44.2	--	20	88400	买盘
14:06:30	44.2	0.09	7	30940	买盘
14:06:27	44.11	-0.08	20	88220	卖盘
14:06:24	44.19	-0.02	6	26514	卖盘
14:06:21	44.21	0.02	25	110525	买盘
14:06:18	44.19	-0.01	50	220950	卖盘
14:06:12	44.2	--	1	4420	卖盘
14:06:09	44.2	--	11	48620	卖盘
14:06:06	44.2	--	13	59979	买盘
14:05:57	44.2	--	2	8840	卖盘
14:05:54	44.2	-0.01	2	8840	卖盘
14:05:51	44.21	--	23	101683	买盘
14:05:48	44.21	--	1	4421	买盘
14:05:45	44.21	-0.04	2	8842	卖盘
14:05:42	44.25	0.06	12	53100	买盘
14:05:39	44.19	-0.06	18	79542	卖盘
14:05:36	44.25	--	20	88500	买盘
14:05:33	44.25	--	1	4425	买盘
14:05:27	44.25	-0.02	11	48675	卖盘
14:05:24	44.27	-0.02	2	8854	卖盘
14:05:21	44.29	--	20	88580	买盘
14:05:12	44.29	-0.01	16	70864	卖盘
14:05:06	44.3	--	27	119609	卖盘
14:05:03	44.3	--	7	31009	卖盘
14:04:57	44.3	--	3	13290	卖盘
14:04:51	44.3	--	8	35440	买盘
14:04:45	44.3	--	5	22150	买盘
14:04:42	44.3	-0.02	2	8860	卖盘
14:04:39	44.32	--	2	8864	卖盘
14:04:36	44.32	--	27	119664	买盘
14:04:27	44.32	0.02	34	150688	买盘
14:04:24	44.3	-0.02	23	101890	卖盘
14:04:21	44.32	0.02	20	88640	买盘
14:04:18	44.3	--	4	17720	卖盘
14:04:15	44.3	-0.02	10	44300	卖盘
14:04:12	44.32	0.02	15	66480	买盘
14:04:06	44.3	--	5	22150	买盘
14:04:03	44.3	--	5	22150	买盘
14:03:57	44.3	--	50	221500	卖盘
14:03:54	44.3	--	1	4430	卖盘
14:03:51	44.3	--	23	101890	卖盘
14:03:48	44.3	--	3	13290	卖盘
14:03:39	44.3	--	5	22150	卖盘
14:03:36	44.3	--	5	22150	买盘
14:03:33	44.3	--	6	26580	买盘
14:03:30	44.3	0.01	55	243649	买盘
14:03:24	44.29	--	23	101867	卖盘
14:03:21	44.29	0.04	26	115154	中性盘
14:03:12	44.25	-0.04	11	48675	卖盘
14:03:06	44.29	0.04	18	79722	买盘
14:02:54	44.25	-0.04	2	8850	卖盘
14:02:51	44.29	0.04	20	88580	买盘
14:02:39	44.25	--	11	48675	卖盘
14:02:36	44.25	--	14	61950	买盘
14:02:33	44.25	0.05	1	4425	买盘
14:02:30	44.2	-0.05	3	13260	卖盘
14:02:21	44.25	--	24	106200	卖盘
14:02:12	44.25	--	4	17700	卖盘
14:02:09	44.25	-0.03	17	75225	卖盘
14:02:06	44.28	0.03	4	17712	买盘
14:02:03	44.25	-0.03	5	22125	卖盘
14:01:57	44.28	-0.01	1	4428	中性盘
14:01:51	44.29	0.09	8	35432	买盘
14:01:45	44.2	--	8	35360	卖盘
14:01:42	44.2	--	4	17680	卖盘
14:01:36	44.2	--	8	35360	买盘
14:01:33	44.2	0.01	3	13260	买盘
14:01:27	44.19	--	4	17676	卖盘
14:01:21	44.19	--	24	106056	卖盘
14:01:18	44.19	--	2	8838	卖盘
14:01:15	44.19	--	20	88380	卖盘
14:01:12	44.19	-0.11	42	185598	卖盘
14:01:09	44.3	--	35	155050	买盘
14:01:06	44.3	--	20	88600	买盘
14:01:03	44.3	--	10	44300	买盘
14:01:00	44.3	-0.05	23	101890	卖盘
14:00:54	44.35	-0.04	1	4435	中性盘
14:00:51	44.39	0.09	20	88780	买盘
14:00:48	44.3	-0.09	5	22150	卖盘
14:00:39	44.39	--	1	4439	买盘
14:00:36	44.39	--	20	88780	买盘
14:00:33	44.39	--	2	10120	卖盘
14:00:30	44.39	-0.01	2	12074	卖盘
14:00:27	44.4	-0.02	2	8880	买盘
14:00:24	44.42	-0.01	12	53304	卖盘
14:00:21	44.43	0.01	41	182163	中性盘
14:00:18	44.42	--	23	102166	卖盘
14:00:15	44.42	--	2	8884	卖盘
14:00:12	44.42	-0.03	7	31094	卖盘
14:00:09	44.45	--	36	160020	买盘
14:00:06	44.45	--	20	88900	买盘
14:00:00	44.45	--	13	57785	买盘
13:59:57	44.45	--	19	84455	卖盘
13:59:54	44.45	--	4	17780	卖盘
13:59:51	44.45	--	6	26670	卖盘
13:59:48	44.45	--	1	4445	卖盘
13:59:45	44.45	0.05	85	377825	买盘
13:59:42	44.4	--	28	124320	卖盘
13:59:33	44.4	--	22	97680	买盘
13:59:30	44.4	--	1	4440	买盘
13:59:27	44.4	0.02	4	17760	买盘
13:59:21	44.38	--	4	17752	买盘
13:59:15	44.38	0.02	15	66570	买盘
13:59:12	44.36	0.06	1	4436	买盘
13:59:03	44.3	0.07	36	159480	买盘
13:58:57	44.23	--	130	574990	卖盘
13:58:54	44.23	--	10	44230	卖盘
13:58:48	44.23	0.03	15	67229	买盘
13:58:42	44.2	-0.03	20	88400	卖盘
13:58:39	44.23	0.03	17	75191	买盘
13:58:36	44.2	--	5	22100	买盘
13:58:30	44.2	--	12	53040	买盘
13:58:27	44.2	--	50	221000	买盘
13:58:21	44.2	--	20	88400	买盘
13:58:18	44.2	--	13	57460	买盘
13:58:12	44.2	0.01	2	8840	买盘
13:58:09	44.19	--	5	22095	卖盘
13:58:06	44.19	0.09	354	1566977	买盘
13:58:03	44.1	--	3	13230	卖盘
13:57:51	44.1	0.01	7	30870	买盘
13:57:45	44.09	--	2	8818	卖盘
13:57:42	44.09	0.01	7	30863	买盘
13:57:39	44.08	-0.01	20	88160	卖盘
13:57:36	44.09	--	1	4409	买盘
13:57:33	44.09	--	8	35272	买盘
13:57:27	44.09	--	1	4409	买盘
13:57:21	44.09	-0.01	5	22045	中性盘
13:57:03	44.1	--	1	4410	买盘
13:57:00	44.1	0.01	22	97020	买盘
13:56:48	44.09	-0.01	2	8818	卖盘
13:56:39	44.1	--	10	44100	买盘
13:56:36	44.1	--	1	4410	中性盘
13:56:30	44.1	--	5	22050	买盘
13:56:24	44.1	--	8	35280	买盘
13:56:18	44.1	--	3	13230	买盘
13:56:12	44.1	--	14	61740	卖盘
13:56:03	44.1	-0.01	42	185220	卖盘
13:56:00	44.11	--	6	26466	买盘
13:55:57	44.11	0.01	1	4411	买盘
13:55:54	44.1	--	9	39690	卖盘
13:55:48	44.1	-0.01	8	35280	卖盘
13:55:45	44.11	0.01	1	4411	买盘
13:55:39	44.1	--	27	119070	卖盘
13:55:36	44.1	--	3	13230	卖盘
13:55:30	44.1	--	1	4410	卖盘
13:55:24	44.1	-0.01	1	4410	卖盘
13:55:21	44.11	0.01	1	4411	买盘
13:55:18	44.1	--	5	22050	卖盘
13:55:15	44.1	0.02	43	189630	买盘
13:55:06	44.08	-0.02	7	30856	卖盘
13:55:03	44.1	--	4	17640	买盘
13:54:45	44.1	--	10	44100	买盘
13:54:42	44.1	--	1	4410	买盘
13:54:33	44.1	--	1	4410	买盘
13:54:24	44.1	-0.01	16	70560	卖盘
13:54:21	44.11	--	1	4411	买盘
13:54:18	44.11	0.01	1	4411	买盘
13:54:15	44.1	-0.01	1	4410	卖盘
13:54:09	44.11	0.01	1	4411	买盘
13:54:03	44.1	--	20	88200	卖盘
13:54:00	44.1	--	20	88200	买盘
13:53:51	44.1	--	12	52920	买盘
13:53:48	44.1	-0.02	2	8820	卖盘
13:53:45	44.12	--	1	4412	买盘
13:53:42	44.12	0.04	5	22060	买盘
13:53:39	44.08	--	20	88160	卖盘
13:53:27	44.08	-0.02	21	92568	卖盘
13:53:21	44.1	--	11	48510	买盘
13:53:15	44.1	--	2	8820	买盘
13:53:00	44.1	0.05	85	374850	买盘
13:52:45	44.05	--	56	246679	买盘
13:52:39	44.05	--	1	4405	买盘
13:52:36	44.05	0.05	10	44050	买盘
13:52:24	44.0	--	4	17600	买盘
13:52:21	44.0	--	13	57200	买盘
13:52:18	44.0	--	1	4400	买盘
13:52:09	44.0	--	1	4400	买盘
13:52:06	44.0	--	1	4400	买盘
13:52:03	44.0	0.03	12	52800	买盘
13:51:57	43.97	--	6	26382	买盘
13:51:51	43.97	--	18	79146	买盘
13:51:48	43.97	--	14	61558	买盘
13:51:39	43.97	--	11	48367	买盘
13:51:36	43.97	--	9	39573	买盘
13:51:33	43.97	0.01	17	74749	买盘
13:51:27	43.96	-0.01	1	4396	卖盘
13:51:24	43.97	0.01	10	43970	买盘
13:51:12	43.96	--	2	8792	中性盘
13:51:03	43.96	--	10	43960	买盘
13:51:00	43.96	--	6	26376	买盘
13:50:57	43.96	--	1	4396	买盘
13:50:54	43.96	--	1	4396	买盘
13:50:51	43.96	0.02	1	4396	买盘
13:50:48	43.94	--	7	30758	卖盘
13:50:36	43.94	0.02	4	17576	买盘
13:50:33	43.92	-0.02	6	26352	卖盘
13:50:27	43.94	0.02	1	4394	买盘
13:50:21	43.92	--	0	175	买盘
13:50:06	43.92	--	6	30568	卖盘
13:50:03	43.92	--	4	17568	卖盘
13:49:54	43.92	0.02	0	175	买盘
13:49:48	43.9	-0.01	50	219500	卖盘
13:49:45	43.91	-0.01	7	30736	卖盘
13:49:42	43.92	--	1	4392	买盘
13:49:39	43.92	--	0	4216	卖盘
13:49:36	43.92	--	4	17743	买盘
13:49:33	43.92	--	23	101016	买盘
13:49:30	43.92	--	2	8784	买盘
13:49:27	43.92	--	1	4392	买盘
13:49:18	43.92	--	2	8784	买盘
13:49:15	43.92	--	6	26352	买盘
13:49:06	43.92	--	5	26176	卖盘
13:49:00	43.92	-0.03	16	70447	卖盘
13:48:48	43.95	0.02	1	4395	买盘
13:48:39	43.93	-0.02	12	56933	卖盘
13:48:27	43.95	0.01	3	13185	买盘
13:48:24	43.94	0.01	4	17576	买盘
13:48:18	43.93	--	7	30926	买盘
13:48:12	43.93	--	7	34968	卖盘
13:48:00	43.93	--	2	8961	买盘
13:47:57	43.93	--	21	92253	买盘
13:47:54	43.93	--	0	4217	卖盘
13:47:45	43.93	--	4	17747	卖盘
13:47:42	43.93	--	7	30751	买盘
13:47:27	43.93	--	2	8786	买盘
13:47:24	43.93	--	7	30751	买盘
13:47:15	43.93	--	1	4393	买盘
13:47:12	43.93	--	1	4393	买盘
13:47:00	43.93	-0.01	29	127397	卖盘
13:46:57	43.94	--	30	131820	买盘
13:46:51	43.94	--	18	79092	买盘
13:46:42	43.94	0.01	3	13182	买盘
13:46:27	43.93	-0.01	3	13179	卖盘
13:46:18	43.94	-0.01	8	35152	卖盘
13:46:09	43.95	--	7	30765	买盘
13:46:06	43.95	--	5	21975	买盘
13:46:03	43.95	--	1	4395	买盘
13:46:00	43.95	--	1	4395	买盘
13:45:54	43.95	0.01	1	4395	买盘
13:45:51	43.94	-0.01	7	30758	中性盘
13:45:33	43.95	0.02	2	8790	买盘
13:45:18	43.93	--	16	70288	买盘
13:45:03	43.93	--	20	87860	买盘
13:45:00	43.93	--	5	21965	卖盘
13:44:57	43.93	--	5	21965	买盘
13:44:54	43.93	--	1	4393	买盘
13:44:51	43.93	--	1	4393	买盘
13:44:48	43.93	--	2	8786	买盘
13:44:42	43.93	--	10	43930	买盘
13:44:21	43.93	0.03	1	4393	买盘
13:44:18	43.9	-0.03	3	13170	卖盘
13:44:12	43.93	0.03	3	13179	买盘
13:44:09	43.9	--	4	17560	买盘
13:44:06	43.9	0.01	4	17560	中性盘
13:44:03	43.89	-0.01	10	43890	卖盘
13:44:00	43.9	--	4	17560	中性盘
13:43:57	43.9	--	1	4390	买盘
13:43:54	43.9	--	6	26340	买盘
13:43:51	43.9	--	8	35120	买盘
13:43:42	43.9	--	25	109750	卖盘
13:43:39	43.9	--	3	13170	买盘
13:43:36	43.9	0.01	1	4390	买盘
13:43:33	43.89	-0.01	1	4389	卖盘
13:43:24	43.9	--	20	87800	买盘
13:43:18	43.9	--	6	26340	卖盘
13:43:09	43.9	--	2	8780	卖盘
13:43:06	43.9	--	2	8780	卖盘
13:43:03	43.9	--	1	4390	买盘
13:43:00	43.9	--	5	21950	买盘
13:42:42	43.9	--	1	4390	买盘
13:42:36	43.9	0.01	5	21950	买盘
13:42:30	43.89	--	1	4389	卖盘
13:42:27	43.89	-0.01	11	48279	卖盘
13:42:24	43.9	--	5	21950	买盘
13:42:21	43.9	--	2	8780	买盘
13:42:18	43.9	0.01	1	4390	买盘
13:42:15	43.89	0.01	0	1623	卖盘
13:42:09	43.88	-0.02	20	87760	卖盘
13:42:06	43.9	0.01	20	87800	买盘
13:42:03	43.89	0.01	3	13167	买盘
13:42:00	43.88	--	1	4388	卖盘
13:41:51	43.88	--	10	43880	卖盘
13:41:48	43.88	0.03	6	26328	买盘
13:41:39	43.85	--	1	4385	卖盘
13:41:33	43.85	--	5	21925	卖盘
13:41:27	43.85	--	13	57005	买盘
13:41:21	43.85	--	2	8770	买盘
13:41:09	43.85	0.04	3	13155	买盘
13:41:06	43.81	-0.04	15	65715	卖盘
13:41:03	43.85	--	8	35080	卖盘
13:40:54	43.85	0.04	3	13155	中性盘
13:40:42	43.81	-0.05	25	109525	卖盘
13:40:39	43.86	-0.04	29	127194	卖盘
13:40:36	43.9	--	2	8780	买盘
13:40:21	43.9	0.04	1	4390	中性盘
13:40:15	43.86	-0.04	10	43860	卖盘
13:40:09	43.9	-0.05	6	26340	卖盘
13:39:57	43.95	--	2	8790	买盘
13:39:54	43.95	--	30	131850	卖盘
13:39:48	43.95	-0.01	6	26370	卖盘
13:39:45	43.96	--	3	13188	买盘
13:39:30	43.96	--	28	123088	卖盘
13:39:27	43.96	-0.01	13	57148	卖盘
13:39:24	43.97	0.01	1	4397	买盘
13:39:21	43.96	-0.01	26	114296	卖盘
13:39:15	43.97	0.01	7	30779	买盘
13:39:12	43.96	-0.01	8	35168	卖盘
13:39:00	43.97	--	1	4397	买盘
13:38:51	43.97	--	4	17588	买盘
13:38:48	43.97	--	16	70352	买盘
13:38:45	43.97	--	1	4397	买盘
13:38:33	43.97	--	10	43970	买盘
13:38:30	43.97	--	6	26382	买盘
13:38:24	43.97	--	13	57161	卖盘
13:38:18	43.97	--	10	43970	卖盘
13:38:15	43.97	--	5	21985	卖盘
13:38:09	43.97	--	4	17588	卖盘
13:38:06	43.97	--	17	74749	卖盘
13:38:00	43.97	-0.01	3	13191	卖盘
13:37:57	43.98	--	4	17592	买盘
13:37:54	43.98	--	2	8796	买盘
13:37:48	43.98	--	2	8796	买盘
13:37:45	43.98	0.01	1	4398	买盘
13:37:42	43.97	-0.01	1	4397	卖盘
13:37:39	43.98	--	14	61571	买盘
13:37:33	43.98	0.01	1	4398	买盘
13:37:27	43.97	-0.01	7	30779	卖盘
13:37:24	43.98	--	9	39582	卖盘
13:37:21	43.98	0.01	4	17592	买盘
13:37:18	43.97	-0.01	1	4397	卖盘
13:37:12	43.98	--	2	8796	买盘
13:36:54	43.98	--	3	13193	买盘
13:36:51	43.98	--	3	13193	卖盘
13:36:39	43.98	--	11	48378	卖盘
13:36:36	43.98	--	2	8796	卖盘
13:36:33	43.98	--	5	21990	卖盘
13:36:21	43.98	-0.05	2	8796	卖盘
13:36:18	44.03	0.05	1	4403	买盘
13:36:15	43.98	-0.05	5	21990	卖盘
13:36:06	44.03	--	1	4403	买盘
13:36:00	44.03	--	1	4403	买盘
13:35:45	44.03	--	1	4403	买盘
13:35:36	44.03	0.05	7	30821	买盘
13:35:33	43.98	--	2	8796	卖盘
13:35:30	43.98	0.01	2	8796	中性盘
13:35:24	43.97	--	32	140704	卖盘
13:35:18	43.97	--	3	13191	卖盘
13:35:06	43.97	--	12	52764	卖盘
13:35:03	43.97	0.01	7	30779	买盘
13:35:00	43.96	-0.01	1	4396	卖盘
13:34:54	43.97	0.01	1	4397	买盘
13:34:51	43.96	-0.01	6	26376	卖盘
13:34:48	43.97	--	3	13191	买盘
13:34:45	43.97	--	16	70352	买盘
13:34:27	43.97	--	1	4397	买盘
13:34:21	43.97	--	7	30779	买盘
13:34:18	43.97	-0.06	179	787063	卖盘
13:34:06	44.03	--	1	4403	买盘
13:34:00	44.03	--	7	30821	买盘
13:33:57	44.03	--	1	4403	卖盘
13:33:54	44.03	--	2	8806	买盘
13:33:51	44.03	0.01	1	4403	买盘
13:33:45	44.02	-0.01	3	13206	卖盘
13:33:33	44.03	--	17	74851	卖盘
13:33:27	44.03	-0.05	3	13209	卖盘
13:33:21	44.08	--	5	22040	买盘
13:32:57	44.08	--	1	4408	买盘
13:32:51	44.08	--	1	4408	买盘
13:32:48	44.08	--	1	4408	买盘
13:32:45	44.08	-0.01	1	4408	中性盘
13:32:39	44.09	--	1	4409	买盘
13:32:30	44.09	--	6	26454	买盘
13:31:54	44.09	--	5	22045	买盘
13:31:51	44.09	--	10	44090	买盘
13:31:33	44.09	--	3	13227	买盘
13:31:27	44.09	0.08	1	4409	买盘
13:31:12	44.01	--	4	17604	买盘
13:31:09	44.01	--	8	35208	买盘
13:31:06	44.01	0.01	3	13203	买盘
13:31:03	44.0	-0.01	6	26400	卖盘
13:31:00	44.01	--	7	30807	买盘
13:30:51	44.01	0.01	1	4401	买盘
13:30:39	44.0	--	1	4400	卖盘
13:30:36	44.0	--	2	8800	卖盘
13:30:24	44.0	--	5	22000	买盘
13:30:18	44.0	--	1	4400	买盘
13:30:15	44.0	0.01	7	30800	买盘
13:30:12	43.99	-0.01	16	70384	卖盘
13:30:09	44.0	--	1	4400	买盘
13:30:06	44.0	--	2	8800	买盘
13:29:57	44.0	--	3	13200	买盘
13:29:54	44.0	--	3	13200	买盘
13:29:51	44.0	--	10	44000	卖盘
13:29:45	44.0	--	5	22000	卖盘
13:29:42	44.0	--	5	22000	卖盘
13:29:39	44.0	--	5	22000	卖盘
13:29:36	44.0	--	5	22000	买盘
13:29:33	44.0	--	7	30800	买盘
13:29:30	44.0	--	13	57200	买盘
13:29:27	44.0	0.01	4	17600	买盘
13:29:21	43.99	--	4	17596	卖盘
13:29:18	43.99	0.02	1	4399	中性盘
13:29:15	43.97	-0.02	7	30779	卖盘
13:29:12	43.99	-0.01	5	21995	中性盘
13:29:03	44.0	0.01	76	334400	买盘
13:29:00	43.99	--	24	105576	卖盘
13:28:51	43.99	-0.01	28	123172	卖盘
13:28:48	44.0	0.01	6	26400	买盘
13:28:45	43.99	-0.01	9	39591	卖盘
13:28:42	44.0	-0.01	8	35200	卖盘
13:28:39	44.01	--	18	79218	买盘
13:28:36	44.01	0.01	4	17604	买盘
13:28:33	44.0	--	110	484000	卖盘
13:28:30	44.0	--	1	4400	卖盘
13:28:18	44.0	-0.01	1	4400	卖盘
13:28:12	44.01	-0.04	155	682155	卖盘
13:28:09	44.05	-0.08	8	35240	卖盘
13:27:51	44.13	--	1	4413	买盘
13:27:48	44.13	0.09	11	48543	买盘
13:27:45	44.04	-0.09	2	8808	卖盘
13:27:42	44.13	-0.01	1	4413	卖盘
13:27:39	44.14	0.11	8	35312	买盘
13:27:27	44.03	--	2	8806	卖盘
13:27:24	44.03	--	38	167314	卖盘
13:27:09	44.03	0.01	2	8806	中性盘
13:27:06	44.02	-0.14	12	52824	卖盘
13:26:33	44.16	0.14	1	4416	中性盘
13:26:30	44.02	-0.08	37	162874	卖盘
13:26:27	44.1	--	2	8820	买盘
13:26:18	44.1	-0.06	106	467460	卖盘
13:26:15	44.16	--	29	128063	买盘
13:26:12	44.16	0.02	1	4416	买盘
13:26:06	44.14	-0.02	1	4414	卖盘
13:25:57	44.16	0.02	7	30911	买盘
13:25:54	44.14	-0.01	6	26484	卖盘
13:25:48	44.15	-0.01	4	17660	中性盘
13:25:42	44.16	--	20	88320	买盘
13:25:39	44.16	--	10	44160	买盘
13:25:33	44.16	--	30	132480	买盘
13:25:30	44.16	--	28	123647	卖盘
13:25:24	44.16	-0.01	10	44160	卖盘
13:25:21	44.17	0.01	1	4417	买盘
13:25:12	44.16	--	34	150144	买盘
13:24:54	44.16	--	22	97151	卖盘
13:24:48	44.16	--	2	8832	卖盘
13:24:39	44.16	--	88	388607	买盘
13:24:33	44.16	0.01	1	4416	买盘
13:24:18	44.15	--	1	4415	买盘
13:24:15	44.15	-0.01	12	52980	卖盘
13:24:09	44.16	--	1	4416	买盘
13:23:51	44.16	0.01	9	39744	买盘
13:23:45	44.15	-0.01	8	35320	卖盘
13:23:30	44.16	--	14	61823	买盘
13:23:24	44.16	--	1	4416	买盘
13:23:09	44.16	--	7	30911	买盘
13:23:03	44.16	-0.01	21	92736	卖盘
13:22:54	44.17	0.01	12	53004	买盘
13:22:51	44.16	-0.01	25	110399	卖盘
13:22:42	44.17	0.01	1	4417	买盘
13:22:33	44.16	-0.01	5	22080	卖盘
13:22:30	44.17	0.01	11	48587	买盘
13:22:24	44.16	-0.01	2	8832	卖盘
13:22:09	44.17	--	1	4417	中性盘
13:21:57	44.17	0.01	1	4417	中性盘
13:21:54	44.16	-0.02	31	136896	卖盘
13:21:42	44.18	--	1	4418	买盘
13:21:39	44.18	0.02	2	8836	买盘
13:21:36	44.16	--	45	198719	卖盘
13:21:24	44.16	-0.02	16	70656	卖盘
13:21:15	44.18	0.02	1	4418	买盘
13:21:09	44.16	-0.02	2	8832	卖盘
13:21:00	44.18	0.02	1	4418	买盘
13:20:30	44.16	-0.02	8	35328	卖盘
13:20:27	44.18	0.02	1	4418	买盘
13:20:06	44.16	-0.01	23	101567	卖盘
13:20:00	44.17	0.01	2	8834	买盘
13:19:57	44.16	-0.01	55	242879	卖盘
13:19:36	44.17	--	2	8834	买盘
13:19:24	44.17	--	1	4417	买盘
13:19:18	44.17	--	1	4417	买盘
13:19:12	44.17	0.01	7	30919	买盘
13:18:54	44.16	-0.01	2	8832	卖盘
13:18:51	44.17	0.01	2	8834	买盘
13:18:39	44.16	--	6	26495	卖盘
13:18:33	44.16	-0.01	2	8832	卖盘
13:18:27	44.17	--	5	22085	买盘
13:18:24	44.17	--	3	13251	买盘
13:18:09	44.17	--	6	26502	买盘
13:18:03	44.17	--	1	4417	买盘
13:17:57	44.17	0.01	1	4417	买盘
13:17:48	44.16	--	4	17664	买盘
13:17:30	44.16	-0.01	1	4416	卖盘
13:17:18	44.17	--	2	8834	买盘
13:16:51	44.17	0.02	1	4417	买盘
13:16:24	44.15	-0.02	8	35320	卖盘
13:16:21	44.17	--	7	30919	买盘
13:16:18	44.17	-0.01	4	17668	卖盘
13:16:09	44.18	0.01	1	4418	买盘
13:16:00	44.17	0.01	5	22085	卖盘
13:15:57	44.16	--	7	30911	买盘
13:15:54	44.16	-0.02	4	17664	中性盘
13:15:36	44.18	0.03	1	4418	买盘
13:15:30	44.15	0.02	2	8830	买盘
13:15:27	44.13	--	5	22065	卖盘
13:15:00	44.13	--	3	13239	卖盘
13:14:57	44.13	0.02	5	22065	买盘
13:14:51	44.11	--	2	8822	买盘
13:14:42	44.11	-0.01	6	26466	卖盘
13:14:39	44.12	--	5	22060	买盘
13:14:30	44.12	0.02	1	4412	买盘
13:14:24	44.1	-0.01	2	8820	卖盘
13:14:21	44.11	0.01	10	44110	买盘
13:14:18	44.1	--	1	4410	卖盘
13:14:00	44.1	--	2	8820	卖盘
13:13:57	44.1	-0.01	4	17640	卖盘
13:13:45	44.11	--	2	8822	买盘
13:13:39	44.11	-0.01	1	4411	卖盘
13:13:24	44.12	0.01	7	30884	买盘
13:13:21	44.11	-0.01	5	22055	卖盘
13:13:18	44.12	0.01	2	8824	买盘
13:13:12	44.11	-0.01	2	8822	卖盘
13:13:09	44.12	0.01	1	4412	买盘
13:13:03	44.11	-0.01	1	4411	卖盘
13:13:00	44.12	0.01	1	4412	买盘
13:12:54	44.11	-0.01	5	22055	中性盘
13:12:51	44.12	0.01	3	13236	买盘
13:12:45	44.11	-0.01	2	8822	卖盘
13:12:42	44.12	--	4	17648	买盘
13:12:33	44.12	-0.01	18	79416	卖盘
13:12:21	44.13	--	28	123564	买盘
13:12:09	44.13	-0.05	22	97086	卖盘
13:11:57	44.18	0.05	1	4418	买盘
13:11:39	44.13	-0.05	2	8826	卖盘
13:11:21	44.18	--	1	4418	买盘
13:11:15	44.18	--	2	8836	买盘
13:11:09	44.18	--	21	92778	买盘
13:10:45	44.18	--	1	4418	买盘
13:10:09	44.18	--	21	92778	买盘
13:09:42	44.18	0.03	1	4418	买盘
13:09:36	44.15	0.01	21	92715	买盘
13:09:30	44.14	-0.01	1	4414	中性盘
13:09:27	44.15	--	8	35320	卖盘
13:09:24	44.15	0.04	12	52980	买盘
13:09:15	44.11	-0.04	2	8822	卖盘
13:09:03	44.15	-0.03	5	22075	卖盘
13:09:00	44.18	--	3	13254	买盘
13:08:54	44.18	0.02	22	97196	买盘
13:08:51	44.16	--	5	22080	买盘
13:08:48	44.16	--	10	45926	卖盘
13:08:42	44.16	-0.02	5	22080	卖盘
13:08:24	44.18	--	1	4418	买盘
13:08:18	44.18	--	1	4418	买盘
13:08:09	44.18	--	4	17672	买盘
13:08:03	44.18	--	1	4418	买盘
13:07:57	44.18	0.02	1	4418	买盘
13:07:45	44.16	--	10	44160	卖盘
13:07:36	44.16	-0.01	7	30911	卖盘
13:07:33	44.17	--	2	9275	买盘
13:07:30	44.17	--	5	22085	买盘
13:07:18	44.17	--	1	4417	买盘
13:07:12	44.17	--	2	8834	买盘
13:07:06	44.17	-0.01	6	26502	卖盘
13:07:00	44.18	--	5	22090	买盘
13:06:57	44.18	--	16	70688	买盘
13:06:51	44.18	0.01	20	88360	买盘
13:06:45	44.17	-0.01	2	8834	卖盘
13:06:42	44.18	0.02	45	198810	买盘
13:06:39	44.16	--	22	97151	卖盘
13:06:33	44.16	--	5	24287	买盘
13:06:24	44.16	--	1	4416	买盘
13:06:21	44.16	0.02	4	17664	买盘
13:05:51	44.14	0.03	1	4414	买盘
13:05:42	44.11	-0.02	7	30877	卖盘
13:05:39	44.13	0.02	1	4413	买盘
13:05:33	44.11	--	1	4411	卖盘
13:05:27	44.11	0.01	2	8822	买盘
13:05:21	44.1	--	1	4410	卖盘
13:04:48	44.1	--	12	52920	买盘
13:04:45	44.1	--	1	4410	买盘
13:04:42	44.1	--	1	4410	买盘
13:04:39	44.1	--	1	4410	买盘
13:04:24	44.1	--	15	66150	买盘
13:04:15	44.1	--	1	4410	买盘
13:04:00	44.1	-0.01	2	8820	卖盘
13:03:54	44.11	0.01	1	4411	买盘
13:03:51	44.1	-0.01	3	13230	卖盘
13:03:48	44.11	--	22	97042	买盘
13:03:33	44.11	--	3	13233	买盘
13:03:30	44.11	--	11	48521	买盘
13:03:27	44.11	--	1	4411	买盘
13:03:06	44.11	0.01	1	4411	买盘
13:03:03	44.1	0.02	4	17640	买盘
13:02:54	44.08	-0.02	1	4408	卖盘
13:02:51	44.1	--	5	22050	买盘
13:02:12	44.1	--	1	4410	买盘
13:01:51	44.1	-0.01	19	83790	卖盘
13:01:48	44.11	--	2	8822	买盘
13:01:39	44.11	0.01	2	8822	买盘
13:01:33	44.1	-0.01	2	8820	卖盘
13:01:27	44.11	--	1	4411	买盘
13:01:24	44.11	--	1	4411	买盘
13:01:18	44.11	0.01	2	8822	买盘
13:01:12	44.1	--	7	30870	卖盘
13:01:03	44.1	-0.01	10	44100	卖盘
13:01:00	44.11	0.01	20	88220	买盘
13:00:45	44.1	--	4	17640	卖盘
13:00:09	44.1	-0.02	45	198450	卖盘
13:00:06	44.12	0.02	26	114712	买盘
13:00:03	44.1	--	0	0	卖盘
11:30:03	44.1	--	0	0	卖盘
11:29:57	44.1	0.05	8	35280	买盘
11:29:54	44.05	-0.01	10	44050	卖盘
11:29:51	44.06	--	1	4406	中性盘
11:29:45	44.06	--	4	17624	买盘
11:29:36	44.06	-0.06	8	35248	卖盘
11:29:18	44.12	0.06	1	4412	买盘
11:28:57	44.06	-0.06	3	13218	卖盘
11:28:48	44.12	--	1	4412	买盘
11:28:39	44.12	0.02	1	4412	买盘
11:28:33	44.1	-0.02	1	4410	中性盘
11:27:54	44.12	0.02	10	44120	买盘
11:27:39	44.1	--	1	4410	买盘
11:27:36	44.1	0.05	1	4410	买盘
11:27:33	44.05	0.03	5	22025	买盘
11:27:30	44.02	-0.03	2	8804	卖盘
11:27:27	44.05	--	1	4405	买盘
11:27:15	44.05	--	6	26430	买盘
11:27:09	44.05	--	1	4405	买盘
11:26:42	44.05	0.03	10	44050	买盘
11:26:27	44.02	0.01	4	18620	买盘
11:26:18	44.01	-0.01	1	4401	卖盘
11:26:12	44.02	0.02	3	13206	买盘
11:26:09	44.0	-0.01	1	4400	买盘
11:26:03	44.01	-0.01	6	26406	中性盘
11:26:00	44.02	0.01	31	136462	买盘
11:25:42	44.01	0.01	86	378486	买盘
11:25:36	44.0	-0.01	10	44000	卖盘
11:25:30	44.01	0.01	1	4401	买盘
11:25:24	44.0	--	2	8800	买盘
11:25:15	44.0	--	10	44000	买盘
11:25:12	44.0	-0.01	15	66000	卖盘
11:25:03	44.01	0.01	13	57213	买盘
11:24:54	44.0	--	4	17600	卖盘
11:24:48	44.0	0.02	18	79200	买盘
11:24:45	43.98	-0.02	12	52775	卖盘
11:24:42	44.0	--	2	8800	买盘
11:24:39	44.0	--	1	4400	买盘
11:24:36	44.0	--	5	22000	买盘
11:24:33	44.0	--	2	8800	买盘
11:24:24	44.0	--	1	4400	买盘
11:24:21	44.0	--	1	4400	买盘
11:24:12	44.0	0.02	6	26400	买盘
11:23:57	43.98	-0.02	1	4398	卖盘
11:23:51	44.0	--	1	4400	买盘
11:23:48	44.0	0.05	11	48400	买盘
11:23:45	43.95	--	1	4395	买盘
11:23:42	43.95	-0.06	2	8790	卖盘
11:23:30	44.01	0.03	20	88020	买盘
11:23:24	43.98	--	4	17592	买盘
11:23:21	43.98	--	19	83562	买盘
11:23:18	43.98	-0.02	17	77316	卖盘
11:23:15	44.0	--	5	22000	卖盘
11:23:12	44.0	--	2	8800	中性盘
11:23:03	44.0	0.02	5	22000	买盘
11:23:00	43.98	-0.02	6	28235	卖盘
11:22:57	44.0	-0.01	3	13200	卖盘
11:22:51	44.01	-0.01	2	8802	卖盘
11:22:45	44.02	0.02	14	61628	买盘
11:22:39	44.0	-0.03	184	809600	卖盘
11:22:33	44.03	0.01	26	114478	中性盘
11:22:27	44.02	--	10	44020	卖盘
11:22:21	44.02	--	1	4402	卖盘
11:22:18	44.02	-0.01	51	224502	卖盘
11:22:15	44.03	--	4	17612	买盘
11:22:12	44.03	--	1	4403	买盘
11:22:06	44.03	--	9	39627	卖盘
11:22:00	44.03	-0.01	1	4403	卖盘
11:21:54	44.04	-0.01	3	13212	中性盘
11:21:42	44.05	0.01	9	39645	买盘
11:21:39	44.04	--	7	30828	卖盘
11:21:36	44.04	--	3	13212	卖盘
11:21:30	44.04	-0.01	18	79272	卖盘
11:21:27	44.05	0.01	6	26430	买盘
11:21:24	44.04	-0.01	2	8808	卖盘
11:21:21	44.05	0.01	1	4405	买盘
11:21:18	44.04	--	2	8808	卖盘
11:21:09	44.04	--	3	13212	卖盘
11:21:06	44.04	-0.01	3	13212	卖盘
11:20:51	44.05	-0.01	2	8810	卖盘
11:20:45	44.06	--	5	22030	买盘
11:20:33	44.06	-0.01	1	4406	买盘
11:20:30	44.07	-0.06	5	22035	卖盘
11:20:18	44.13	--	1	4413	买盘
11:20:15	44.13	0.03	12	52956	买盘
11:20:12	44.1	-0.02	10	44100	卖盘
11:20:09	44.12	-0.01	1	4412	买盘
11:20:03	44.13	0.01	2	8826	买盘
11:20:00	44.12	0.02	4	17648	中性盘
11:19:48	44.1	-0.02	2	8820	卖盘
11:19:45	44.12	-0.01	1	4412	卖盘
11:19:42	44.13	--	22	97086	买盘
11:19:30	44.13	0.03	1	4413	买盘
11:19:27	44.1	-0.02	20	88200	卖盘
11:19:18	44.12	0.02	1	4412	买盘
11:19:12	44.1	--	1	4410	卖盘
11:19:09	44.1	--	5	22050	卖盘
11:19:06	44.1	--	1	4410	卖盘
11:19:03	44.1	--	2	8820	卖盘
11:19:00	44.1	0.01	16	70560	买盘
11:18:57	44.09	--	5	22045	买盘
11:18:54	44.09	-0.01	16	70544	卖盘
11:18:48	44.1	0.01	2	8820	买盘
11:18:42	44.09	--	5	22045	卖盘
11:18:24	44.09	--	10	44090	买盘
11:17:57	44.09	--	16	70544	买盘
11:17:51	44.09	-0.01	1	4409	中性盘
11:17:42	44.1	0.05	1	4410	买盘
11:17:39	44.05	-0.05	8	35240	卖盘
11:17:33	44.1	0.06	4	17640	买盘
11:17:24	44.04	-0.08	1	4404	卖盘
11:17:15	44.12	0.08	1	4412	买盘
11:17:06	44.04	-0.09	5	22020	中性盘
11:16:42	44.13	-0.01	3	13239	中性盘
11:16:30	44.14	0.12	4	17656	买盘
11:16:27	44.02	-0.12	3	13206	卖盘
11:16:15	44.14	0.12	1	4414	买盘
11:16:09	44.02	-0.14	80	352160	卖盘
11:15:51	44.16	0.02	68	300288	买盘
11:15:39	44.14	0.02	9	39726	买盘
11:15:36	44.12	-0.02	5	22060	中性盘
11:15:24	44.14	--	1	4414	卖盘
11:15:18	44.14	0.03	7	30898	卖盘
11:15:15	44.11	--	1	4411	买盘
11:15:12	44.11	-0.04	4	17644	中性盘
11:14:39	44.15	-0.01	2	8830	卖盘
11:14:36	44.16	--	1	4416	买盘
11:14:30	44.16	--	2	8832	买盘
11:14:27	44.16	--	1	4416	买盘
11:14:24	44.16	--	2	8832	买盘
11:14:18	44.16	--	3	13247	买盘
11:14:12	44.16	--	2	8832	买盘
11:14:06	44.16	-0.01	9	39744	卖盘
11:14:03	44.17	0.01	10	44170	买盘
11:13:57	44.16	--	3	13247	卖盘
11:13:51	44.16	--	25	110399	卖盘
11:13:45	44.16	--	10	44160	卖盘
11:13:42	44.16	--	1	4416	卖盘
11:13:39	44.16	--	7	30911	卖盘
11:13:27	44.16	-0.01	8	35328	卖盘
11:13:24	44.17	--	6	26502	买盘
11:13:21	44.17	--	2	8834	买盘
11:13:03	44.17	-0.01	4	17668	卖盘
11:12:57	44.18	--	1	4418	买盘
11:12:54	44.18	--	11	48598	买盘
11:12:51	44.18	--	1	4418	买盘
11:12:39	44.18	--	11	48598	买盘
11:12:36	44.18	--	2	8836	买盘
11:12:18	44.18	0.01	5	22090	买盘
11:12:15	44.17	--	25	110425	卖盘
11:12:12	44.17	-0.01	3	13251	卖盘
11:12:06	44.18	--	1	4418	买盘
11:11:57	44.18	0.01	1	4418	买盘
11:11:54	44.17	--	1	4417	中性盘
11:11:45	44.17	--	5	22085	买盘
11:11:36	44.17	0.01	1	4417	买盘
11:11:33	44.16	--	1	4416	买盘
11:11:27	44.16	--	4	17664	买盘
11:11:18	44.16	0.01	1	4416	买盘
11:11:12	44.15	0.03	25	113068	买盘
11:11:09	44.12	0.02	3	13236	买盘
11:11:06	44.1	0.07	55	242550	买盘
11:11:03	44.03	--	3	13209	卖盘
11:10:57	44.03	-0.02	7	32890	卖盘
11:10:51	44.05	0.02	13	57264	买盘
11:10:36	44.03	-0.02	4	17612	卖盘
11:10:33	44.05	--	37	162985	买盘
11:10:24	44.05	--	3	13215	买盘
11:10:09	44.05	0.02	29	127744	买盘
11:10:06	44.03	-0.02	5	22015	卖盘
11:09:54	44.05	0.01	3	13215	买盘
11:09:48	44.04	--	11	48444	卖盘
11:09:45	44.04	-0.01	4	17616	卖盘
11:09:42	44.05	--	1	4405	买盘
11:09:36	44.05	--	1	4405	买盘
11:09:33	44.05	0.01	2	8810	买盘
11:09:30	44.04	-0.01	15	66060	卖盘
11:09:21	44.05	--	1	4405	买盘
11:09:18	44.05	0.01	2	8810	买盘
11:09:15	44.04	-0.01	3	13212	卖盘
11:09:12	44.05	--	1	4405	买盘
11:09:00	44.05	--	1	4405	买盘
11:08:57	44.05	--	9	39645	买盘
11:08:54	44.05	--	2	8810	买盘
11:08:42	44.05	--	6	26430	买盘
11:08:39	44.05	--	1	4405	买盘
11:08:36	44.05	--	8	35240	买盘
11:08:30	44.05	--	13	57264	买盘
11:08:27	44.05	--	6	26430	买盘
11:08:24	44.05	0.01	6	26430	买盘
11:08:21	44.04	-0.01	5	22020	卖盘
11:08:18	44.05	0.01	2	8810	买盘
11:08:06	44.04	--	3	13212	买盘
11:08:03	44.04	--	4	17616	买盘
11:08:00	44.04	--	1	4404	买盘
11:07:57	44.04	--	5	22020	买盘
11:07:54	44.04	--	15	66060	买盘
11:07:51	44.04	--	5	22020	买盘
11:07:48	44.04	--	11	48444	买盘
11:07:45	44.04	--	19	83676	买盘
11:07:39	44.04	--	1	4404	买盘
11:07:33	44.04	0.01	2	8808	买盘
11:07:30	44.03	-0.01	3	13209	卖盘
11:07:27	44.04	0.01	20	88080	买盘
11:07:24	44.03	-0.01	2	12416	卖盘
11:07:18	44.04	0.01	2	8808	买盘
11:07:15	44.03	--	10	44030	卖盘
11:07:06	44.03	--	9	39627	卖盘
11:07:00	44.03	-0.01	22	96866	卖盘
11:06:57	44.04	-0.01	1	4404	卖盘
11:06:54	44.05	0.02	3	13215	买盘
11:06:51	44.03	--	5	22015	卖盘
11:06:48	44.03	-0.02	15	66045	卖盘
11:06:45	44.05	--	1	4405	买盘
11:06:42	44.05	--	7	30834	买盘
11:06:36	44.05	--	1	4405	买盘
11:06:33	44.05	0.02	3	13215	买盘
11:06:30	44.03	-0.02	3	13209	卖盘
11:06:27	44.05	--	1	4405	买盘
11:06:24	44.05	--	1	4405	买盘
11:06:21	44.05	--	1	4405	买盘
11:06:18	44.05	-0.03	47	207035	卖盘
11:06:15	44.08	0.01	6	26448	中性盘
11:06:12	44.07	--	15	66105	卖盘
11:06:09	44.07	--	1	4407	卖盘
11:06:03	44.07	0.01	9	39663	买盘
11:05:57	44.06	--	10	44060	买盘
11:05:54	44.06	0.01	1	4406	买盘
11:05:48	44.05	-0.02	6	26430	卖盘
11:05:42	44.07	0.01	1	4407	买盘
11:05:39	44.06	--	7	30842	卖盘
11:05:36	44.06	-0.01	5	22030	卖盘
11:05:33	44.07	--	1	4407	买盘
11:05:24	44.07	--	1	4407	卖盘
11:05:21	44.07	-0.01	12	52884	卖盘
11:05:18	44.08	0.01	25	110200	买盘
11:05:12	44.07	--	9	39663	买盘
11:05:06	44.07	--	1	4407	买盘
11:05:00	44.07	-0.01	2	8814	卖盘
11:04:57	44.08	--	4	17632	卖盘
11:04:54	44.08	-0.02	6	26448	卖盘
11:04:48	44.1	--	2	8820	买盘
11:04:45	44.1	--	4	17640	卖盘
11:04:39	44.1	-0.03	48	211680	卖盘
11:04:36	44.13	--	14	61782	买盘
11:04:30	44.13	-0.02	2	8826	中性盘
11:04:18	44.15	0.01	1	6136	买盘
11:04:15	44.14	--	7	30898	卖盘
11:04:12	44.14	0.01	2	10946	买盘
11:04:06	44.13	--	1	4413	卖盘
11:04:03	44.13	-0.01	14	61782	卖盘
11:04:00	44.14	--	1	4414	买盘
11:03:51	44.14	--	5	22070	买盘
11:03:48	44.14	-0.02	38	167732	卖盘
11:03:30	44.16	-0.02	30	132480	卖盘
11:03:24	44.18	0.01	95	419710	买盘
11:03:18	44.17	--	9	39753	卖盘
11:03:15	44.17	--	20	88340	卖盘
11:03:12	44.17	--	5	22085	卖盘
11:03:09	44.17	-0.01	11	48587	卖盘
11:03:06	44.18	0.01	10	44180	买盘
11:03:03	44.17	-0.01	10	44170	卖盘
11:02:57	44.18	0.01	10	44180	买盘
11:02:54	44.17	-0.01	30	132510	卖盘
11:02:42	44.18	-0.01	10	44180	卖盘
11:02:39	44.19	--	1	4419	卖盘
11:02:36	44.19	--	20	88380	卖盘
11:02:27	44.19	--	2	8838	买盘
11:02:21	44.19	0.01	1	4419	买盘
11:02:18	44.18	--	10	44180	卖盘
11:02:12	44.18	--	10	44180	卖盘
11:02:06	44.18	-0.01	2	8836	卖盘
11:01:54	44.19	0.01	1	4419	买盘
11:01:45	44.18	-0.01	1	4418	卖盘
11:01:39	44.19	-0.01	25	110475	中性盘
11:01:33	44.2	0.02	1	4420	买盘
11:01:30	44.18	-0.02	13	57434	卖盘
11:01:24	44.2	0.01	32	141440	买盘
11:01:18	44.19	-0.01	2	8838	中性盘
11:01:06	44.2	0.01	23	101660	买盘
11:01:03	44.19	-0.01	7	30933	卖盘
11:01:00	44.2	0.01	2	8840	买盘
11:00:54	44.19	-0.01	3	13257	中性盘
11:00:42	44.2	--	1	4420	中性盘
11:00:39	44.2	0.02	1	4420	买盘
11:00:33	44.18	0.02	1	4418	买盘
11:00:27	44.16	--	2	8832	卖盘
11:00:21	44.16	--	2	8832	卖盘
11:00:15	44.16	-0.02	1	4416	卖盘
11:00:06	44.18	-0.02	9	39762	卖盘
11:00:00	44.2	--	1	4420	买盘
10:59:54	44.2	0.05	2	8840	买盘
10:59:45	44.15	-0.05	11	48565	卖盘
10:59:27	44.2	0.05	1	4420	买盘
10:59:18	44.15	-0.03	80	353200	卖盘
10:59:15	44.18	--	1	4418	买盘
10:59:03	44.18	--	1	4418	买盘
10:58:57	44.18	--	1	4418	买盘
10:58:54	44.18	--	5	22090	买盘
10:58:51	44.18	0.01	1	4418	买盘
10:58:27	44.17	-0.01	8	35336	卖盘
10:58:24	44.18	-0.03	2	8836	卖盘
10:58:15	44.21	0.03	2	8842	买盘
10:58:09	44.18	0.01	15	66270	中性盘
10:57:48	44.17	0.01	5	22085	卖盘
10:57:45	44.16	-0.07	2	8832	卖盘
10:57:27	44.23	0.05	1	4423	买盘
10:57:21	44.18	-0.02	10	44180	卖盘
10:57:15	44.2	--	1	4420	卖盘
10:57:09	44.2	-0.03	1	4420	卖盘
10:57:00	44.23	--	1	4423	买盘
10:56:57	44.23	-0.01	3	13268	卖盘
10:56:54	44.24	--	6	26544	买盘
10:56:51	44.24	0.01	10	44240	买盘
10:56:48	44.23	-0.01	6	26537	卖盘
10:56:39	44.24	--	2	8848	买盘
10:56:36	44.24	0.01	1	4424	买盘
10:56:33	44.23	--	1	4423	卖盘
10:56:30	44.23	--	3	13268	卖盘
10:56:24	44.23	--	4	17692	卖盘
10:56:21	44.23	--	8	35384	卖盘
10:56:12	44.23	--	5	22115	卖盘
10:56:03	44.23	-0.02	1	4423	卖盘
10:55:48	44.25	0.01	1	4425	买盘
10:55:45	44.24	0.01	1	4424	买盘
10:55:39	44.23	0.03	29	128266	买盘
10:55:30	44.2	-0.02	36	159120	卖盘
10:55:21	44.22	0.01	20	88440	买盘
10:55:18	44.21	--	2	8842	卖盘
10:55:06	44.21	0.01	9	39789	买盘
10:55:00	44.2	--	6	26520	买盘
10:54:57	44.2	--	2	8840	买盘
10:54:51	44.2	0.04	3	13260	买盘
10:54:42	44.16	-0.04	3	13247	卖盘
10:54:39	44.2	--	2	8840	买盘
10:54:33	44.2	0.04	3	13260	买盘
10:54:27	44.16	--	5	22080	买盘
10:54:24	44.16	--	5	22080	买盘
10:54:21	44.16	0.01	11	48575	买盘
10:54:18	44.15	--	1	4415	卖盘
10:54:15	44.15	--	10	44150	卖盘
10:54:12	44.15	-0.01	1	4415	卖盘
10:54:06	44.16	0.02	1	4416	买盘
10:53:57	44.14	-0.02	13	57382	卖盘
10:53:54	44.16	0.02	5	22080	买盘
10:53:51	44.14	-0.01	3	13242	卖盘
10:53:45	44.15	--	5	22075	买盘
10:53:42	44.15	0.01	1	4415	卖盘
10:53:39	44.14	-0.01	10	44140	卖盘
10:53:36	44.15	--	5	22075	卖盘
10:53:30	44.15	-0.01	26	114790	中性盘
10:53:24	44.16	--	1	4416	买盘
10:53:21	44.16	0.03	1	4416	中性盘
10:53:18	44.13	-0.05	48	214515	卖盘
10:53:15	44.18	0.03	19	83942	买盘
10:53:12	44.15	--	4	17660	买盘
10:53:09	44.15	0.02	5	22075	买盘
10:53:06	44.13	-0.02	6	26478	卖盘
10:53:03	44.15	--	2	8830	买盘
10:53:00	44.15	-0.03	34	150110	卖盘
10:52:57	44.18	--	9	39762	买盘
10:52:48	44.18	--	2	8836	买盘
10:52:42	44.18	--	4	17672	买盘
10:52:36	44.18	-0.02	25	110450	卖盘
10:52:27	44.2	0.02	1	4420	买盘
10:52:18	44.18	--	1	4418	卖盘
10:52:15	44.18	--	5	22090	买盘
10:52:12	44.18	--	41	181138	买盘
10:52:09	44.18	--	1	4418	买盘
10:52:06	44.18	0.01	4	17672	买盘
10:52:03	44.17	--	30	132510	卖盘
10:52:00	44.17	-0.01	1	4417	卖盘
10:51:51	44.18	--	5	22090	买盘
10:51:42	44.18	--	9	39762	买盘
10:51:36	44.18	--	2	8836	买盘
10:51:21	44.18	-0.01	40	176720	卖盘
10:51:12	44.19	0.01	12	53028	买盘
10:51:09	44.18	-0.01	1	4418	卖盘
10:50:57	44.19	--	1	4419	买盘
10:50:54	44.19	--	4	17676	买盘
10:50:48	44.19	--	1	4419	买盘
10:50:45	44.19	-0.01	3	13257	卖盘
10:50:42	44.2	0.01	5	22100	买盘
10:50:30	44.19	-0.01	1	4419	卖盘
10:50:24	44.2	--	3	13260	买盘
10:50:21	44.2	--	1	4420	买盘
10:50:18	44.2	--	21	94543	卖盘
10:50:15	44.2	-0.01	20	88400	卖盘
10:50:09	44.21	0.01	12	53052	买盘
10:50:06	44.2	--	55	245796	卖盘
10:49:54	44.2	-0.01	5	22100	卖盘
10:49:48	44.21	-0.02	13	57473	卖盘
10:49:42	44.23	--	1	4423	买盘
10:49:39	44.23	--	2	8846	买盘
10:49:36	44.23	0.02	1	4423	中性盘
10:49:24	44.21	--	6	26526	卖盘
10:49:21	44.21	-0.03	3	13263	卖盘
10:49:12	44.24	--	1	4424	买盘
10:49:06	44.24	--	4	17696	买盘
10:49:03	44.24	--	21	92904	卖盘
10:48:51	44.24	--	1	4424	卖盘
10:48:48	44.24	--	2	8848	卖盘
10:48:45	44.24	0.03	4	17696	买盘
10:48:42	44.21	-0.03	5	22105	卖盘
10:48:36	44.24	--	4	17696	买盘
10:48:33	44.24	--	106	468944	买盘
10:48:30	44.24	--	1	4424	买盘
10:48:27	44.24	-0.01	17	75208	卖盘
10:48:24	44.25	--	1	4425	买盘
10:48:18	44.25	--	11	48675	买盘
10:48:12	44.25	--	16	70800	买盘
10:48:09	44.25	--	5	22125	买盘
10:48:00	44.25	-0.01	6	26550	卖盘
10:47:57	44.26	--	5	22130	买盘
10:47:48	44.26	--	2	8852	买盘
10:47:45	44.26	--	21	94672	卖盘
10:47:42	44.26	-0.01	27	119502	卖盘
10:47:39	44.27	--	5	22135	卖盘
10:47:36	44.27	--	19	84113	买盘
10:47:33	44.27	--	21	92967	买盘
10:47:30	44.27	0.01	1	4427	买盘
10:47:18	44.26	-0.01	3	13278	卖盘
10:47:15	44.27	0.01	8	35416	买盘
10:47:12	44.26	--	0	2699	卖盘
10:47:06	44.26	--	10	44260	买盘
10:47:03	44.26	--	12	53112	买盘
10:46:57	44.26	0.01	2	8852	买盘
10:46:54	44.25	-0.01	6	26550	卖盘
10:46:51	44.26	0.01	11	48686	买盘
10:46:48	44.25	--	20	88500	卖盘
10:46:42	44.25	0.01	4	17700	卖盘
10:46:39	44.24	0.03	6	26544	买盘
10:46:36	44.21	-0.04	5	22105	卖盘
10:46:33	44.25	--	4	17700	卖盘
10:46:30	44.25	--	21	92925	买盘
10:46:27	44.25	--	6	26550	买盘
10:46:18	44.25	-0.01	5	22125	中性盘
10:46:03	44.26	0.06	1	4426	买盘
10:46:00	44.2	--	3	13260	卖盘
10:45:57	44.2	-0.06	3	13260	卖盘
10:45:51	44.26	0.06	1	4426	买盘
10:45:42	44.2	--	8	35360	买盘
10:45:15	44.2	--	8	35360	买盘
10:45:12	44.2	0.01	1	4420	买盘
10:45:09	44.19	--	15	66285	卖盘
10:45:06	44.19	--	7	35175	买盘
10:44:57	44.19	--	8	35352	买盘
10:44:51	44.19	-0.01	33	146003	卖盘
10:44:48	44.2	--	1	4420	卖盘
10:44:45	44.2	--	20	92643	买盘
10:44:42	44.2	0.01	2	8840	买盘
10:44:39	44.19	-0.01	7	30933	卖盘
10:44:36	44.2	--	5	22100	买盘
10:44:30	44.2	--	13	57636	卖盘
10:44:27	44.2	-0.05	39	176623	卖盘
10:44:18	44.25	--	1	4425	买盘
10:44:15	44.25	--	2	8850	买盘
10:44:12	44.25	0.04	10	44250	买盘
10:44:09	44.21	-0.04	5	22105	卖盘
10:44:06	44.25	--	3	13275	买盘
10:44:03	44.25	0.05	10	44250	买盘
10:44:00	44.2	--	5	22100	卖盘
10:43:54	44.2	--	2	8840	卖盘
10:43:51	44.2	--	3	13260	卖盘
10:43:48	44.2	--	2	8840	卖盘
10:43:42	44.2	--	1	4420	买盘
10:43:36	44.2	--	1	4420	买盘
10:43:33	44.2	0.02	1	4420	买盘
10:43:30	44.18	-0.02	30	132540	卖盘
10:43:24	44.2	--	2	8840	买盘
10:43:15	44.2	0.02	3	13260	买盘
10:43:12	44.18	--	7	30926	卖盘
10:43:09	44.18	-0.02	14	61852	卖盘
10:43:00	44.2	--	2	8840	买盘
10:42:54	44.2	-0.02	13	57460	卖盘
10:42:51	44.22	--	7	30954	买盘
10:42:48	44.22	0.01	2	8844	买盘
10:42:45	44.21	0.01	2	8842	买盘
10:42:42	44.2	-0.05	5	22100	卖盘
10:42:33	44.25	--	21	92925	买盘
10:42:27	44.25	--	11	48675	买盘
10:42:24	44.25	0.05	1	4425	买盘
10:42:21	44.2	-0.05	10	44200	卖盘
10:42:12	44.25	-0.01	1	4425	中性盘
10:42:06	44.26	-0.02	23	101798	中性盘
10:42:03	44.28	0.02	8	35424	买盘
10:42:00	44.26	-0.02	3	13278	卖盘
10:41:54	44.28	--	1	4428	买盘
10:41:42	44.28	--	8	35424	卖盘
10:41:36	44.28	-0.01	16	70848	卖盘
10:41:33	44.29	--	16	70864	买盘
10:41:24	44.29	-0.01	21	93009	卖盘
10:41:18	44.3	--	2	8860	买盘
10:41:12	44.3	--	10	44300	买盘
10:41:09	44.3	--	19	84170	卖盘
10:41:06	44.3	-0.06	10	44300	卖盘
10:41:03	44.36	0.04	8	35488	买盘
10:40:57	44.32	--	4	17728	买盘
10:40:54	44.32	-0.05	6	26592	卖盘
10:40:42	44.37	--	14	62118	买盘
10:40:39	44.37	--	10	44370	买盘
10:40:33	44.37	0.05	2	8874	买盘
10:40:21	44.32	--	5	22160	卖盘
10:40:18	44.32	0.03	1	4432	买盘
10:40:12	44.29	--	2	8858	卖盘
10:40:00	44.29	--	5	22145	卖盘
10:39:57	44.29	--	17	79323	买盘
10:39:54	44.29	--	4	17716	买盘
10:39:48	44.29	--	10	44290	买盘
10:39:45	44.29	--	6	26574	买盘
10:39:42	44.29	-0.01	12	53546	卖盘
10:39:39	44.3	0.01	51	229961	买盘
10:39:36	44.29	-0.01	4	17716	卖盘
10:39:27	44.3	0.02	10	44300	买盘
10:39:24	44.28	-0.01	18	79704	卖盘
10:39:21	44.29	--	2	8858	买盘
10:39:18	44.29	--	5	22145	买盘
10:39:03	44.29	0.07	3	13287	买盘
10:39:00	44.22	--	69	305118	买盘
10:38:57	44.22	-0.03	23	101706	卖盘
10:38:54	44.25	--	1	4425	买盘
10:38:48	44.25	--	34	150450	买盘
10:38:45	44.25	0.05	1	4425	买盘
10:38:42	44.2	-0.02	17	75140	卖盘
10:38:39	44.22	--	18	80568	买盘
10:38:33	44.22	0.02	205	906510	买盘
10:38:27	44.2	--	24	106080	买盘
10:38:24	44.2	0.01	2	8840	买盘
10:38:18	44.19	-0.01	7	30933	卖盘
10:38:15	44.2	--	4	17680	买盘
10:38:06	44.2	--	27	119340	买盘
10:38:03	44.2	--	1	4420	买盘
10:38:00	44.2	--	2	8840	买盘
10:37:45	44.2	0.02	13	57460	买盘
10:37:42	44.18	0.01	10	44180	买盘
10:37:39	44.17	--	18	79506	卖盘
10:37:36	44.17	--	4	17668	卖盘
10:37:33	44.17	--	5	22085	卖盘
10:37:24	44.17	-0.01	5	22085	卖盘
10:37:21	44.18	--	10	44180	买盘
10:37:18	44.18	0.01	19	83942	买盘
10:37:15	44.17	0.01	8	35336	买盘
10:37:12	44.16	-0.01	6	26495	卖盘
10:37:06	44.17	0.01	3	13251	买盘
10:37:03	44.16	-0.01	14	61823	卖盘
10:37:00	44.17	--	7	30919	买盘
10:36:57	44.17	0.01	4	17668	买盘
10:36:54	44.16	-0.01	16	70656	卖盘
10:36:51	44.17	-0.01	1	4417	卖盘
10:36:48	44.18	0.01	12	53016	买盘
10:36:45	44.17	0.01	18	79506	卖盘
10:36:42	44.16	-0.02	10	44160	卖盘
10:36:39	44.18	--	9	39762	买盘
10:36:36	44.18	--	6	26508	买盘
10:36:33	44.18	--	2	8836	买盘
10:36:27	44.18	--	5	22090	买盘
10:36:24	44.18	--	21	92778	买盘
10:36:21	44.18	-0.02	26	114868	卖盘
10:36:18	44.2	--	1	4420	卖盘
10:36:15	44.2	--	14	61880	卖盘
10:36:12	44.2	--	17	75140	买盘
10:36:09	44.2	0.01	15	66300	买盘
10:36:06	44.19	--	14	61866	卖盘
10:36:03	44.19	-0.01	8	35352	卖盘
10:36:00	44.2	--	9	39780	卖盘
10:35:57	44.2	-0.01	225	994500	卖盘
10:35:54	44.21	--	16	70736	买盘
10:35:51	44.21	--	6	26526	买盘
10:35:48	44.21	--	7	30947	买盘
10:35:45	44.21	-0.05	133	589496	卖盘
10:35:42	44.26	0.01	1	4426	买盘
10:35:36	44.25	--	6	29470	卖盘
10:35:33	44.25	--	14	61950	卖盘
10:35:30	44.25	0.01	5	22125	卖盘
10:35:27	44.24	0.01	58	256592	买盘
10:35:24	44.23	--	6	26537	买盘
10:35:21	44.23	--	10	44230	买盘
10:35:18	44.23	0.01	3	13268	买盘
10:35:15	44.22	-0.02	11	48642	卖盘
10:35:12	44.24	-0.03	24	106176	卖盘
10:35:09	44.27	0.04	3	13281	买盘
10:35:06	44.23	0.04	2	8846	中性盘
10:35:03	44.19	-0.08	200	883800	卖盘
10:35:00	44.27	0.07	48	212496	买盘
10:34:57	44.2	--	4	17680	卖盘
10:34:54	44.2	-0.04	8	35360	卖盘
10:34:51	44.24	0.04	5	22120	买盘
10:34:48	44.2	--	4	17680	卖盘
10:34:45	44.2	-0.04	2	8840	卖盘
10:34:42	44.24	--	1	4424	卖盘
10:34:39	44.24	0.04	5	22120	买盘
10:34:36	44.2	-0.08	30	132600	卖盘
10:34:33	44.28	0.04	5	22140	买盘
10:34:30	44.24	-0.04	6	26544	卖盘
10:34:24	44.28	--	5	22140	买盘
10:34:21	44.28	-0.01	6	26568	卖盘
10:34:18	44.29	--	1	4429	买盘
10:34:12	44.29	--	12	53148	卖盘
10:34:09	44.29	-0.01	9	39861	卖盘
10:34:06	44.3	--	40	177200	买盘
10:34:00	44.3	--	23	101890	卖盘
10:33:57	44.3	-0.02	5	22150	卖盘
10:33:54	44.32	--	3	13296	中性盘
10:33:51	44.32	0.01	5	22160	买盘
10:33:48	44.31	-0.01	6	26586	卖盘
10:33:45	44.32	-0.08	11	48752	卖盘
10:33:42	44.4	-0.05	1	4440	中性盘
10:33:33	44.45	--	201	893445	卖盘
10:33:30	44.45	-0.04	14	64141	卖盘
10:33:27	44.49	--	69	310762	卖盘
10:33:24	44.49	--	137	609513	卖盘
10:33:21	44.49	--	22	97878	卖盘
10:33:18	44.49	--	225	1001025	卖盘
10:33:15	44.49	-0.01	13	57837	卖盘
10:33:12	44.5	--	38	169100	买盘
10:33:09	44.5	--	66	293700	买盘
10:33:06	44.5	0.01	16	71200	买盘
10:33:03	44.49	-0.02	30	133470	卖盘
10:33:00	44.51	0.01	17	77402	中性盘
10:32:57	44.5	--	26	118414	买盘
10:32:54	44.5	--	42	188635	卖盘
10:32:51	44.5	--	11	48950	卖盘
10:32:48	44.5	-0.03	17	75650	卖盘
10:32:45	44.53	0.03	11	48983	买盘
10:32:42	44.5	-0.03	19	84550	卖盘
10:32:39	44.53	0.03	3	13359	买盘
10:32:36	44.5	--	14	62300	卖盘
10:32:33	44.5	--	42	189614	卖盘
10:32:30	44.5	--	7	31150	卖盘
10:32:27	44.5	--	3	13350	卖盘
10:32:24	44.5	--	55	247954	卖盘
10:32:21	44.5	--	17	75650	卖盘
10:32:18	44.5	-0.03	35	155750	卖盘
10:32:15	44.53	0.03	30	133590	买盘
10:32:12	44.5	0.01	18	80100	买盘
10:32:09	44.49	-0.01	67	298083	卖盘
10:32:06	44.5	-0.04	9	40050	中性盘
10:32:03	44.54	0.04	39	173706	买盘
10:32:00	44.5	--	90	400500	买盘
10:31:57	44.5	0.01	22	97900	买盘
10:31:54	44.49	--	25	111225	卖盘
10:31:51	44.49	-0.01	6	26694	卖盘
10:31:48	44.5	--	19	84550	买盘
10:31:45	44.5	0.06	37	164650	买盘
10:31:42	44.44	-0.01	8	35552	中性盘
10:31:39	44.45	-0.05	4	17780	中性盘
10:31:36	44.5	0.07	10	44500	买盘
10:31:33	44.43	-0.02	28	124404	卖盘
10:31:30	44.45	-0.05	2	8890	卖盘
10:31:27	44.5	--	2	8900	买盘
10:31:24	44.5	0.11	36	160200	买盘
10:31:18	44.39	-0.11	22	97658	卖盘
10:31:12	44.5	--	7	31150	买盘
10:31:09	44.5	0.1	52	232868	买盘
10:31:06	44.4	0.01	21	93240	中性盘
10:31:03	44.39	-0.04	11	48829	卖盘
10:31:00	44.43	0.03	4	17772	买盘
10:30:57	44.4	0.07	8	38494	买盘
10:30:54	44.33	0.01	9	39897	卖盘
10:30:51	44.32	--	49	217168	卖盘
10:30:48	44.32	-0.04	11	48752	卖盘
10:30:42	44.36	-0.03	1	4436	卖盘
10:30:39	44.39	--	38	168682	买盘
10:30:33	44.39	--	1	4439	买盘
10:30:30	44.39	--	1	4439	买盘
10:30:27	44.39	-0.01	10	45854	买盘
10:30:24	44.4	--	7	31080	买盘
10:30:21	44.4	0.04	1	4440	卖盘
10:30:18	44.36	-0.14	20	88720	卖盘
10:30:15	44.5	--	87	390131	买盘
10:30:12	44.5	0.08	42	186900	买盘
10:30:09	44.42	-0.08	23	102166	中性盘
10:30:06	44.5	0.1	11	48950	买盘
10:30:03	44.4	-0.1	15	66600	卖盘
10:30:00	44.5	--	19	85306	卖盘
10:29:57	44.5	-0.06	25	111250	卖盘
10:29:51	44.56	--	93	414408	买盘
10:29:48	44.56	--	59	262904	卖盘
10:29:45	44.56	-0.03	39	173784	卖盘
10:29:42	44.59	0.03	26	115934	买盘
10:29:39	44.56	-0.03	17	75752	卖盘
10:29:36	44.59	--	20	89180	卖盘
10:29:33	44.59	-0.07	56	249704	卖盘
10:29:27	44.66	0.03	111	495725	买盘
10:29:24	44.63	-0.04	64	285632	卖盘
10:29:21	44.67	0.02	23	102741	买盘
10:29:18	44.65	--	101	450965	卖盘
10:29:15	44.65	-0.01	25	111625	卖盘
10:29:12	44.66	-0.01	125	562269	卖盘
10:29:09	44.67	-0.01	88	393096	卖盘
10:29:06	44.68	--	29	129572	买盘
10:29:03	44.68	0.01	96	429374	买盘
10:29:00	44.67	0.01	11	49137	买盘
10:28:57	44.66	--	3	13397	卖盘
10:28:54	44.66	0.01	7	31261	卖盘
10:28:51	44.65	-0.01	58	258970	卖盘
10:28:48	44.66	0.01	39	174174	买盘
10:28:45	44.65	0.02	41	183065	买盘
10:28:42	44.63	-0.02	61	272243	卖盘
10:28:39	44.65	0.02	31	138415	买盘
10:28:36	44.63	0.03	119	531097	买盘
10:28:33	44.6	-0.02	59	263140	卖盘
10:28:30	44.62	0.03	16	71392	中性盘
10:28:27	44.59	--	70	312130	卖盘
10:28:24	44.59	--	10	44590	卖盘
10:28:21	44.59	-0.01	1	4459	卖盘
10:28:18	44.6	0.03	16	71360	买盘
10:28:15	44.57	0.01	27	120339	中性盘
10:28:12	44.56	--	43	191608	买盘
10:28:09	44.56	0.01	37	168570	买盘
10:28:06	44.55	-0.01	25	111375	中性盘
10:28:03	44.56	0.06	34	151504	买盘
10:28:00	44.5	--	17	75650	卖盘
10:27:57	44.5	--	53	235850	买盘
10:27:54	44.5	--	23	102350	买盘
10:27:51	44.5	0.01	106	471700	买盘
10:27:48	44.49	-0.01	80	355920	中性盘
10:27:45	44.5	--	34	151300	买盘
10:27:42	44.5	0.01	19	84550	买盘
10:27:39	44.49	--	15	66735	卖盘
10:27:36	44.49	--	8	35592	卖盘
10:27:33	44.49	0.05	25	111225	买盘
10:27:30	44.44	0.04	114	506616	买盘
10:27:27	44.4	-0.04	8	35520	卖盘
10:27:24	44.44	0.04	61	271084	买盘
10:27:21	44.4	-0.02	28	124320	卖盘
10:27:18	44.42	0.03	9	39978	买盘
10:27:15	44.39	-0.01	10	44390	中性盘
10:27:12	44.4	-0.01	60	266400	中性盘
10:27:09	44.41	0.04	10	44410	买盘
10:27:06	44.37	0.01	11	48807	买盘
10:27:03	44.36	-0.01	9	39924	卖盘
10:27:00	44.37	0.01	42	186354	买盘
10:26:57	44.36	0.01	6	26616	买盘
10:26:54	44.35	--	7	31045	卖盘
10:26:51	44.35	0.06	67	297145	买盘
10:26:48	44.29	-0.01	14	62006	中性盘
10:26:45	44.3	--	101	447430	买盘
10:26:42	44.3	0.05	3	13290	买盘
10:26:39	44.25	-0.05	4	17700	中性盘
10:26:36	44.3	0.11	73	323390	买盘
10:26:33	44.19	0.01	67	296780	买盘
10:26:30	44.18	-0.01	6	26508	卖盘
10:26:27	44.19	-0.06	15	69996	卖盘
10:26:24	44.25	0.07	332	1469808	买盘
10:26:21	44.18	-0.01	14	61852	卖盘
10:26:18	44.19	--	33	145827	买盘
10:26:15	44.19	--	86	380034	买盘
10:26:12	44.19	0.02	10	44190	买盘
10:26:09	44.17	-0.02	14	61838	卖盘
10:26:06	44.19	--	9	39771	买盘
10:26:03	44.19	--	3	13257	买盘
10:26:00	44.19	--	22	97218	买盘
10:25:57	44.19	0.03	33	145827	买盘
10:25:54	44.16	-0.03	4	17664	卖盘
10:25:51	44.19	--	32	141408	买盘
10:25:48	44.19	0.03	27	119313	买盘
10:25:45	44.16	-0.04	43	189887	卖盘
10:25:42	44.2	0.06	245	1082900	买盘
10:25:39	44.14	-0.05	46	203044	卖盘
10:25:36	44.19	-0.01	1	4419	买盘
10:25:33	44.2	0.03	16	70720	买盘
10:25:30	44.17	-0.03	12	53004	卖盘
10:25:27	44.2	0.01	37	163540	买盘
10:25:24	44.19	--	49	216531	买盘
10:25:21	44.19	0.03	37	163503	买盘
10:25:18	44.16	--	4	17664	卖盘
10:25:15	44.16	-0.02	41	181056	卖盘
10:25:12	44.18	-0.02	11	48598	中性盘
10:25:09	44.2	0.05	22	97240	买盘
10:25:06	44.15	-0.05	39	172185	卖盘
10:25:03	44.2	0.05	15	66300	买盘
10:25:00	44.15	0.05	13	57395	买盘
10:24:57	44.1	-0.04	88	388080	卖盘
10:24:54	44.14	0.01	34	150076	中性盘
10:24:51	44.13	-0.02	12	52956	卖盘
10:24:48	44.15	0.05	52	229580	买盘
10:24:45	44.1	-0.03	14	61740	卖盘
10:24:42	44.13	0.03	14	61782	买盘
10:24:39	44.1	--	10	44100	买盘
10:24:36	44.1	0.05	46	202860	买盘
10:24:33	44.05	-0.05	89	392045	中性盘
10:24:30	44.1	0.05	30	132300	买盘
10:24:27	44.05	-0.05	6	26430	卖盘
10:24:24	44.1	0.09	7	30870	买盘
10:24:21	44.01	0.01	19	83619	买盘
10:24:18	44.0	--	20	88000	卖盘
10:24:15	44.0	--	8	35200	买盘
10:24:12	44.0	--	8	35200	买盘
10:24:09	44.0	--	14	61600	买盘
10:24:06	44.0	--	3	13200	买盘
10:24:03	44.0	0.02	52	228800	买盘
10:24:00	43.98	0.03	24	105551	买盘
10:23:57	43.95	-0.03	5	21975	买盘
10:23:54	43.98	0.05	50	219899	买盘
10:23:51	43.93	0.03	41	180113	买盘
10:23:48	43.9	--	139	610210	买盘
10:23:45	43.9	--	14	61460	买盘
10:23:42	43.9	--	91	399490	买盘
10:23:39	43.9	0.06	63	276570	买盘
10:23:36	43.84	-0.05	9	39456	卖盘
10:23:33	43.89	0.06	49	215061	买盘
10:23:27	43.83	0.02	22	96426	买盘
10:23:18	43.81	--	1	4381	买盘
10:23:12	43.81	0.04	45	197145	买盘
10:23:09	43.77	-0.01	30	131310	卖盘
10:23:06	43.78	--	5	21890	买盘
10:23:03	43.78	--	3	13134	买盘
10:23:00	43.78	0.01	12	52536	买盘
10:22:57	43.77	0.01	51	223227	买盘
10:22:54	43.76	--	8	35008	买盘
10:22:48	43.76	--	5	21880	买盘
10:22:45	43.76	--	11	48136	买盘
10:22:36	43.76	0.02	26	113776	买盘
10:22:24	43.74	0.01	25	109350	买盘
10:22:21	43.73	-0.01	2	8746	卖盘
10:22:18	43.74	0.01	45	196830	买盘
10:22:12	43.73	--	32	139936	买盘
10:22:06	43.73	0.01	15	65595	买盘
10:22:03	43.72	--	6	26232	卖盘
10:21:51	43.72	0.01	16	69952	买盘
10:21:45	43.71	-0.01	21	91791	卖盘
10:21:42	43.72	--	1	4372	买盘
10:21:36	43.72	0.01	21	91812	买盘
10:21:33	43.71	0.01	2	8742	卖盘
10:21:24	43.7	-0.02	10	43700	卖盘
10:21:18	43.72	0.02	1	4372	买盘
10:21:09	43.7	--	3	13110	卖盘
10:21:06	43.7	-0.02	6	26220	卖盘
10:21:00	43.72	--	3	13116	买盘
10:20:57	43.72	--	9	39348	买盘
10:20:54	43.72	--	5	21860	买盘
10:20:51	43.72	--	6	26232	买盘
10:20:42	43.72	0.02	16	69952	买盘
10:20:39	43.7	-0.02	5	21850	卖盘
10:20:27	43.72	0.02	68	297645	买盘
10:20:24	43.7	--	3	13110	卖盘
10:20:18	43.7	--	12	52440	卖盘
10:20:15	43.7	--	2	8740	卖盘
10:20:12	43.7	--	6	26220	卖盘
10:20:09	43.7	-0.01	2	8740	卖盘
10:20:06	43.71	0.01	2	8742	买盘
10:20:03	43.7	--	19	83030	卖盘
10:20:00	43.7	-0.01	6	26220	卖盘
10:19:57	43.71	0.01	1	4371	买盘
10:19:54	43.7	--	2	8740	卖盘
10:19:51	43.7	--	12	52440	卖盘
10:19:48	43.7	--	14	61180	卖盘
10:19:42	43.7	--	5	21850	卖盘
10:19:39	43.7	--	10	43700	卖盘
10:19:36	43.7	-0.01	20	87400	卖盘
10:19:33	43.71	--	3	13113	买盘
10:19:27	43.71	-0.01	27	118017	卖盘
10:19:24	43.72	0.01	1	4372	买盘
10:19:18	43.71	-0.01	30	131130	卖盘
10:19:15	43.72	--	4	17488	卖盘
10:19:12	43.72	--	6	26232	买盘
10:19:06	43.72	--	3	13116	买盘
10:19:03	43.72	--	1	4372	买盘
10:18:57	43.72	-0.01	2	8744	卖盘
10:18:54	43.73	0.01	3	13118	买盘
10:18:51	43.72	--	36	157392	买盘
10:18:45	43.72	0.01	20	87440	买盘
10:18:42	43.71	0.01	1	4371	买盘
10:18:39	43.7	-0.01	10	43700	卖盘
10:18:36	43.71	--	10	43710	买盘
10:18:33	43.71	0.01	9	39339	买盘
10:18:30	43.7	--	12	52440	卖盘
10:18:27	43.7	--	31	135470	卖盘
10:18:24	43.7	--	3	13110	卖盘
10:18:21	43.7	--	20	88011	买盘
10:18:18	43.7	--	50	218500	买盘
10:18:15	43.7	0.01	8	34960	买盘
10:18:12	43.69	-0.01	31	135439	卖盘
10:18:09	43.7	--	5	21850	买盘
10:18:06	43.7	--	6	26220	买盘
10:18:00	43.7	--	12	56198	卖盘
10:17:57	43.7	--	8	34960	卖盘
10:17:54	43.7	-0.02	3	13110	卖盘
10:17:48	43.72	0.02	20	87440	买盘
10:17:42	43.7	--	11	48070	卖盘
10:17:39	43.7	--	9	39330	卖盘
10:17:33	43.7	-0.02	8	34960	卖盘
10:17:30	43.72	0.02	3	13116	买盘
10:17:27	43.7	-0.02	13	56810	卖盘
10:17:21	43.72	0.02	12	53076	买盘
10:17:15	43.7	--	11	48070	买盘
10:17:12	43.7	--	46	204778	卖盘
10:17:09	43.7	0.01	23	101121	买盘
10:17:06	43.69	-0.01	12	52428	卖盘
10:17:03	43.7	--	8	34960	买盘
10:16:57	43.7	-0.02	8	34960	卖盘
10:16:54	43.72	0.02	12	52464	买盘
10:16:51	43.7	--	15	65550	买盘
10:16:48	43.7	--	13	56810	买盘
10:16:45	43.7	--	9	39330	买盘
10:16:42	43.7	--	8	34960	卖盘
10:16:39	43.7	--	18	78660	卖盘
10:16:33	43.7	-0.02	11	48070	卖盘
10:16:30	43.72	0.01	20	87440	买盘
10:16:27	43.71	0.02	1	4371	买盘
10:16:24	43.69	--	2	8738	卖盘
10:16:21	43.69	--	2	8738	卖盘
10:16:15	43.69	0.01	34	150380	买盘
10:16:12	43.68	0.03	5	21840	买盘
10:16:09	43.65	-0.03	21	91665	卖盘
10:16:03	43.68	--	6	26208	买盘
10:16:00	43.68	0.02	10	43680	买盘
10:15:57	43.66	--	9	39294	卖盘
10:15:54	43.66	-0.01	1	4366	卖盘
10:15:51	43.67	0.01	1	4367	买盘
10:15:48	43.66	-0.02	25	109149	卖盘
10:15:45	43.68	--	5	21840	买盘
10:15:39	43.68	--	10	43680	买盘
10:15:33	43.68	--	5	21840	买盘
10:15:27	43.68	--	5	21840	买盘
10:15:24	43.68	0.01	1	4368	买盘
10:15:21	43.67	-0.01	12	52404	卖盘
10:15:18	43.68	0.02	10	43680	买盘
10:15:12	43.66	-0.01	9	42262	卖盘
10:15:09	43.67	--	3	14498	买盘
10:15:06	43.67	--	6	26202	买盘
10:15:03	43.67	--	167	729289	买盘
10:15:00	43.67	--	38	165946	买盘
10:14:57	43.67	0.01	18	78606	买盘
10:14:54	43.66	--	5	21830	卖盘
10:14:45	43.66	-0.01	1	4366	卖盘
10:14:39	43.67	-0.01	26	113542	卖盘
10:14:33	43.68	0.01	4	17472	买盘
10:14:27	43.67	-0.01	9	39303	卖盘
10:14:24	43.68	--	2	8736	卖盘
10:14:18	43.68	--	10	43680	买盘
10:14:15	43.68	0.01	11	48048	卖盘
10:14:12	43.67	-0.05	4	17468	卖盘
10:13:57	43.72	--	9	40659	卖盘
10:13:54	43.72	--	0	3060	卖盘
10:13:51	43.72	--	8	34976	卖盘
10:13:48	43.72	0.02	70	306040	买盘
10:13:42	43.7	--	2	8740	买盘
10:13:39	43.7	--	11	48070	买盘
10:13:30	43.7	--	56	244720	卖盘
10:13:27	43.7	--	5	21850	卖盘
10:13:24	43.7	-0.02	10	43700	卖盘
10:13:21	43.72	0.02	8	34976	中性盘
10:13:12	43.7	-0.03	75	327750	卖盘
10:13:09	43.73	0.01	5	21865	买盘
10:13:06	43.72	--	6	26232	卖盘
10:13:03	43.72	--	4	17488	卖盘
10:13:00	43.72	--	6	26232	卖盘
10:12:57	43.72	--	2	8744	卖盘
10:12:54	43.72	0.04	130	568360	买盘
10:12:51	43.68	-0.02	10	43680	卖盘
10:12:48	43.7	--	23	100510	买盘
10:12:33	43.7	-0.02	5	21850	卖盘
10:12:27	43.72	--	8	34976	买盘
10:12:15	43.72	--	12	52464	卖盘
10:12:12	43.72	--	3	13116	卖盘
10:12:09	43.72	-0.01	5	21860	卖盘
10:12:06	43.73	0.03	1	4373	买盘
10:12:03	43.7	-0.03	8	34960	卖盘
10:12:00	43.73	0.04	2	8746	买盘
10:11:57	43.69	-0.06	3	13107	卖盘
10:11:51	43.75	0.03	35	153125	买盘
10:11:45	43.72	-0.02	5	21860	卖盘
10:11:42	43.74	-0.01	21	91854	卖盘
10:11:36	43.75	0.03	5	21875	买盘
10:11:33	43.72	--	4	17488	卖盘
10:11:30	43.72	-0.01	11	48092	卖盘
10:11:27	43.73	-0.01	2	8746	卖盘
10:11:24	43.74	--	12	52488	买盘
10:11:21	43.74	0.01	15	65610	买盘
10:11:09	43.73	0.06	25	109324	买盘
10:10:51	43.67	0.04	8	34936	买盘
10:10:48	43.63	--	11	47993	买盘
10:10:36	43.63	0.03	1	4363	中性盘
10:10:27	43.6	--	3	13080	卖盘
10:10:24	43.6	0.04	21	91560	买盘
10:10:18	43.56	-0.03	10	43560	卖盘
10:10:12	43.59	0.03	3	13077	买盘
10:10:09	43.56	--	3	13068	买盘
10:10:00	43.56	--	2	8712	买盘
10:09:57	43.56	-0.03	1	4356	卖盘
10:09:54	43.59	--	5	21795	买盘
10:09:48	43.59	-0.01	13	56667	卖盘
10:09:45	43.6	--	12	52320	买盘
10:09:42	43.6	--	11	47960	买盘
10:09:39	43.6	--	2	8720	买盘
10:09:36	43.6	-0.04	5	21800	买盘
10:09:33	43.64	0.01	32	139648	买盘
10:09:24	43.63	--	1	4363	买盘
10:09:15	43.63	--	3	13089	买盘
10:09:12	43.63	-0.01	8	34904	卖盘
10:09:06	43.64	--	2	8728	买盘
10:09:03	43.64	0.01	1	4364	买盘
10:09:00	43.63	-0.12	227	990401	卖盘
10:08:51	43.75	0.04	10	43750	买盘
10:08:45	43.71	-0.04	7	30597	卖盘
10:08:42	43.75	--	5	21875	买盘
10:08:36	43.75	--	15	65625	卖盘
10:08:30	43.75	-0.02	19	83125	卖盘
10:08:24	43.77	--	4	17508	买盘
10:08:21	43.77	--	2	8754	买盘
10:08:18	43.77	-0.01	24	105048	卖盘
10:08:15	43.78	--	5	21890	买盘
10:08:12	43.78	0.01	40	175120	买盘
10:08:09	43.77	-0.01	20	87540	卖盘
10:08:06	43.78	--	5	21890	买盘
10:08:00	43.78	--	13	56914	买盘
10:07:57	43.78	--	6	26268	买盘
10:07:54	43.78	--	3	13134	买盘
10:07:51	43.78	--	7	30646	卖盘
10:07:48	43.78	0.04	3	13134	买盘
10:07:45	43.74	-0.06	11	48114	买盘
10:07:42	43.8	0.02	72	315360	买盘
10:07:33	43.78	0.03	83	363374	买盘
10:07:30	43.75	--	51	223125	买盘
10:07:27	43.75	--	3	13125	买盘
10:07:24	43.75	--	3	13125	买盘
10:07:21	43.75	-0.01	7	30625	中性盘
10:07:15	43.76	--	1	4376	卖盘
10:07:12	43.76	0.01	5	21880	买盘
10:07:09	43.75	0.05	3	13125	买盘
10:07:06	43.7	--	1	4370	卖盘
10:07:00	43.7	0.07	28	122360	买盘
10:06:57	43.63	0.03	9	39267	中性盘
10:06:42	43.6	0.1	61	265960	买盘
10:06:39	43.5	0.02	19	82650	买盘
10:06:27	43.48	0.03	13	56523	买盘
10:06:18	43.45	-0.01	0	3215	买盘
10:06:12	43.46	--	0	1129	卖盘
10:06:06	43.46	--	3	16254	买盘
10:06:03	43.46	--	1	4346	买盘
10:06:00	43.46	0.01	3	13038	买盘
10:05:51	43.45	--	5	21725	卖盘
10:05:45	43.45	0.02	5	21725	卖盘
10:05:42	43.43	0.01	2	8686	中性盘
10:05:27	43.42	-0.04	1	4342	中性盘
10:05:24	43.46	0.04	18	78228	买盘
10:05:21	43.42	--	1	6730	卖盘
10:05:15	43.42	--	10	43420	卖盘
10:05:12	43.42	-0.01	1	4342	卖盘
10:05:09	43.43	--	1	4343	卖盘
10:05:03	43.43	--	1	4343	卖盘
10:05:00	43.43	--	2	8686	卖盘
10:04:57	43.43	--	4	17372	卖盘
10:04:54	43.43	0.01	1	4343	买盘
10:04:51	43.42	-0.01	58	253789	卖盘
10:04:45	43.43	0.01	1	4343	买盘
10:04:39	43.42	-0.01	1	4342	卖盘
10:04:30	43.43	0.01	3	13029	买盘
10:04:24	43.42	0.01	83	360386	买盘
10:04:18	43.41	-0.01	6	26045	卖盘
10:04:09	43.42	--	2	8684	买盘
10:04:06	43.42	-0.01	18	78156	卖盘
10:04:03	43.43	--	1	4343	买盘
10:03:57	43.43	--	6	26058	买盘
10:03:54	43.43	--	10	43430	买盘
10:03:51	43.43	--	9	39087	买盘
10:03:48	43.43	--	6	26058	买盘
10:03:42	43.43	--	1	4343	买盘
10:03:39	43.43	--	5	21715	买盘
10:03:33	43.43	--	2	8686	买盘
10:03:30	43.43	--	4	17372	买盘
10:03:27	43.43	-0.03	27	117261	卖盘
10:03:24	43.46	--	3	13038	买盘
10:03:18	43.46	0.03	20	86920	买盘
10:02:57	43.43	-0.01	10	43430	卖盘
10:02:54	43.44	0.01	2	8688	买盘
10:02:51	43.43	--	1	4343	卖盘
10:02:48	43.43	--	1	4343	卖盘
10:02:42	43.43	--	1	4343	买盘
10:02:36	43.43	0.01	24	104232	买盘
10:02:33	43.42	--	12	52104	卖盘
10:02:18	43.42	--	23	99866	买盘
10:02:15	43.42	--	1	4342	中性盘
10:02:03	43.42	--	24	104208	买盘
10:01:45	43.42	--	13	56446	买盘
10:01:42	43.42	0.01	10	43420	买盘
10:01:36	43.41	-0.01	2	8682	卖盘
10:01:33	43.42	--	3	13026	买盘
10:01:30	43.42	--	2	8684	买盘
10:01:27	43.42	--	1	4342	卖盘
10:01:24	43.42	-0.01	6	26052	卖盘
10:01:09	43.43	0.01	3	13029	买盘
10:01:03	43.42	--	4	17368	卖盘
10:01:00	43.42	--	10	43420	卖盘
10:00:57	43.42	--	5	21710	卖盘
10:00:54	43.42	--	2	8684	卖盘
10:00:48	43.42	--	2	8684	买盘
10:00:36	43.42	--	1	4342	买盘
10:00:33	43.42	--	1	4342	买盘
10:00:30	43.42	0.08	1	4342	中性盘
10:00:18	43.34	-0.08	10	43340	卖盘
10:00:12	43.42	0.09	6	26052	买盘
09:59:57	43.33	-0.09	1	5806	卖盘
09:59:48	43.42	--	1	4342	卖盘
09:59:42	43.42	0.09	5	21710	买盘
09:59:39	43.33	-0.09	10	43330	中性盘
09:59:30	43.42	0.11	1	4342	买盘
09:59:27	43.31	-0.01	47	206761	卖盘
09:59:24	43.32	--	17	74293	卖盘
09:59:12	43.32	--	2	8664	买盘
09:59:09	43.32	--	8	34656	买盘
09:59:06	43.32	--	6	25992	买盘
09:59:00	43.32	--	13	56316	买盘
09:58:57	43.32	-0.1	50	216600	卖盘
09:58:54	43.42	--	7	30394	卖盘
09:58:51	43.42	--	3	13026	买盘
09:58:48	43.42	--	1	4342	买盘
09:58:45	43.42	0.02	2	8684	买盘
09:58:33	43.4	0.09	3	13020	买盘
09:58:27	43.31	-0.08	32	138592	卖盘
09:58:24	43.39	0.07	41	178723	买盘
09:58:21	43.32	-0.04	26	113844	卖盘
09:58:15	43.36	0.05	3	13008	买盘
09:57:54	43.31	-0.04	7	30317	卖盘
09:57:51	43.35	0.05	8	34680	买盘
09:57:48	43.3	-0.01	27	118555	卖盘
09:57:42	43.31	0.01	1	4331	买盘
09:57:36	43.3	--	84	364975	买盘
09:57:33	43.3	--	15	64949	买盘
09:57:30	43.3	--	3	12990	买盘
09:57:18	43.3	0.02	15	66985	买盘
09:57:15	43.28	0.01	1	4328	买盘
09:57:09	43.27	--	1	4327	卖盘
09:57:03	43.27	--	3	15101	买盘
09:56:57	43.27	--	1	4327	买盘
09:56:51	43.27	-0.03	20	88746	卖盘
09:56:48	43.3	--	11	47630	买盘
09:56:45	43.3	--	7	33557	买盘
09:56:36	43.3	--	18	77940	买盘
09:56:30	43.3	0.03	1	4330	买盘
09:56:24	43.27	-0.03	5	21635	卖盘
09:56:21	43.3	0.03	3	12990	买盘
09:56:15	43.27	--	3	12981	卖盘
09:56:12	43.27	0.04	8	37817	卖盘
09:56:03	43.23	--	12	51875	买盘
09:56:00	43.23	--	3	12968	买盘
09:55:57	43.23	--	25	108074	卖盘
09:55:54	43.23	--	3	12968	卖盘
09:55:51	43.23	0.01	1	4323	中性盘
09:55:45	43.22	-0.01	28	123479	卖盘
09:55:42	43.23	--	76	329758	买盘
09:55:39	43.23	--	2	8646	买盘
09:55:36	43.23	--	18	77814	买盘
09:55:24	43.23	-0.05	3	13141	卖盘
09:55:18	43.28	0.05	39	168792	买盘
09:55:12	43.23	-0.04	217	938090	卖盘
09:55:09	43.27	--	20	87751	卖盘
09:55:00	43.27	--	2	8654	卖盘
09:54:57	43.27	-0.01	8	34616	卖盘
09:54:54	43.28	-0.02	12	51936	卖盘
09:54:51	43.3	0.04	20	86600	买盘
09:54:48	43.26	--	48	210243	卖盘
09:54:42	43.26	-0.02	62	268212	卖盘
09:54:39	43.28	--	17	73576	卖盘
09:54:36	43.28	-0.02	8	35879	卖盘
09:54:30	43.3	0.02	2	8660	买盘
09:54:27	43.28	--	12	51936	卖盘
09:54:24	43.28	-0.02	13	56264	卖盘
09:54:18	43.3	0.02	1	4330	买盘
09:54:15	43.28	--	6	25968	卖盘
09:54:09	43.28	--	6	25968	卖盘
09:54:06	43.28	-0.02	5	25362	卖盘
09:54:03	43.3	0.02	30	129899	买盘
09:53:51	43.28	-0.02	14	60592	卖盘
09:53:48	43.3	0.02	2	8660	买盘
09:53:45	43.28	--	19	82232	卖盘
09:53:42	43.28	-0.02	6	25968	卖盘
09:53:36	43.3	0.02	1	4330	买盘
09:53:33	43.28	--	12	54792	卖盘
09:53:30	43.28	-0.02	36	155808	卖盘
09:53:27	43.3	--	6	25980	买盘
09:53:24	43.3	--	3	12990	买盘
09:53:18	43.3	--	60	259799	买盘
09:53:09	43.3	0.02	7	30309	买盘
09:53:03	43.28	--	6	25968	卖盘
09:53:00	43.28	-0.02	24	106598	卖盘
09:52:57	43.3	--	13	56289	买盘
09:52:54	43.3	--	25	108250	买盘
09:52:45	43.3	--	2	8660	买盘
09:52:42	43.3	0.02	12	51960	买盘
09:52:39	43.28	--	32	140140	买盘
09:52:36	43.28	--	22	95216	买盘
09:52:33	43.28	--	6	25968	买盘
09:52:30	43.28	--	28	121184	卖盘
09:52:18	43.28	--	31	134168	买盘
09:52:15	43.28	--	35	151480	买盘
09:52:12	43.28	0.01	2	8656	买盘
09:52:09	43.27	-0.03	5	21635	卖盘
09:52:06	43.3	0.01	19	82270	买盘
09:52:00	43.29	0.02	10	43290	中性盘
09:51:57	43.27	--	47	204320	卖盘
09:51:48	43.27	0.01	41	177407	卖盘
09:51:45	43.26	--	3	12978	卖盘
09:51:42	43.26	-0.03	1	4326	卖盘
09:51:39	43.29	--	29	125541	买盘
09:51:36	43.29	--	2	8658	买盘
09:51:33	43.29	0.03	7	30303	中性盘
09:51:30	43.26	-0.03	168	726768	卖盘
09:51:24	43.29	0.03	9	40129	卖盘
09:51:12	43.26	--	19	82194	卖盘
09:51:09	43.26	-0.03	10	43260	卖盘
09:51:03	43.29	0.03	29	125541	买盘
09:51:00	43.26	0.01	12	51912	中性盘
09:50:54	43.25	-0.01	27	119629	卖盘
09:50:51	43.26	--	5	21630	卖盘
09:50:48	43.26	--	2	8652	卖盘
09:50:45	43.26	--	24	103824	卖盘
09:50:42	43.26	--	3	12978	买盘
09:50:39	43.26	--	4	17304	买盘
09:50:36	43.26	0.01	17	73542	买盘
09:50:33	43.25	--	6	25950	卖盘
09:50:30	43.25	--	24	103800	卖盘
09:50:27	43.25	0.01	7	30275	买盘
09:50:24	43.24	--	2	8648	卖盘
09:50:21	43.24	-0.02	8	37878	卖盘
09:50:18	43.26	0.01	5	21630	买盘
09:50:15	43.25	--	11	47575	买盘
09:50:12	43.25	-0.01	25	108125	卖盘
09:50:09	43.26	-0.01	14	60564	买盘
09:50:06	43.27	-0.03	4	17308	中性盘
09:49:54	43.3	0.07	10	43300	买盘
09:49:48	43.23	-0.07	5	24597	卖盘
09:49:42	43.3	0.05	4	17320	买盘
09:49:39	43.25	--	26	112450	卖盘
09:49:36	43.25	-0.03	63	272475	卖盘
09:49:33	43.28	0.02	2	8656	卖盘
09:49:30	43.26	0.01	7	30282	中性盘
09:49:27	43.25	-0.02	14	60550	卖盘
09:49:24	43.27	--	17	73559	买盘
09:49:21	43.27	--	2	8654	买盘
09:49:18	43.27	0.02	21	93636	中性盘
09:49:15	43.25	-0.02	9	38925	卖盘
09:49:12	43.27	--	1	4327	卖盘
09:49:09	43.27	-0.03	1	4327	卖盘
09:49:03	43.3	0.05	1	4330	买盘
09:48:54	43.25	-0.05	40	173000	卖盘
09:48:51	43.3	0.05	6	25980	买盘
09:48:48	43.25	--	5	21625	卖盘
09:48:45	43.25	-0.05	14	62885	卖盘
09:48:39	43.3	0.05	3	12990	买盘
09:48:33	43.25	-0.06	9	38925	卖盘
09:48:24	43.31	0.06	4	17324	买盘
09:48:21	43.25	-0.05	60	259500	卖盘
09:48:18	43.3	--	13	56289	卖盘
09:48:15	43.3	--	17	73610	卖盘
09:48:12	43.3	--	21	91276	卖盘
09:48:09	43.3	--	2	8660	卖盘
09:48:06	43.3	-0.01	18	77940	卖盘
09:48:03	43.31	--	17	73627	买盘
09:48:00	43.31	--	12	51972	买盘
09:47:57	43.31	-0.03	3	16414	卖盘
09:47:51	43.34	0.02	22	95348	中性盘
09:47:45	43.32	--	1	4332	卖盘
09:47:42	43.32	-0.02	5	22569	卖盘
09:47:39	43.34	-0.01	5	21670	中性盘
09:47:33	43.35	0.01	7	30345	买盘
09:47:30	43.34	--	1	4334	卖盘
09:47:21	43.34	-0.02	5	21670	卖盘
09:47:18	43.36	--	5	21680	买盘
09:47:09	43.36	--	7	30352	买盘
09:47:06	43.36	--	40	173440	买盘
09:47:03	43.36	--	2	8672	卖盘
09:46:54	43.36	-0.02	1	4336	卖盘
09:46:51	43.38	0.02	1	4338	买盘
09:46:48	43.36	-0.02	3	13008	卖盘
09:46:42	43.38	--	1	4338	买盘
09:46:39	43.38	--	18	81684	卖盘
09:46:36	43.38	--	9	39779	卖盘
09:46:30	43.38	--	2	8676	卖盘
09:46:27	43.38	-0.01	1	4338	卖盘
09:46:24	43.39	0.01	1	8591	卖盘
09:46:15	43.38	--	1	4424	买盘
09:46:12	43.38	-0.02	8	38955	卖盘
09:46:09	43.4	0.02	1	4340	买盘
09:46:06	43.38	-0.02	29	125888	卖盘
09:46:03	43.4	0.02	9	39060	买盘
09:46:00	43.38	--	3	13014	卖盘
09:45:57	43.38	-0.02	3	13014	卖盘
09:45:54	43.4	--	28	121520	买盘
09:45:51	43.4	0.02	2	8680	买盘
09:45:48	43.38	--	5	21690	卖盘
09:45:39	43.38	--	2	8676	卖盘
09:45:36	43.38	-0.02	12	52056	中性盘
09:45:30	43.4	0.09	2	8680	买盘
09:45:27	43.31	-0.09	54	235563	卖盘
09:45:21	43.4	--	10	43400	买盘
09:45:12	43.4	0.06	2	8680	买盘
09:45:09	43.34	-0.06	6	26004	卖盘
09:45:06	43.4	0.01	1	4340	买盘
09:45:00	43.39	-0.01	6	26034	卖盘
09:44:57	43.4	--	13	56420	买盘
09:44:54	43.4	--	5	21700	买盘
09:44:51	43.4	0.01	1	4340	买盘
09:44:48	43.39	--	3	13017	卖盘
09:44:42	43.39	--	6	26034	卖盘
09:44:39	43.39	0.01	56	242984	买盘
09:44:33	43.38	0.06	3	13014	买盘
09:44:30	43.32	-0.02	13	58308	卖盘
09:44:27	43.34	--	7	30338	卖盘
09:44:24	43.34	0.01	20	87330	买盘
09:44:21	43.33	0.03	5	21665	中性盘
09:44:15	43.3	-0.04	36	155880	卖盘
09:44:12	43.34	--	12	52008	买盘
09:44:09	43.34	0.03	5	21670	买盘
09:44:06	43.31	-0.01	1	4331	卖盘
09:44:00	43.32	--	5	21660	卖盘
09:43:57	43.32	-0.02	5	21660	卖盘
09:43:51	43.34	--	6	26004	买盘
09:43:48	43.34	0.01	25	108350	买盘
09:43:45	43.33	--	5	21665	买盘
09:43:42	43.33	-0.01	1	4333	中性盘
09:43:39	43.34	-0.01	25	112033	卖盘
09:43:36	43.35	0.01	8	34680	买盘
09:43:27	43.34	--	1	4334	卖盘
09:43:24	43.34	-0.01	17	74328	中性盘
09:43:18	43.35	0.01	9	39015	买盘
09:43:12	43.34	0.03	16	69344	买盘
09:43:09	43.31	0.01	2	8662	卖盘
09:43:03	43.3	-0.08	10	43300	卖盘
09:43:00	43.38	0.03	3	13014	中性盘
09:42:57	43.35	--	5	21675	卖盘
09:42:54	43.35	-0.03	3	13698	卖盘
09:42:51	43.38	--	8	34704	卖盘
09:42:48	43.38	-0.02	4	17352	卖盘
09:42:45	43.4	0.02	7	30380	买盘
09:42:42	43.38	0.03	31	138382	买盘
09:42:39	43.35	-0.02	12	52020	卖盘
09:42:36	43.37	--	10	43370	卖盘
09:42:33	43.37	-0.03	1	4337	卖盘
09:42:30	43.4	0.02	1	4340	买盘
09:42:24	43.38	--	2	8676	买盘
09:42:21	43.38	--	5	21690	卖盘
09:42:18	43.38	-0.02	24	106064	卖盘
09:42:12	43.4	--	7	30380	卖盘
09:42:03	43.4	--	2	8680	卖盘
09:42:00	43.4	--	13	58807	买盘
09:41:51	43.4	0.05	19	82460	买盘
09:41:48	43.35	-0.05	6	27570	卖盘
09:41:42	43.4	--	10	43400	买盘
09:41:39	43.4	--	10	43400	买盘
09:41:36	43.4	-0.02	52	227633	卖盘
09:41:33	43.42	-0.01	7	30394	卖盘
09:41:30	43.43	-0.03	2	8686	中性盘
09:41:24	43.46	0.04	9	39114	买盘
09:41:21	43.42	-0.01	50	217100	卖盘
09:41:18	43.43	-0.03	2	8686	卖盘
09:41:15	43.46	0.03	7	30422	买盘
09:41:12	43.43	-0.03	9	39087	卖盘
09:41:06	43.46	--	2	8692	买盘
09:41:00	43.46	0.03	10	43460	买盘
09:40:54	43.43	-0.03	14	60802	卖盘
09:40:48	43.46	--	11	50891	卖盘
09:40:45	43.46	-0.02	9	40374	卖盘
09:40:42	43.48	0.02	3	13043	买盘
09:40:36	43.46	0.03	5	21730	卖盘
09:40:33	43.43	-0.05	1	4343	中性盘
09:40:30	43.48	-0.01	10	43480	中性盘
09:40:18	43.49	--	16	69584	买盘
09:40:15	43.49	0.07	9	39141	买盘
09:40:12	43.42	-0.04	3	15891	卖盘
09:40:09	43.46	-0.03	4	17384	卖盘
09:40:06	43.49	--	10	43490	买盘
09:40:00	43.49	0.09	11	47839	买盘
09:39:57	43.4	--	9	39060	卖盘
09:39:54	43.4	--	10	43400	卖盘
09:39:42	43.4	-0.09	11	50127	卖盘
09:39:39	43.49	--	1	4349	买盘
09:39:36	43.49	0.09	1	4349	买盘
09:39:30	43.4	-0.09	14	60760	卖盘
09:39:24	43.49	--	7	30443	买盘
09:39:21	43.49	--	12	52188	买盘
09:39:12	43.49	--	1	4349	买盘
09:39:06	43.49	--	18	78282	买盘
09:39:00	43.49	--	1	4349	买盘
09:38:57	43.49	0.09	1	4349	买盘
09:38:51	43.4	-0.09	1	4340	卖盘
09:38:45	43.49	0.24	7	30443	买盘
09:38:36	43.25	--	5	21625	卖盘
09:38:33	43.25	--	9	38925	卖盘
09:38:30	43.25	--	32	138400	买盘
09:38:27	43.25	--	85	367625	买盘
09:38:24	43.25	--	30	129750	买盘
09:38:21	43.25	--	82	354650	买盘
09:38:18	43.25	--	37	160025	买盘
09:38:15	43.25	--	32	138400	买盘
09:38:12	43.25	--	13	56225	买盘
09:38:09	43.25	--	3	12975	买盘
09:38:06	43.25	0.04	1	4325	买盘
09:38:03	43.21	-0.04	14	60494	卖盘
09:38:00	43.25	0.04	13	56225	买盘
09:37:57	43.21	0.01	11	47531	中性盘
09:37:54	43.2	-0.01	14	60480	卖盘
09:37:48	43.21	0.01	16	69136	买盘
09:37:45	43.2	--	45	194400	卖盘
09:37:42	43.2	0.03	3	12960	中性盘
09:37:39	43.17	-0.03	33	142461	卖盘
09:37:36	43.2	0.04	5	21600	买盘
09:37:33	43.16	--	2	8632	卖盘
09:37:30	43.16	-0.04	18	77688	卖盘
09:37:27	43.2	-0.05	1	4320	中性盘
09:37:21	43.25	0.09	13	56225	买盘
09:37:18	43.16	--	3	12947	买盘
09:37:15	43.16	-0.04	5	21580	卖盘
09:37:12	43.2	-0.05	118	509760	卖盘
09:37:09	43.25	0.05	3	12975	买盘
09:37:06	43.2	-0.05	1	4320	卖盘
09:37:03	43.25	0.04	16	69200	买盘
09:37:00	43.21	-0.04	11	47531	卖盘
09:36:57	43.25	--	20	86500	买盘
09:36:51	43.25	-0.15	47	203275	卖盘
09:36:48	43.4	0.02	30	130200	买盘
09:36:45	43.38	0.04	3	13014	买盘
09:36:42	43.34	0.03	43	186362	买盘
09:36:39	43.31	--	6	25986	买盘
09:36:36	43.31	-0.18	53	229543	卖盘
09:36:24	43.49	0.09	57	247893	买盘
09:36:21	43.4	-0.05	15	65100	卖盘
09:36:15	43.45	0.06	1	4345	买盘
09:36:12	43.39	-0.07	9	39051	中性盘
09:36:09	43.46	--	50	217300	买盘
09:36:03	43.46	0.07	50	217300	买盘
09:36:00	43.39	-0.07	46	199594	卖盘
09:35:54	43.46	-0.13	22	95612	买盘
09:35:51	43.59	0.09	30	130770	买盘
09:35:48	43.5	-0.01	29	126150	中性盘
09:35:42	43.51	0.04	33	143583	买盘
09:35:39	43.47	-0.03	15	65205	卖盘
09:35:36	43.5	--	6	26100	买盘
09:35:33	43.5	--	27	117450	卖盘
09:35:30	43.5	-0.09	45	195750	卖盘
09:35:27	43.59	0.08	26	113334	买盘
09:35:24	43.51	-0.02	8	34808	卖盘
09:35:18	43.53	-0.07	8	34824	卖盘
09:35:15	43.6	-0.04	29	126440	卖盘
09:35:09	43.64	--	10	43640	买盘
09:35:06	43.64	--	1	4364	买盘
09:34:57	43.64	--	36	157104	卖盘
09:34:54	43.64	--	16	69824	卖盘
09:34:51	43.64	--	5	21820	卖盘
09:34:48	43.64	-0.01	3	13092	卖盘
09:34:42	43.65	--	22	99172	卖盘
09:34:39	43.65	--	37	161505	卖盘
09:34:36	43.65	--	8	34920	卖盘
09:34:30	43.65	--	10	43650	卖盘
09:34:27	43.65	--	19	82935	卖盘
09:34:24	43.65	--	25	109125	卖盘
09:34:21	43.65	--	8	34920	卖盘
09:34:18	43.65	-0.04	1	4365	卖盘
09:34:15	43.69	--	25	109225	卖盘
09:34:12	43.69	0.04	4	17476	卖盘
09:34:09	43.65	--	11	48015	卖盘
09:34:03	43.65	--	1	4365	卖盘
09:33:57	43.65	-0.1	43	187695	卖盘
09:33:54	43.75	0.05	3	13125	买盘
09:33:51	43.7	--	10	43700	买盘
09:33:45	43.7	0.01	20	87400	买盘
09:33:42	43.69	--	8	34952	卖盘
09:33:39	43.69	0.03	3	13107	卖盘
09:33:33	43.66	-0.1	7	30561	中性盘
09:33:27	43.76	0.1	41	179416	买盘
09:33:24	43.66	--	82	358012	卖盘
09:33:18	43.66	-0.1	1	4366	卖盘
09:33:12	43.76	--	8	35008	买盘
09:33:09	43.76	--	11	48136	卖盘
09:33:06	43.76	--	2	8752	卖盘
09:33:03	43.76	--	22	96272	卖盘
09:33:00	43.76	--	8	35008	卖盘
09:32:54	43.76	0.1	16	70016	买盘
09:32:48	43.66	-0.12	4	17464	卖盘
09:32:42	43.78	0.12	16	70048	买盘
09:32:36	43.66	-0.12	2	8732	卖盘
09:32:30	43.78	0.12	33	144474	买盘
09:32:18	43.66	--	8	34928	卖盘
09:32:15	43.66	--	6	26195	卖盘
09:32:12	43.66	-0.12	5	21830	卖盘
09:32:09	43.78	0.12	3	13134	中性盘
09:32:00	43.66	-0.01	15	65489	卖盘
09:31:57	43.67	0.02	7	30569	卖盘
09:31:54	43.65	--	10	43650	卖盘
09:31:51	43.65	-0.14	3	13095	卖盘
09:31:48	43.79	0.14	4	17516	买盘
09:31:45	43.65	-0.14	3	13095	卖盘
09:31:42	43.79	0.14	46	201434	买盘
09:31:39	43.65	-0.15	72	314280	卖盘
09:31:33	43.8	--	23	100740	买盘
09:31:30	43.8	--	3	13140	买盘
09:31:27	43.8	0.01	6	26280	买盘
09:31:24	43.79	0.14	1	4379	中性盘
09:31:18	43.65	--	28	122220	卖盘
09:31:12	43.65	-0.18	18	78570	卖盘
09:31:09	43.83	0.01	19	83277	买盘
09:31:06	43.82	0.02	7	30674	买盘
09:31:03	43.8	-0.03	1	4380	中性盘
09:31:00	43.83	--	56	245448	买盘
09:30:57	43.83	0.03	18	78894	买盘
09:30:54	43.8	-0.02	8	35040	买盘
09:30:48	43.82	-0.01	25	109550	卖盘
09:30:45	43.83	-0.01	45	197235	卖盘
09:30:39	43.84	0.01	6	26304	买盘
09:30:36	43.83	--	9	39447	卖盘
09:30:33	43.83	0.18	3	13149	买盘
09:30:30	43.65	--	10	43650	卖盘
09:30:27	43.65	--	3	13095	卖盘
09:30:21	43.65	--	2	9952	卖盘
09:30:15	43.65	-0.02	27	117855	卖盘
09:30:12	43.67	0.02	3	13101	买盘
09:30:09	43.65	0.05	159	694035	买盘
09:30:06	43.6	-0.04	57	248520	卖盘
09:30:03	43.64	-0.01	7	30548	卖盘
09:25:03	43.65	43.65	72	314280	买盘
