成交时间	成交价	价格变动	成交量(手)	成交额(元)	性质
15:00:03	16.05	0.05	649	1041645	买盘
14:57:03	16.0	--	44	70400	买盘
14:57:00	16.0	--	14	22400	买盘
14:56:57	16.0	-0.05	798	1276800	卖盘
14:56:51	16.05	--	35	56175	买盘
14:56:45	16.05	--	5	8025	买盘
14:56:39	16.05	--	2	3210	买盘
14:56:33	16.05	0.01	2	3210	买盘
14:56:27	16.04	--	11	17644	卖盘
14:56:24	16.04	-0.01	10	16040	卖盘
14:56:18	16.05	--	16	25680	买盘
14:56:15	16.05	-0.01	20	32100	卖盘
14:56:12	16.06	--	13	20878	买盘
14:56:03	16.06	0.01	2	3211	买盘
14:56:00	16.05	--	11	17655	卖盘
14:55:54	16.05	-0.01	84	134820	卖盘
14:55:45	16.06	--	22	35332	买盘
14:55:30	16.06	--	45	72270	买盘
14:55:24	16.06	-0.03	588	944327	卖盘
14:55:21	16.09	--	22	35398	卖盘
14:55:06	16.09	-0.01	3	4827	中性盘
14:54:57	16.1	--	42	67620	买盘
14:54:54	16.1	0.01	42	67620	买盘
14:54:45	16.09	--	5	8045	买盘
14:54:33	16.09	0.01	13	20917	中性盘
14:54:30	16.08	-0.01	20	32159	卖盘
14:54:18	16.09	--	5	8045	中性盘
14:54:00	16.09	--	11	17699	卖盘
14:53:54	16.09	0.01	7	11263	买盘
14:53:48	16.08	--	27	43415	卖盘
14:53:42	16.08	--	10	16079	卖盘
14:53:36	16.08	--	15	24119	卖盘
14:53:30	16.08	--	48	77183	卖盘
14:52:33	16.08	-0.01	29	46631	卖盘
14:52:30	16.09	0.01	26	41834	买盘
14:52:18	16.08	--	71	114167	卖盘
14:52:15	16.08	--	4	6431	卖盘
14:51:51	16.08	--	7	11255	卖盘
14:51:48	16.08	-0.01	18	28943	卖盘
14:51:45	16.09	--	5	8045	卖盘
14:51:42	16.09	0.01	37	59533	买盘
14:51:39	16.08	-0.01	50	80399	卖盘
14:51:12	16.09	--	1	1609	卖盘
14:51:09	16.09	--	21	33789	卖盘
14:51:06	16.09	--	55	88495	卖盘
14:51:03	16.09	-0.01	21	33789	卖盘
14:50:54	16.1	0.01	36	57960	买盘
14:50:51	16.09	-0.01	21	33789	卖盘
14:50:39	16.1	0.01	3	4830	买盘
14:50:36	16.09	--	33	53097	卖盘
14:50:33	16.09	-0.01	5	8045	卖盘
14:50:27	16.1	--	46	74060	买盘
14:50:21	16.1	--	3	4830	买盘
14:50:18	16.1	--	82	132020	买盘
14:50:09	16.1	--	5	8050	买盘
14:50:00	16.1	0.01	5	8050	中性盘
14:49:48	16.09	-0.02	11	17699	卖盘
14:49:39	16.11	0.01	42	67662	买盘
14:49:36	16.1	--	10	16100	买盘
14:49:33	16.1	--	5	8050	买盘
14:49:30	16.1	0.01	51	82110	买盘
14:49:27	16.09	-0.01	3	4827	卖盘
14:49:24	16.1	0.01	5	8050	买盘
14:49:15	16.09	-0.01	9	14481	卖盘
14:49:09	16.1	--	5	8050	买盘
14:49:06	16.1	0.01	5	8050	买盘
14:49:03	16.09	0.01	5	8045	中性盘
14:48:42	16.08	-0.02	10	16079	卖盘
14:48:24	16.1	--	7	11270	卖盘
14:48:21	16.1	--	36	57960	卖盘
14:48:09	16.1	--	87	140070	买盘
14:48:06	16.1	0.01	1	1610	买盘
14:47:54	16.09	-0.01	101	162509	卖盘
14:47:45	16.1	--	5	8050	买盘
14:47:27	16.1	--	30	48300	买盘
14:47:12	16.1	--	50	80500	买盘
14:47:06	16.1	--	42	67620	买盘
14:47:03	16.1	--	50	80500	买盘
14:46:36	16.1	--	10	16100	买盘
14:46:30	16.1	--	142	228620	卖盘
14:46:27	16.1	--	12	19320	卖盘
14:46:09	16.1	-0.02	106	170660	卖盘
14:46:06	16.12	0.02	1	1612	买盘
14:46:00	16.1	-0.02	6	9660	卖盘
14:45:54	16.12	0.01	50	80600	买盘
14:45:51	16.11	--	69	111159	卖盘
14:45:39	16.11	-0.01	58	93438	卖盘
14:45:36	16.12	--	2	3224	买盘
14:45:06	16.12	0.01	1	1612	买盘
14:45:03	16.11	--	21	33831	卖盘
14:44:51	16.11	-0.02	57	91827	卖盘
14:44:45	16.13	0.01	99	159687	买盘
14:44:39	16.12	-0.01	58	93496	卖盘
14:44:36	16.13	0.01	10	16129	买盘
14:44:30	16.12	--	55	88660	卖盘
14:44:18	16.12	--	88	141856	卖盘
14:44:12	16.12	-0.02	37	59644	卖盘
14:44:06	16.14	0.01	1	1614	买盘
14:44:00	16.13	--	1	1613	买盘
14:43:57	16.13	--	7	11291	买盘
14:43:45	16.13	-0.01	12	19356	卖盘
14:43:33	16.14	0.01	33	53262	买盘
14:43:15	16.13	-0.01	4	6452	卖盘
14:43:06	16.14	--	1	1614	买盘
14:43:03	16.14	0.01	38	61332	买盘
14:43:00	16.13	--	1	1613	卖盘
14:42:54	16.13	--	7	11291	卖盘
14:42:36	16.13	--	2	3226	卖盘
14:42:27	16.13	--	5	8064	卖盘
14:42:21	16.13	0.01	10	16129	卖盘
14:42:18	16.12	-0.01	11	17732	卖盘
14:42:12	16.13	-0.01	16	25808	卖盘
14:42:06	16.14	0.01	34	54876	买盘
14:42:00	16.13	--	5	8064	卖盘
14:41:54	16.13	--	21	33873	卖盘
14:41:51	16.13	--	21	33873	卖盘
14:41:48	16.13	-0.01	21	33873	卖盘
14:41:33	16.14	0.01	10	16140	买盘
14:41:24	16.13	-0.01	38	61293	卖盘
14:41:15	16.14	--	2	3228	买盘
14:41:12	16.14	0.01	3	4842	买盘
14:41:06	16.13	--	23	37099	卖盘
14:40:57	16.13	-0.01	11	17743	卖盘
14:40:06	16.14	0.01	2	3228	中性盘
14:39:27	16.13	-0.01	11	17743	卖盘
14:39:24	16.14	0.01	49	79086	买盘
14:39:21	16.13	--	56	90328	卖盘
14:39:12	16.13	-0.01	20	32259	卖盘
14:39:06	16.14	--	1	1614	买盘
14:39:00	16.14	--	2	3228	买盘
14:38:42	16.14	--	49	79086	卖盘
14:38:33	16.14	-0.01	58	93612	卖盘
14:38:30	16.15	0.01	6	9690	买盘
14:38:09	16.14	-0.01	25	40350	卖盘
14:38:06	16.15	--	1	1614	买盘
14:37:57	16.15	--	1	1614	买盘
14:37:54	16.15	--	5	8074	买盘
14:37:36	16.15	--	41	66215	买盘
14:37:30	16.15	--	1	1614	买盘
14:37:21	16.15	-0.01	31	50064	卖盘
14:37:06	16.16	--	1	1616	买盘
14:37:03	16.16	--	10	16160	买盘
14:36:48	16.16	--	35	56560	卖盘
14:36:42	16.16	-0.03	3	4848	卖盘
14:36:24	16.19	--	14	22666	卖盘
14:36:09	16.19	--	52	84188	买盘
14:36:06	16.19	0.02	1	1619	买盘
14:36:03	16.17	-0.03	2	3234	卖盘
14:36:00	16.2	--	30	48600	买盘
14:35:42	16.2	0.04	49	79380	买盘
14:35:36	16.16	-0.04	1	1616	卖盘
14:35:21	16.2	0.03	1346	2180520	买盘
14:35:18	16.17	--	35	56595	买盘
14:35:06	16.17	0.02	1	1617	买盘
14:34:27	16.15	-0.02	11	17765	卖盘
14:34:24	16.17	-0.01	5	8085	卖盘
14:34:18	16.18	--	35	56630	买盘
14:34:06	16.18	0.01	67	108406	买盘
14:33:48	16.17	0.01	30	48510	中性盘
14:33:18	16.16	--	33	53328	买盘
14:33:06	16.16	--	1	1616	买盘
14:32:48	16.16	-0.02	35	56560	中性盘
14:32:33	16.18	0.03	37	59866	买盘
14:32:21	16.15	--	52	83979	买盘
14:32:18	16.15	-0.03	35	56524	中性盘
14:32:06	16.18	--	14	22652	买盘
14:32:03	16.18	0.01	42	67956	买盘
14:31:57	16.17	--	52	84084	买盘
14:31:54	16.17	--	42	67914	买盘
14:31:51	16.17	0.03	42	67914	买盘
14:31:48	16.14	--	7	11298	买盘
14:31:39	16.14	-0.03	35	56490	卖盘
14:31:36	16.17	0.01	87	140679	买盘
14:31:27	16.16	0.03	21	33936	中性盘
14:31:15	16.13	--	116	187108	卖盘
14:31:09	16.13	-0.01	30	48390	卖盘
14:31:06	16.14	-0.02	8	12912	卖盘
14:31:03	16.16	0.02	50	80800	买盘
14:30:48	16.14	--	22	35508	买盘
14:30:24	16.14	--	16	25824	卖盘
14:30:21	16.14	--	30	48420	卖盘
14:30:18	16.14	--	9	14526	买盘
14:30:06	16.14	--	29	46806	卖盘
14:29:48	16.14	0.01	5	8070	中性盘
14:29:30	16.13	-0.01	61	98393	卖盘
14:29:21	16.14	-0.01	21	33894	卖盘
14:29:18	16.15	0.02	29	46834	中性盘
14:29:03	16.13	-0.02	87	140331	卖盘
14:29:00	16.15	0.01	7	11304	买盘
14:28:48	16.14	-0.01	5	8070	中性盘
14:28:30	16.15	0.02	10	16149	买盘
14:28:27	16.13	-0.02	11	17743	卖盘
14:28:18	16.15	--	35	56524	买盘
14:28:03	16.15	--	1	1614	卖盘
14:28:00	16.15	-0.01	42	67830	卖盘
14:27:57	16.16	-0.01	16	25856	卖盘
14:27:54	16.17	--	82	132594	买盘
14:27:42	16.17	--	10	16170	买盘
14:27:21	16.17	--	58	93786	买盘
14:27:18	16.17	--	40	64680	买盘
14:26:48	16.17	0.01	34	54978	买盘
14:26:42	16.16	--	8	12928	卖盘
14:26:21	16.16	-0.01	15	24240	卖盘
14:26:18	16.17	0.01	35	56595	买盘
14:26:09	16.16	--	61	98576	卖盘
14:25:57	16.16	--	48	77568	卖盘
14:25:51	16.16	-0.01	122	197152	卖盘
14:25:48	16.17	0.01	35	56595	买盘
14:25:42	16.16	--	4	6464	卖盘
14:25:30	16.16	-0.01	10	16160	卖盘
14:25:27	16.17	--	17	27489	卖盘
14:25:18	16.17	0.01	18	29106	买盘
14:24:54	16.16	-0.01	20	32320	卖盘
14:24:48	16.17	0.01	35	56595	买盘
14:24:33	16.16	--	3	4848	卖盘
14:24:18	16.16	0.01	19	30704	买盘
14:24:06	16.15	-0.01	5	8074	卖盘
14:23:48	16.16	0.01	34	54944	买盘
14:23:33	16.15	-0.01	11	17765	卖盘
14:23:21	16.16	--	1	1616	买盘
14:23:18	16.16	-0.01	70	113120	卖盘
14:23:12	16.17	--	33	53361	买盘
14:22:57	16.17	--	3	4851	买盘
14:22:36	16.17	--	7	11319	卖盘
14:22:33	16.17	--	4	6468	卖盘
14:22:24	16.17	--	3	4851	卖盘
14:22:21	16.17	-0.01	20	32340	卖盘
14:22:18	16.18	--	35	56630	买盘
14:22:03	16.18	0.05	22	35596	买盘
14:21:57	16.13	-0.04	3	4839	卖盘
14:21:48	16.17	--	13	21021	卖盘
14:21:39	16.17	--	7	11319	卖盘
14:21:30	16.17	--	26	42042	买盘
14:21:27	16.17	--	33	53361	买盘
14:21:21	16.17	0.04	1	1617	买盘
14:21:06	16.13	-0.04	97	156461	卖盘
14:21:03	16.17	-0.01	1	1617	中性盘
14:20:51	16.18	0.04	40	64720	买盘
14:20:33	16.14	-0.03	54	87156	卖盘
14:20:30	16.17	0.03	40	64680	买盘
14:20:27	16.14	-0.03	10	16140	卖盘
14:20:24	16.17	--	1	1617	买盘
14:20:09	16.17	--	1	1617	买盘
14:20:03	16.17	--	1	1617	买盘
14:19:51	16.17	-0.01	34	54978	中性盘
14:19:30	16.18	0.05	1	1618	买盘
14:19:24	16.13	-0.05	88	141944	卖盘
14:19:21	16.18	0.01	1	1618	买盘
14:19:12	16.17	--	14	22638	卖盘
14:19:06	16.17	--	21	33957	卖盘
14:19:03	16.17	0.02	448	724416	买盘
14:18:51	16.15	0.02	1	1614	中性盘
14:18:36	16.13	--	35	56455	卖盘
14:18:30	16.13	-0.03	75	120974	卖盘
14:18:27	16.16	0.02	102	164832	买盘
14:18:21	16.14	--	1	1614	买盘
14:18:15	16.14	-0.02	42	67788	卖盘
14:18:12	16.16	--	50	80800	买盘
14:18:00	16.16	--	1	1616	买盘
14:17:51	16.16	--	51	82416	买盘
14:17:30	16.16	--	1	1616	买盘
14:17:18	16.16	--	30	48480	买盘
14:17:12	16.16	0.02	1	1616	买盘
14:17:09	16.14	-0.02	5	8070	卖盘
14:17:00	16.16	--	1	1616	买盘
14:16:57	16.16	--	2	3232	买盘
14:16:48	16.16	--	33	53328	买盘
14:16:42	16.16	--	1	1616	买盘
14:16:36	16.16	--	50	80800	买盘
14:16:30	16.16	0.02	30	48480	买盘
14:16:24	16.14	-0.02	70	112980	卖盘
14:16:12	16.16	0.01	1	1616	买盘
14:16:03	16.15	-0.01	42	67830	卖盘
14:16:00	16.16	--	29	46864	中性盘
14:15:51	16.16	--	11	17776	买盘
14:15:42	16.16	0.01	1	1616	买盘
14:15:36	16.15	-0.01	11	17765	卖盘
14:15:33	16.16	-0.02	59	95344	卖盘
14:15:30	16.18	0.02	11	17798	买盘
14:15:18	16.16	-0.02	1	1616	卖盘
14:15:12	16.18	--	11	17798	买盘
14:15:03	16.18	0.03	34	55012	买盘
14:14:54	16.15	-0.01	55	88824	卖盘
14:14:48	16.16	-0.01	28	45248	卖盘
14:14:42	16.17	0.01	1	1617	买盘
14:14:30	16.16	--	2	3232	中性盘
14:14:12	16.16	-0.02	1	1616	中性盘
14:14:06	16.18	0.01	46	74428	买盘
14:14:00	16.17	0.01	17	27489	买盘
14:13:54	16.16	-0.02	3	4848	卖盘
14:13:48	16.18	0.01	200	323600	买盘
14:13:42	16.17	0.01	13	21021	买盘
14:13:30	16.16	0.01	15	24240	中性盘
14:13:18	16.15	-0.01	20	32299	卖盘
14:13:12	16.16	--	11	17776	卖盘
14:13:00	16.16	0.02	17	27472	买盘
14:12:54	16.14	-0.02	21	33894	卖盘
14:12:42	16.16	0.01	1	1616	中性盘
14:12:36	16.15	-0.02	11	17765	卖盘
14:12:30	16.17	--	31	50127	买盘
14:12:24	16.17	0.01	6	9702	买盘
14:12:21	16.16	-0.01	11	17776	卖盘
14:12:12	16.17	0.01	1	1617	买盘
14:12:06	16.16	-0.01	4	6464	卖盘
14:12:00	16.17	0.01	50	80850	买盘
14:11:57	16.16	-0.01	14	22624	卖盘
14:11:39	16.17	--	33	53361	买盘
14:11:33	16.17	-0.01	1	1617	卖盘
14:11:30	16.18	0.01	29	46922	买盘
14:11:24	16.17	--	17	27489	卖盘
14:11:12	16.17	-0.01	11	17787	卖盘
14:11:03	16.18	--	1	1618	买盘
14:11:00	16.18	0.01	29	46922	买盘
14:10:45	16.17	-0.01	20	32340	卖盘
14:10:42	16.18	--	1	1618	买盘
14:10:30	16.18	0.01	30	48540	买盘
14:10:21	16.17	--	3	4851	买盘
14:10:09	16.17	--	1	1617	买盘
14:10:06	16.17	--	10	16170	买盘
14:10:03	16.17	-0.01	6	9702	卖盘
14:10:00	16.18	--	30	48540	买盘
14:09:57	16.18	0.01	10	16180	买盘
14:09:48	16.17	-0.01	3	4851	卖盘
14:09:42	16.18	0.01	1	1618	买盘
14:09:30	16.17	0.01	20	32340	买盘
14:09:21	16.16	-0.01	20	32320	卖盘
14:09:12	16.17	--	1	1617	买盘
14:09:00	16.17	--	29	46893	买盘
14:08:51	16.17	--	1	1617	买盘
14:08:42	16.17	--	1	1617	买盘
14:08:36	16.17	--	50	80850	买盘
14:08:30	16.17	--	29	46893	买盘
14:08:21	16.17	0.01	1	1617	买盘
14:08:15	16.16	-0.01	11	17776	卖盘
14:08:09	16.17	0.01	1	1617	买盘
14:08:06	16.16	-0.01	10	16160	卖盘
14:08:03	16.17	--	10	16170	卖盘
14:08:00	16.17	--	19	30723	买盘
14:07:51	16.17	--	1	1617	买盘
14:07:48	16.17	--	3	4851	卖盘
14:07:45	16.17	-0.01	23	37191	卖盘
14:07:42	16.18	0.01	1	1618	买盘
14:07:30	16.17	0.01	3	4851	买盘
14:07:27	16.16	-0.01	99	159984	卖盘
14:07:21	16.17	--	1	1617	买盘
14:07:18	16.17	--	2	3234	买盘
14:07:12	16.17	-0.01	14	22638	卖盘
14:07:00	16.18	--	29	46922	买盘
14:06:51	16.18	--	1	1618	买盘
14:06:45	16.18	--	40	64720	买盘
14:06:39	16.18	--	1	1618	买盘
14:06:30	16.18	--	29	46922	买盘
14:06:21	16.18	--	11	17798	买盘
14:06:18	16.18	-0.01	106	171508	卖盘
14:06:09	16.19	--	2	3238	买盘
14:06:00	16.19	--	29	46951	买盘
14:05:51	16.19	--	1	1619	买盘
14:05:39	16.19	--	1	1619	买盘
14:05:30	16.19	0.01	30	48570	卖盘
14:05:21	16.18	-0.02	8	12944	卖盘
14:05:15	16.2	0.02	33	53460	买盘
14:05:12	16.18	-0.02	11	17798	卖盘
14:05:06	16.2	0.02	200	324000	买盘
14:05:03	16.18	-0.02	5	8090	中性盘
14:04:51	16.2	--	1	1620	买盘
14:04:45	16.2	0.01	199	322380	买盘
14:04:27	16.19	0.02	192	310848	买盘
14:04:18	16.17	--	11	17787	卖盘
14:04:12	16.17	-0.01	20	32340	中性盘
14:04:00	16.18	0.01	44	71192	买盘
14:03:57	16.17	--	34	54978	卖盘
14:03:51	16.17	--	4	6468	卖盘
14:03:39	16.17	-0.01	1	1617	卖盘
14:03:30	16.18	--	29	46922	买盘
14:02:57	16.18	--	42	67956	买盘
14:02:51	16.18	0.01	21	33978	买盘
14:02:48	16.17	0.01	21	33957	买盘
14:02:45	16.16	-0.01	6	9696	卖盘
14:02:33	16.17	-0.01	10	16170	卖盘
14:02:30	16.18	0.01	29	46922	买盘
14:02:06	16.17	-0.01	5	8085	卖盘
14:02:00	16.18	0.01	29	46922	买盘
14:01:57	16.17	-0.01	4	6468	卖盘
14:01:48	16.18	0.01	1	1618	买盘
14:01:30	16.17	-0.01	20	32340	中性盘
14:01:06	16.18	--	22	35596	买盘
14:01:00	16.18	0.01	49	79282	买盘
14:00:57	16.17	--	11	17787	卖盘
14:00:54	16.17	--	3	4851	卖盘
14:00:45	16.17	--	1	1617	卖盘
14:00:33	16.17	--	8	12936	卖盘
14:00:30	16.17	0.01	6	9702	买盘
14:00:03	16.16	--	1	1616	卖盘
14:00:00	16.16	0.01	8	12928	中性盘
13:59:45	16.15	--	70	113049	卖盘
13:59:21	16.15	--	36	58139	卖盘
13:59:12	16.15	-0.03	2	3229	卖盘
13:59:09	16.18	0.03	112	181216	买盘
13:59:00	16.15	--	2	3229	卖盘
13:58:54	16.15	0.01	34	54909	买盘
13:58:39	16.14	-0.01	1	1614	卖盘
13:58:30	16.15	0.02	10	16149	买盘
13:58:27	16.13	-0.02	10	16129	卖盘
13:58:24	16.15	0.03	1	1614	买盘
13:58:12	16.12	--	22	36898	卖盘
13:58:00	16.12	--	2	3224	买盘
13:57:48	16.12	-0.01	52	83824	卖盘
13:57:39	16.13	--	2	3226	卖盘
13:57:33	16.13	0.01	11	17743	买盘
13:57:30	16.12	-0.01	3	4836	卖盘
13:57:24	16.13	--	1	1613	买盘
13:57:06	16.13	0.01	1	1613	买盘
13:57:03	16.12	--	10	16120	卖盘
13:56:42	16.12	--	31	49972	买盘
13:56:36	16.12	0.02	1	1612	买盘
13:56:30	16.1	--	29	46690	卖盘
13:56:18	16.1	--	2	3220	卖盘
13:56:15	16.1	--	9	15230	买盘
13:56:09	16.1	--	10	16100	买盘
13:56:06	16.1	--	1	1610	买盘
13:55:57	16.1	0.01	30	48300	买盘
13:55:51	16.09	-0.01	1	1609	卖盘
13:55:48	16.1	--	11	17710	买盘
13:55:45	16.1	--	1	1610	买盘
13:55:42	16.1	--	3	4830	买盘
13:55:36	16.1	0.01	1	1610	买盘
13:55:33	16.09	-0.01	13	20917	卖盘
13:55:21	16.1	--	15	24150	买盘
13:55:15	16.1	0.02	1	1610	买盘
13:55:09	16.08	-0.02	33	53063	卖盘
13:55:06	16.1	0.01	1	1610	买盘
13:54:48	16.09	-0.01	90	144810	卖盘
13:54:45	16.1	--	1	1610	买盘
13:54:36	16.1	0.01	51	82110	买盘
13:54:30	16.09	--	4	6436	卖盘
13:54:18	16.09	-0.01	5	8045	卖盘
13:54:15	16.1	--	1	1610	买盘
13:54:06	16.1	--	31	49910	买盘
13:54:03	16.1	--	50	80500	买盘
13:53:54	16.1	--	3	4830	买盘
13:53:48	16.1	--	20	32200	买盘
13:53:45	16.1	--	1	1610	买盘
13:53:42	16.1	-0.02	210	338100	卖盘
13:53:36	16.12	--	1	1612	买盘
13:53:15	16.12	0.01	5	8060	买盘
13:53:12	16.11	--	16	25776	卖盘
13:53:06	16.11	-0.01	11	17721	卖盘
13:52:48	16.12	-0.01	2	3224	卖盘
13:52:45	16.13	0.01	1	1613	买盘
13:52:24	16.12	0.01	10	16120	中性盘
13:52:15	16.11	-0.02	8	12888	卖盘
13:52:12	16.13	--	20	32259	买盘
13:51:57	16.13	0.03	1	1613	买盘
13:51:54	16.1	-0.01	45	72450	卖盘
13:51:48	16.11	--	3	4833	中性盘
13:51:45	16.11	--	1	1611	买盘
13:51:42	16.11	--	41	66051	卖盘
13:51:30	16.11	-0.02	4	6444	卖盘
13:51:27	16.13	--	54	87102	买盘
13:51:24	16.13	--	1	1613	买盘
13:51:21	16.13	--	1	1613	买盘
13:51:15	16.13	--	1	1613	买盘
13:51:09	16.13	-0.03	92	148396	卖盘
13:50:54	16.16	--	1	1616	买盘
13:50:45	16.16	0.01	1	1616	买盘
13:50:36	16.15	-0.01	21	33915	卖盘
13:50:24	16.16	0.01	1	1616	中性盘
13:50:18	16.15	-0.01	21	33915	卖盘
13:50:15	16.16	0.01	12	19392	卖盘
13:50:06	16.15	--	21	33915	卖盘
13:50:00	16.15	-0.03	21	33915	卖盘
13:49:57	16.18	0.01	1	1618	买盘
13:49:54	16.17	--	1	1617	卖盘
13:49:51	16.17	--	21	33957	卖盘
13:49:48	16.17	-0.01	2	3234	卖盘
13:49:45	16.18	0.02	1	1618	买盘
13:49:36	16.16	-0.03	7	11312	卖盘
13:49:27	16.19	--	1	1619	买盘
13:49:15	16.19	0.04	1	1619	中性盘
13:49:00	16.15	--	21	33915	卖盘
13:48:57	16.15	--	12	19380	卖盘
13:48:51	16.15	-0.05	21	33915	卖盘
13:48:45	16.2	0.05	1	1620	买盘
13:48:42	16.15	-0.02	21	33915	卖盘
13:48:39	16.17	0.01	21	33957	中性盘
13:48:27	16.16	-0.04	12	19392	卖盘
13:48:18	16.2	-0.02	11	17820	卖盘
13:48:15	16.22	0.02	100	162200	买盘
13:48:12	16.2	-0.01	9	14580	卖盘
13:48:06	16.21	0.01	25	40525	买盘
13:48:00	16.2	-0.01	5	8100	卖盘
13:47:57	16.21	0.01	1	1621	买盘
13:47:51	16.2	-0.01	69	111780	卖盘
13:47:45	16.21	0.01	1	1621	买盘
13:47:39	16.2	-0.01	10	16200	卖盘
13:47:36	16.21	--	25	40525	买盘
13:47:24	16.21	0.01	1	1621	买盘
13:47:15	16.2	-0.02	11	17820	卖盘
13:47:06	16.22	0.01	200	324400	买盘
13:46:54	16.21	--	1	1621	买盘
13:46:45	16.21	0.02	3	4863	买盘
13:46:42	16.19	-0.01	26	42094	卖盘
13:46:36	16.2	--	5	8100	买盘
13:46:27	16.2	--	15	24300	卖盘
13:46:24	16.2	-0.01	19	30780	卖盘
13:46:15	16.21	0.01	1	1621	买盘
13:46:06	16.2	--	7	11340	买盘
13:46:03	16.2	0.01	5	8100	买盘
13:46:00	16.19	-0.01	1	1619	卖盘
13:45:54	16.2	--	1	1620	买盘
13:45:45	16.2	0.01	1	1620	买盘
13:45:36	16.19	-0.01	5	8095	买盘
13:45:24	16.2	0.02	1	1620	中性盘
13:45:15	16.18	-0.01	204	330072	卖盘
13:45:06	16.19	--	25	40475	买盘
13:44:54	16.19	--	1	1619	买盘
13:44:51	16.19	--	15	24285	买盘
13:44:48	16.19	-0.01	25	40475	卖盘
13:44:45	16.2	--	1	1620	买盘
13:44:30	16.2	0.02	4	7581	买盘
13:44:27	16.18	-0.02	18	29124	卖盘
13:44:24	16.2	--	2	3240	买盘
13:44:06	16.2	--	27	43740	买盘
13:44:00	16.2	--	44	71280	卖盘
13:43:57	16.2	--	15	24300	买盘
13:43:54	16.2	--	1	1620	买盘
13:43:51	16.2	--	9	14580	买盘
13:43:45	16.2	--	35	56700	买盘
13:43:36	16.2	--	1	1620	买盘
13:43:33	16.2	--	1	1620	买盘
13:43:27	16.2	--	1	1620	买盘
13:43:24	16.2	--	1	1620	买盘
13:43:06	16.2	0.03	720	1166400	买盘
13:43:03	16.17	--	2	3234	买盘
13:43:00	16.17	--	20	32340	买盘
13:42:54	16.17	0.01	2	3234	买盘
13:42:51	16.16	-0.01	12	19392	卖盘
13:42:42	16.17	--	30	48510	买盘
13:42:36	16.17	--	26	42042	买盘
13:42:33	16.17	--	1	1617	买盘
13:42:30	16.17	--	42	67914	买盘
13:42:27	16.17	--	2	3234	买盘
13:42:21	16.17	--	21	33957	买盘
13:42:12	16.17	--	21	33957	买盘
13:42:06	16.17	--	2	3234	买盘
13:42:03	16.17	--	21	33957	买盘
13:41:54	16.17	0.02	103	166551	买盘
13:41:42	16.15	--	198	319770	买盘
13:41:36	16.15	--	32	51679	买盘
13:41:33	16.15	--	1	1614	买盘
13:41:30	16.15	--	1	1614	买盘
13:41:27	16.15	--	1	1614	买盘
13:41:24	16.15	--	22	35530	买盘
13:41:09	16.15	--	10	16149	买盘
13:41:06	16.15	--	1	1614	买盘
13:41:03	16.15	--	1	1614	买盘
13:40:57	16.15	--	10	16149	买盘
13:40:54	16.15	--	2	3229	买盘
13:40:51	16.15	0.01	216	348839	买盘
13:40:39	16.14	--	3	4842	卖盘
13:40:36	16.14	--	131	211434	买盘
13:40:33	16.14	--	10	16140	买盘
13:40:27	16.14	--	1	1614	买盘
13:40:24	16.14	--	1	1614	买盘
13:40:21	16.14	--	5	8070	买盘
13:40:06	16.14	--	26	41964	买盘
13:40:03	16.14	--	1	1614	买盘
13:39:45	16.14	-0.01	22	35508	卖盘
13:39:36	16.15	--	26	41989	买盘
13:39:15	16.15	0.01	1	1614	买盘
13:39:06	16.14	0.01	16	25824	买盘
13:38:57	16.13	--	8	12904	买盘
13:38:48	16.13	--	1	1613	买盘
13:38:42	16.13	--	1	1613	买盘
13:38:39	16.13	0.01	1	1613	买盘
13:38:36	16.12	--	2	3224	买盘
13:38:33	16.12	--	1	1612	买盘
13:38:24	16.12	--	4	6448	卖盘
13:38:21	16.12	-0.01	10	16120	卖盘
13:38:15	16.13	--	1	1613	买盘
13:38:06	16.13	--	35	56455	买盘
13:38:03	16.13	--	1	1613	买盘
13:37:54	16.13	-0.01	88	141944	卖盘
13:37:51	16.14	--	5	8070	买盘
13:37:45	16.14	--	1	1614	买盘
13:37:36	16.14	--	26	41964	买盘
13:37:27	16.14	--	68	109752	卖盘
13:37:09	16.14	0.01	33	53262	买盘
13:37:06	16.13	-0.01	37	59680	卖盘
13:37:03	16.14	--	1	1614	买盘
13:36:54	16.14	0.01	50	80700	买盘
13:36:51	16.13	-0.01	21	33873	卖盘
13:36:45	16.14	--	4	6456	卖盘
13:36:39	16.14	-0.01	21	33894	卖盘
13:36:36	16.15	--	25	40375	买盘
13:36:33	16.15	--	1	1614	买盘
13:36:15	16.15	--	6	9690	买盘
13:36:06	16.15	--	25	40375	买盘
13:35:48	16.15	--	1	1614	买盘
13:35:45	16.15	0.01	1	1614	买盘
13:35:42	16.14	-0.01	1	1614	中性盘
13:35:33	16.15	--	1	1614	买盘
13:35:12	16.15	--	1	1614	买盘
13:35:09	16.15	--	3	4845	买盘
13:35:06	16.15	--	40	64599	买盘
13:35:03	16.15	0.01	1	1614	买盘
13:34:57	16.14	-0.01	11	17754	卖盘
13:34:42	16.15	--	1	1614	买盘
13:34:36	16.15	-0.01	50	80750	卖盘
13:34:33	16.16	--	1	1616	买盘
13:34:27	16.16	--	12	19392	买盘
13:34:15	16.16	--	1	1616	买盘
13:34:03	16.16	--	1	1616	买盘
13:33:45	16.16	--	1	1616	买盘
13:33:33	16.16	0.03	1	1616	买盘
13:33:24	16.13	-0.03	1	1613	卖盘
13:33:12	16.16	--	1	1616	买盘
13:33:03	16.16	0.04	1	1616	买盘
13:32:57	16.12	-0.04	5	8060	卖盘
13:32:45	16.16	-0.01	3	4848	卖盘
13:32:42	16.17	--	1	1617	买盘
13:32:36	16.17	--	25	40425	买盘
13:32:33	16.17	--	1	1617	买盘
13:32:12	16.17	0.01	6	9702	买盘
13:32:06	16.16	-0.01	59	95344	卖盘
13:32:03	16.17	--	1	1617	买盘
13:31:42	16.17	--	1	1617	买盘
13:31:36	16.17	--	25	40425	买盘
13:31:24	16.17	--	1	1617	买盘
13:31:12	16.17	-0.01	1	1617	中性盘
13:31:00	16.18	0.02	300	485400	买盘
13:30:54	16.16	--	1	1616	买盘
13:30:42	16.16	--	1	1616	买盘
13:30:36	16.16	-0.01	25	40400	中性盘
13:30:24	16.17	0.02	1	1617	买盘
13:30:18	16.15	-0.01	20	32299	卖盘
13:30:09	16.16	--	1	1616	买盘
13:29:54	16.16	-0.01	1	1616	中性盘
13:29:42	16.17	0.01	157	253869	买盘
13:29:36	16.16	--	12	19392	卖盘
13:29:33	16.16	--	13	21008	买盘
13:29:24	16.16	-0.01	1	1616	中性盘
13:29:15	16.17	0.03	1	1617	买盘
13:29:06	16.14	-0.03	5	8070	中性盘
13:29:03	16.17	0.02	200	323400	买盘
13:28:54	16.15	--	1	1614	买盘
13:28:45	16.15	0.01	109	176034	买盘
13:28:42	16.14	0.01	2	3228	买盘
13:28:36	16.13	-0.01	7	11291	中性盘
13:28:21	16.14	0.02	1	1614	买盘
13:28:18	16.12	-0.02	5	8060	卖盘
13:28:12	16.14	-0.01	1	1614	中性盘
13:27:54	16.15	--	1	1614	买盘
13:27:42	16.15	0.04	1	1614	买盘
13:27:39	16.11	-0.04	10	16110	卖盘
13:27:30	16.15	0.01	15	24224	买盘
13:27:24	16.14	--	1	1614	买盘
13:27:15	16.14	0.01	1	1614	买盘
13:26:57	16.13	--	5	8064	卖盘
13:26:51	16.13	-0.01	1	1613	卖盘
13:26:45	16.14	0.01	1	1614	买盘
13:26:42	16.13	--	4	6452	卖盘
13:26:36	16.13	--	3	4839	卖盘
13:26:27	16.13	-0.01	15	24195	卖盘
13:26:24	16.14	0.04	33	54214	买盘
13:26:18	16.1	-0.01	37	59570	卖盘
13:26:15	16.11	--	21	33831	买盘
13:26:12	16.11	0.01	21	33831	买盘
13:26:03	16.1	--	3	4830	卖盘
13:26:00	16.1	-0.01	26	41860	卖盘
13:25:51	16.11	0.01	42	67662	买盘
13:25:45	16.1	--	41	66010	卖盘
13:25:42	16.1	-0.01	20	32200	卖盘
13:25:39	16.11	0.01	15	24165	买盘
13:25:33	16.1	--	4	6440	卖盘
13:25:30	16.1	--	31	49910	卖盘
13:25:24	16.1	--	30	48300	卖盘
13:25:18	16.1	--	14	22540	卖盘
13:25:15	16.1	-0.01	14	22540	卖盘
13:25:06	16.11	--	1	1611	买盘
13:24:54	16.11	-0.01	191	308361	卖盘
13:24:48	16.12	--	10	16120	卖盘
13:24:45	16.12	--	15	24180	卖盘
13:24:30	16.12	-0.01	20	32240	卖盘
13:24:24	16.13	-0.02	1	1613	买盘
13:24:09	16.15	0.02	37	59754	买盘
13:24:06	16.13	-0.03	31	50003	卖盘
13:23:42	16.16	--	1	1616	买盘
13:23:21	16.16	-0.01	5	8080	卖盘
13:23:06	16.17	--	12	19404	卖盘
13:22:57	16.17	--	10	16170	卖盘
13:22:54	16.17	--	3	4851	卖盘
13:22:48	16.17	--	11	17787	卖盘
13:22:42	16.17	--	26	42042	卖盘
13:22:39	16.17	--	1	1617	卖盘
13:22:30	16.17	--	32	51744	卖盘
13:22:27	16.17	--	14	22638	卖盘
13:22:21	16.17	--	17	27489	卖盘
13:22:18	16.17	--	19	30723	卖盘
13:22:12	16.17	0.05	181	292677	买盘
13:22:06	16.12	--	123	198276	卖盘
13:22:03	16.12	--	9	14508	卖盘
13:21:48	16.12	-0.01	110	177320	卖盘
13:21:42	16.13	-0.02	1	1613	卖盘
13:21:33	16.15	--	1	1614	买盘
13:21:21	16.15	-0.01	1	1614	卖盘
13:20:54	16.16	--	50	80800	卖盘
13:20:51	16.16	-0.01	3	4848	卖盘
13:20:48	16.17	0.01	1	1617	买盘
13:20:39	16.16	--	3	4848	卖盘
13:20:27	16.16	--	10	16160	卖盘
13:20:06	16.16	-0.01	10	16160	中性盘
13:19:54	16.17	--	10	16170	买盘
13:19:39	16.17	0.02	15	24255	买盘
13:19:33	16.15	-0.02	7	11304	卖盘
13:19:24	16.17	--	1	1617	买盘
13:19:18	16.17	--	20	32340	买盘
13:19:12	16.17	--	1	1617	中性盘
13:18:33	16.17	0.05	11	17787	中性盘
13:18:00	16.12	-0.07	710	1144520	卖盘
13:17:57	16.19	0.01	1	1619	买盘
13:17:54	16.18	--	7	11326	卖盘
13:17:48	16.18	--	10	16180	卖盘
13:17:27	16.18	-0.01	15	24270	卖盘
13:17:15	16.19	0.01	3	4857	买盘
13:17:12	16.18	--	30	48540	卖盘
13:17:00	16.18	--	21	33978	卖盘
13:16:54	16.18	--	4	6472	卖盘
13:16:48	16.18	-0.02	8	12944	卖盘
13:16:42	16.2	0.01	288	466560	买盘
13:16:33	16.19	--	2	3238	买盘
13:16:30	16.19	0.01	10	16190	买盘
13:16:27	16.18	--	22	35596	卖盘
13:16:09	16.18	--	46	74428	卖盘
13:16:06	16.18	-0.01	5	8090	卖盘
13:16:03	16.19	0.01	1	1619	买盘
13:15:48	16.18	0.02	9	14562	买盘
13:15:42	16.16	-0.02	10	16160	卖盘
13:15:21	16.18	0.02	1	1618	买盘
13:15:09	16.16	0.01	36	58176	买盘
13:15:03	16.15	--	42	67830	卖盘
13:15:00	16.15	--	10	16149	卖盘
13:14:57	16.15	--	12	19380	卖盘
13:14:42	16.15	--	29	46834	买盘
13:14:33	16.15	0.01	17	27454	中性盘
13:14:03	16.14	-0.02	21	33894	卖盘
13:13:42	16.16	-0.04	1	1616	中性盘
13:13:33	16.2	--	26	42120	买盘
13:13:30	16.2	--	11	17820	买盘
13:13:18	16.2	--	96	155520	买盘
13:13:12	16.2	0.05	12	19440	买盘
13:12:57	16.15	-0.05	11	17765	卖盘
13:12:51	16.2	--	6	9720	买盘
13:12:48	16.2	--	1	1620	买盘
13:12:42	16.2	0.06	1	1620	买盘
13:12:33	16.14	-0.06	1	1614	卖盘
13:12:30	16.2	--	5	8100	买盘
13:12:24	16.2	--	14	24283	卖盘
13:12:21	16.2	--	22	35656	卖盘
13:12:18	16.2	--	22	35640	卖盘
13:12:15	16.2	--	21	34020	卖盘
13:12:12	16.2	0.06	172	278640	买盘
13:12:00	16.14	-0.05	22	35508	卖盘
13:11:57	16.19	-0.01	21	33999	卖盘
13:11:48	16.2	0.01	1	1620	买盘
13:11:42	16.19	0.01	4	6476	卖盘
13:11:39	16.18	0.03	6	10678	买盘
13:11:36	16.15	--	5	8074	卖盘
13:11:33	16.15	-0.01	10	16149	中性盘
13:11:30	16.16	--	25	40400	买盘
13:11:27	16.16	-0.05	1	1616	买盘
13:11:24	16.21	0.06	203	329063	买盘
13:11:15	16.15	0.02	2	3229	中性盘
13:11:00	16.13	-0.06	381	616149	卖盘
13:10:54	16.19	--	1	1619	买盘
13:10:48	16.19	--	1	1619	买盘
13:10:42	16.19	0.03	5	8095	买盘
13:10:39	16.16	--	1	1616	买盘
13:10:36	16.16	0.01	1	1616	中性盘
13:10:15	16.15	-0.04	10	16149	卖盘
13:10:12	16.19	--	4	6476	买盘
13:10:09	16.19	0.03	2	3238	买盘
13:10:00	16.16	-0.03	2	3232	卖盘
13:09:57	16.19	--	20	32380	买盘
13:09:54	16.19	--	11	17809	买盘
13:09:45	16.19	0.01	10	16190	买盘
13:09:39	16.18	--	23	37214	买盘
13:09:27	16.18	--	1	1618	买盘
13:09:24	16.18	--	1	1618	买盘
13:09:18	16.18	--	1	1618	买盘
13:09:12	16.18	--	10	16180	卖盘
13:09:09	16.18	-0.01	5	8090	卖盘
13:09:06	16.19	0.01	1	1619	买盘
13:08:57	16.18	-0.01	1	1618	卖盘
13:08:48	16.19	0.01	1	1619	买盘
13:08:45	16.18	-0.01	7	11326	卖盘
13:08:42	16.19	--	5	8095	买盘
13:08:36	16.19	-0.01	25	40475	卖盘
13:08:27	16.2	--	6	9720	买盘
13:08:24	16.2	--	1	1620	买盘
13:08:15	16.2	-0.01	1	1620	中性盘
13:08:12	16.21	--	1	1621	买盘
13:08:09	16.21	-0.01	16	25936	卖盘
13:08:06	16.22	--	73	118405	买盘
13:08:03	16.22	--	1	1622	买盘
13:07:45	16.22	0.03	1	1622	买盘
13:07:42	16.19	-0.03	1310	2120890	卖盘
13:07:30	16.22	--	1	1622	买盘
13:07:21	16.22	0.01	42	68124	买盘
13:07:18	16.21	0.02	1	1621	买盘
13:07:15	16.19	-0.02	11	17809	卖盘
13:07:12	16.21	0.02	22	35662	买盘
13:07:03	16.19	-0.01	10	16190	卖盘
13:07:00	16.2	-0.02	1	1620	中性盘
13:06:54	16.22	0.02	21	34062	买盘
13:06:48	16.2	--	1	1620	买盘
13:06:39	16.2	--	19	30780	买盘
13:06:36	16.2	--	2	3240	买盘
13:06:33	16.2	-0.02	278	450360	卖盘
13:06:30	16.22	--	2	3244	买盘
13:06:27	16.22	0.01	1	1622	买盘
13:06:18	16.21	--	7	11347	买盘
13:06:15	16.21	0.01	1	1621	买盘
13:06:09	16.2	--	198	320760	买盘
13:06:06	16.2	0.01	6	9720	买盘
13:06:03	16.19	-0.01	5	8095	卖盘
13:05:57	16.2	0.01	1	1620	买盘
13:05:45	16.19	--	3	4857	买盘
13:05:42	16.19	--	1	1619	买盘
13:05:36	16.19	-0.01	1	1619	中性盘
13:05:27	16.2	--	59	95580	买盘
13:05:24	16.2	--	1	1620	买盘
13:05:09	16.2	0.03	500	810000	买盘
13:05:06	16.17	--	5	8085	买盘
13:05:03	16.17	-0.01	1	1617	买盘
13:04:57	16.18	--	18	29124	卖盘
13:04:54	16.18	-0.01	2	3236	中性盘
13:04:51	16.19	0.02	1	1619	买盘
13:04:45	16.17	-0.02	10	16170	卖盘
13:04:42	16.19	0.01	26	42094	买盘
13:04:39	16.18	--	11	17798	卖盘
13:04:36	16.18	--	5	8090	卖盘
13:04:33	16.18	--	86	139148	买盘
13:04:30	16.18	0.01	1	1618	买盘
13:04:27	16.17	--	5	8085	卖盘
13:04:18	16.17	-0.01	3	4851	卖盘
13:04:15	16.18	0.01	200	323600	买盘
13:04:12	16.17	-0.01	10	16170	中性盘
13:04:06	16.18	0.02	1	1618	买盘
13:04:00	16.16	-0.02	3	4848	卖盘
13:03:57	16.18	0.01	61	98698	买盘
13:03:48	16.17	--	1	1617	买盘
13:03:45	16.17	--	3	4851	卖盘
13:03:42	16.17	--	24	38808	买盘
13:03:33	16.17	--	1	1617	买盘
13:03:27	16.17	-0.01	1	1617	买盘
13:03:15	16.18	--	1	1618	买盘
13:03:12	16.18	0.02	26	42068	买盘
13:03:06	16.16	-0.02	10	16160	卖盘
13:03:03	16.18	0.01	1	1618	买盘
13:03:00	16.17	-0.01	5	8085	卖盘
13:02:54	16.18	0.01	1	1618	买盘
13:02:42	16.17	0.05	100	161700	买盘
13:02:36	16.12	-0.03	24	38688	卖盘
13:02:30	16.15	0.03	1	1614	买盘
13:02:27	16.12	--	22	35464	卖盘
13:02:24	16.12	-0.04	63	101556	卖盘
13:02:21	16.16	0.02	21	33936	买盘
13:02:18	16.14	-0.02	84	135576	卖盘
13:02:15	16.16	0.01	1	1616	买盘
13:02:12	16.15	-0.01	36	58139	卖盘
13:02:09	16.16	--	1	1616	买盘
13:02:06	16.16	--	100	161600	买盘
13:01:57	16.16	0.01	1	1616	买盘
13:01:54	16.15	-0.01	8	12919	卖盘
13:01:51	16.16	--	1	1616	买盘
13:01:45	16.16	--	63	101808	买盘
13:01:42	16.16	--	26	42016	买盘
13:01:39	16.16	--	1	1616	买盘
13:01:24	16.16	0.01	1	1616	买盘
13:01:21	16.15	--	190	306850	买盘
13:01:18	16.15	--	15	24224	买盘
13:01:12	16.15	--	27	43604	买盘
13:01:06	16.15	0.01	2	3229	买盘
13:01:03	16.14	0.01	198	319572	买盘
13:01:00	16.13	-0.01	5	8064	卖盘
13:00:57	16.14	--	1	1614	买盘
13:00:54	16.14	--	1	1614	买盘
13:00:51	16.14	0.01	1	1614	买盘
13:00:48	16.13	--	16	25808	买盘
13:00:45	16.13	--	10	16129	买盘
13:00:42	16.13	--	26	41938	买盘
13:00:36	16.13	--	1	1613	买盘
13:00:21	16.13	--	1	1613	买盘
13:00:15	16.13	0.01	13	20969	买盘
13:00:12	16.12	-0.01	5	8060	卖盘
13:00:09	16.13	0.01	83	133879	买盘
13:00:06	16.12	0.01	406	654472	买盘
13:00:03	16.11	-0.01	5	8055	卖盘
11:30:03	16.12	0.01	4	6448	买盘
11:29:48	16.11	-0.01	10	16110	卖盘
11:29:42	16.12	0.01	27	43524	买盘
11:29:33	16.11	0.01	3	4833	买盘
11:29:30	16.1	-0.02	11	17710	中性盘
11:29:06	16.12	0.01	228	367536	买盘
11:29:00	16.11	--	21	33831	买盘
11:28:42	16.11	0.01	26	41886	买盘
11:28:33	16.1	--	10	16100	卖盘
11:28:30	16.1	-0.02	40	64400	卖盘
11:28:18	16.12	0.01	42	67704	买盘
11:28:12	16.11	--	26	41886	买盘
11:28:09	16.11	0.01	10	16110	买盘
11:27:54	16.1	-0.01	10	16100	卖盘
11:27:51	16.11	0.01	1	1611	买盘
11:27:42	16.1	--	43	69230	卖盘
11:27:36	16.1	--	5	8050	卖盘
11:27:18	16.1	0.02	65	105165	买盘
11:27:12	16.08	-0.02	10	16079	中性盘
11:27:06	16.1	0.03	499	803390	买盘
11:26:51	16.07	-0.01	4	6428	卖盘
11:26:48	16.08	--	19	30551	卖盘
11:26:42	16.08	0.01	5	8039	中性盘
11:26:30	16.07	-0.02	10	16070	中性盘
11:26:09	16.09	--	21	33789	买盘
11:26:03	16.09	--	21	33789	买盘
11:26:00	16.09	--	21	33789	买盘
11:25:57	16.09	--	42	67578	买盘
11:25:54	16.09	--	21	33789	买盘
11:25:48	16.09	--	34	54706	买盘
11:25:45	16.09	0.01	21	33789	买盘
11:25:33	16.08	--	21	33768	买盘
11:25:00	16.08	-0.01	4	7171	卖盘
11:24:57	16.09	0.01	2	3218	买盘
11:24:51	16.08	--	12	19295	卖盘
11:24:45	16.08	-0.01	10	16079	卖盘
11:24:42	16.09	0.01	27	43443	买盘
11:24:39	16.08	--	180	289439	卖盘
11:24:30	16.08	-0.01	20	32159	卖盘
11:24:18	16.09	0.01	10	16090	买盘
11:24:15	16.08	-0.01	1	1607	卖盘
11:24:12	16.09	--	26	41834	买盘
11:24:09	16.09	0.01	10	16090	买盘
11:24:03	16.08	-0.01	150	241199	卖盘
11:23:57	16.09	--	2	3218	卖盘
11:23:45	16.09	0.01	30	48270	中性盘
11:23:30	16.08	-0.01	10	16079	卖盘
11:23:24	16.09	--	24	40160	买盘
11:23:21	16.09	--	15	24135	买盘
11:23:12	16.09	0.01	27	43443	买盘
11:23:09	16.08	--	10	16079	卖盘
11:22:54	16.08	-0.01	10	16079	卖盘
11:22:42	16.09	0.01	26	41834	买盘
11:22:33	16.08	--	20	32159	卖盘
11:22:27	16.08	-0.01	5	8039	卖盘
11:22:12	16.09	0.01	26	41834	买盘
11:22:06	16.08	--	10	16079	卖盘
11:21:57	16.08	-0.01	3	4823	卖盘
11:21:54	16.09	0.01	30	48270	买盘
11:21:48	16.08	-0.01	17	27335	卖盘
11:21:42	16.09	--	26	41834	买盘
11:21:21	16.09	--	2	3218	买盘
11:21:12	16.09	0.01	36	57924	买盘
11:20:48	16.08	--	3	4823	卖盘
11:20:36	16.08	0.01	32	52388	买盘
11:20:30	16.07	-0.01	24	38568	卖盘
11:20:21	16.08	--	6	9647	买盘
11:20:18	16.08	--	30	48239	买盘
11:20:12	16.08	0.01	71	114167	买盘
11:20:00	16.07	--	153	246449	买盘
11:19:57	16.07	--	21	33747	买盘
11:19:51	16.07	0.01	21	33747	买盘
11:19:45	16.06	-0.01	5	8029	卖盘
11:19:42	16.07	--	21	33747	买盘
11:19:36	16.07	--	21	33747	买盘
11:19:33	16.07	0.01	21	33747	买盘
11:19:30	16.06	--	20	32119	买盘
11:19:18	16.06	0.01	42	67452	买盘
11:19:00	16.05	0.02	27	43335	买盘
11:18:45	16.03	--	1	1603	卖盘
11:18:39	16.03	--	38	60914	买盘
11:18:24	16.03	--	12	19236	卖盘
11:18:18	16.03	--	36	57708	卖盘
11:17:42	16.03	--	7	11221	买盘
11:17:21	16.03	--	5	8015	买盘
11:17:09	16.03	0.01	27	43281	买盘
11:17:00	16.02	--	10	16020	卖盘
11:16:54	16.02	-0.01	15	24030	中性盘
11:16:21	16.03	--	1	1603	买盘
11:16:12	16.03	0.01	27	43281	买盘
11:16:03	16.02	-0.01	12	19224	卖盘
11:15:39	16.03	-0.02	46	73738	中性盘
11:15:36	16.05	--	15	24075	买盘
11:15:33	16.05	0.02	2	3210	买盘
11:15:27	16.03	-0.02	26	41678	中性盘
11:14:57	16.05	--	12	19260	买盘
11:14:48	16.05	0.03	6	9630	买盘
11:14:45	16.02	0.01	2	3204	中性盘
11:14:27	16.01	-0.06	10	16010	中性盘
11:14:03	16.07	--	21	33747	买盘
11:14:00	16.07	--	21	33747	买盘
11:13:54	16.07	--	21	33747	买盘
11:13:24	16.07	--	21	33747	买盘
11:13:21	16.07	0.07	75	120525	买盘
11:13:00	16.0	-0.07	50	80000	卖盘
11:12:33	16.07	--	121	194447	买盘
11:12:30	16.07	--	84	134988	买盘
11:12:27	16.07	--	63	101241	买盘
11:12:18	16.07	0.05	171	274797	买盘
11:12:03	16.02	0.02	21	33642	买盘
11:11:51	16.0	-0.02	60	96000	卖盘
11:11:39	16.02	0.02	61	97722	买盘
11:11:33	16.0	--	4	6400	卖盘
11:11:18	16.0	-0.04	55	88000	卖盘
11:10:57	16.04	-0.03	5	8020	卖盘
11:10:51	16.07	--	206	331042	卖盘
11:10:48	16.07	--	6	9642	卖盘
11:10:45	16.07	--	35	56245	卖盘
11:10:39	16.07	--	40	64280	卖盘
11:10:36	16.07	--	25	40175	卖盘
11:10:33	16.07	--	16	25712	卖盘
11:10:30	16.07	--	4	6428	卖盘
11:10:27	16.07	--	63	101241	卖盘
11:10:24	16.07	0.03	72	115704	买盘
11:10:12	16.04	-0.03	87	139548	卖盘
11:10:09	16.07	--	33	53031	卖盘
11:10:06	16.07	--	2	3214	卖盘
11:09:57	16.07	--	325	522275	卖盘
11:09:54	16.07	--	41	65887	卖盘
11:09:51	16.07	--	6	9642	卖盘
11:09:48	16.07	--	30	48210	卖盘
11:09:45	16.07	--	36	57852	卖盘
11:09:42	16.07	--	13	20891	卖盘
11:09:36	16.07	--	50	80350	卖盘
11:09:33	16.07	--	18	28926	卖盘
11:09:27	16.07	-0.01	1	1607	卖盘
11:09:03	16.08	-0.01	99	159191	卖盘
11:09:00	16.09	0.01	28	45052	买盘
11:08:57	16.08	--	30	48239	卖盘
11:08:48	16.08	--	500	803999	卖盘
11:08:45	16.08	--	4	6431	卖盘
11:08:36	16.08	--	20	32159	卖盘
11:08:30	16.08	--	10	16079	卖盘
11:08:27	16.08	--	5	8039	卖盘
11:08:24	16.08	--	10	16079	卖盘
11:08:15	16.08	-0.01	10	16079	卖盘
11:08:12	16.09	0.01	10	16090	买盘
11:07:54	16.08	--	8	12863	卖盘
11:07:48	16.08	--	15	24119	卖盘
11:07:45	16.08	--	2	3215	卖盘
11:07:42	16.08	--	20	32159	卖盘
11:07:27	16.08	-0.01	15	24119	卖盘
11:07:18	16.09	--	31	49879	买盘
11:07:09	16.09	-0.01	14	22526	卖盘
11:07:06	16.1	0.01	21	33810	买盘
11:07:03	16.09	--	46	74014	卖盘
11:07:00	16.09	--	20	32180	卖盘
11:06:57	16.09	--	70	112630	卖盘
11:06:51	16.09	--	27	43443	卖盘
11:06:48	16.09	--	4	6436	卖盘
11:06:45	16.09	--	26	41834	卖盘
11:06:42	16.09	--	27	43443	卖盘
11:06:39	16.09	--	100	160900	卖盘
11:06:33	16.09	-0.01	6	9654	卖盘
11:06:27	16.1	0.01	56	90160	买盘
11:06:12	16.09	--	3	4827	卖盘
11:06:06	16.09	-0.02	32	51488	卖盘
11:05:57	16.11	0.02	17	27387	买盘
11:05:48	16.09	-0.01	30	48270	卖盘
11:05:45	16.1	0.01	47	75670	买盘
11:05:27	16.09	-0.01	6	9654	卖盘
11:05:21	16.1	0.01	24	38640	买盘
11:05:18	16.09	-0.01	3	4827	卖盘
11:05:15	16.1	0.01	10	16100	买盘
11:05:09	16.09	--	10	16090	卖盘
11:05:03	16.09	-0.01	21	33789	卖盘
11:04:54	16.1	-0.01	6	9660	卖盘
11:04:51	16.11	0.01	24	38664	买盘
11:04:48	16.1	--	5	8050	卖盘
11:04:45	16.1	0.01	42	67620	中性盘
11:04:39	16.09	--	15	24135	卖盘
11:04:36	16.09	-0.01	166	267094	卖盘
11:04:33	16.1	--	27	43470	卖盘
11:04:30	16.1	--	23	37030	买盘
11:04:21	16.1	0.01	24	38640	买盘
11:04:12	16.09	--	3	4827	卖盘
11:04:06	16.09	--	1	1609	卖盘
11:04:00	16.09	-0.01	10	16090	卖盘
11:03:51	16.1	--	24	38640	买盘
11:03:39	16.1	--	87	140070	卖盘
11:03:33	16.1	--	7	11270	卖盘
11:03:27	16.1	-0.01	10	16100	卖盘
11:03:21	16.11	--	44	70884	买盘
11:03:15	16.11	--	30	48330	买盘
11:03:09	16.11	-0.01	20	32220	卖盘
11:03:06	16.12	0.01	2	3224	买盘
11:02:54	16.11	-0.01	13	20943	卖盘
11:02:51	16.12	--	24	38688	买盘
11:02:42	16.12	0.01	5	8060	买盘
11:02:33	16.11	--	3	4833	卖盘
11:02:21	16.11	0.01	10	16110	买盘
11:02:18	16.1	--	9	14490	卖盘
11:02:15	16.1	--	10	16100	卖盘
11:02:03	16.1	--	6	9660	卖盘
11:01:51	16.1	--	22	35420	买盘
11:01:27	16.1	-0.04	108	173880	卖盘
11:01:24	16.14	--	21	33894	买盘
11:01:09	16.14	--	5	8070	买盘
11:01:03	16.14	0.03	21	33894	买盘
11:01:00	16.11	-0.03	10	16110	卖盘
11:00:51	16.14	0.02	151	243714	买盘
11:00:45	16.12	--	42	67704	买盘
11:00:39	16.12	-0.02	82	132216	卖盘
11:00:33	16.14	--	1	1614	买盘
11:00:30	16.14	0.02	33	53262	买盘
11:00:18	16.12	0.01	87	141823	买盘
11:00:15	16.11	-0.01	2	3222	中性盘
11:00:06	16.12	--	47	75764	买盘
11:00:00	16.12	0.03	21	33852	买盘
10:59:54	16.09	0.01	5	8045	卖盘
10:59:51	16.08	-0.03	10	16079	卖盘
10:59:42	16.11	0.02	400	644400	买盘
10:59:36	16.09	--	39	62751	买盘
10:59:21	16.09	--	24	38616	买盘
10:59:15	16.09	0.01	6	9654	买盘
10:59:12	16.08	--	10	16079	卖盘
10:59:06	16.08	--	10	16079	卖盘
10:59:00	16.08	0.01	94	151151	买盘
10:58:57	16.07	-0.01	2	3214	卖盘
10:58:51	16.08	--	24	38591	买盘
10:58:42	16.08	--	24	38591	买盘
10:58:39	16.08	--	19	30551	卖盘
10:58:33	16.08	-0.01	20	32159	卖盘
10:58:21	16.09	0.01	24	38616	买盘
10:58:09	16.08	--	5	8039	卖盘
10:58:06	16.08	-0.02	22	35375	卖盘
10:58:03	16.1	--	21	33810	买盘
10:58:00	16.1	--	21	33810	买盘
10:57:57	16.1	--	21	33810	买盘
10:57:54	16.1	0.02	74	119140	买盘
10:57:39	16.08	-0.02	35	56279	卖盘
10:57:36	16.1	0.01	34	54740	买盘
10:57:33	16.09	--	4	6436	卖盘
10:57:27	16.09	--	25	40225	买盘
10:57:21	16.09	--	24	38616	买盘
10:57:18	16.09	--	32	51488	卖盘
10:57:12	16.09	--	6	9654	卖盘
10:57:09	16.09	--	5	8045	卖盘
10:57:03	16.09	0.01	169	271921	买盘
10:57:00	16.08	--	10	16079	卖盘
10:56:57	16.08	--	4	6431	卖盘
10:56:54	16.08	-0.01	20	32159	卖盘
10:56:51	16.09	0.01	24	38616	买盘
10:56:48	16.08	-0.01	5	8039	卖盘
10:56:42	16.09	--	50	80450	买盘
10:56:39	16.09	--	39	62751	卖盘
10:56:30	16.09	--	25	40225	卖盘
10:56:21	16.09	-0.01	5	8045	中性盘
10:56:18	16.1	--	26	41860	买盘
10:56:12	16.1	--	141	227010	买盘
10:56:09	16.1	--	2	3220	买盘
10:56:00	16.1	--	57	93025	卖盘
10:55:57	16.1	--	30	48300	卖盘
10:55:54	16.1	-0.01	15	24150	卖盘
10:55:51	16.11	0.01	24	38664	买盘
10:55:48	16.1	--	5	8050	卖盘
10:55:45	16.1	--	1	1610	卖盘
10:55:42	16.1	--	3	4830	卖盘
10:55:39	16.1	--	5	8050	卖盘
10:55:36	16.1	-0.01	6	9660	卖盘
10:55:33	16.11	0.01	2	3222	买盘
10:55:30	16.1	--	12	19674	买盘
10:55:27	16.1	0.02	50	80500	买盘
10:55:24	16.08	--	5	8039	卖盘
10:55:21	16.08	--	10	16079	卖盘
10:55:18	16.08	-0.02	60	96479	中性盘
10:55:15	16.1	--	50	80500	买盘
10:55:12	16.1	0.02	820	1320200	买盘
10:55:09	16.08	0.01	2	3215	买盘
10:55:06	16.07	-0.01	10	16070	卖盘
10:55:03	16.08	0.01	80	128639	买盘
10:55:00	16.07	--	10	16070	卖盘
10:54:57	16.07	--	8	12856	卖盘
10:54:51	16.07	-0.01	10	16070	卖盘
10:54:45	16.08	0.01	15	24119	买盘
10:54:42	16.07	--	10	16070	卖盘
10:54:39	16.07	--	10	16070	卖盘
10:54:33	16.07	--	39	62673	卖盘
10:54:30	16.07	0.02	211	340234	买盘
10:54:18	16.05	--	2	3210	卖盘
10:54:15	16.05	0.01	32	51360	买盘
10:54:09	16.04	-0.01	50	80200	卖盘
10:54:03	16.05	-0.01	71	113955	卖盘
10:54:00	16.06	--	36	57815	买盘
10:53:54	16.06	0.01	3	4818	买盘
10:53:51	16.05	-0.01	10	16050	中性盘
10:53:45	16.06	--	50	80300	买盘
10:53:33	16.06	--	50	80300	买盘
10:53:30	16.06	0.02	33	52997	买盘
10:53:27	16.04	--	1	1604	卖盘
10:53:24	16.04	--	5	8020	卖盘
10:53:21	16.04	--	1	1604	卖盘
10:53:15	16.04	-0.02	21	33684	卖盘
10:53:12	16.06	-0.01	2	3211	买盘
10:53:00	16.07	--	12	19284	卖盘
10:52:54	16.07	0.03	189	303723	买盘
10:52:48	16.04	-0.02	34	54536	卖盘
10:52:45	16.06	--	11	17666	卖盘
10:52:39	16.06	0.02	10	16059	买盘
10:52:36	16.04	-0.02	10	16040	卖盘
10:52:30	16.06	--	6	9636	买盘
10:52:27	16.06	0.01	8	12847	买盘
10:52:24	16.05	--	17	27285	卖盘
10:52:21	16.05	--	10	16050	卖盘
10:52:18	16.05	--	11	17655	卖盘
10:52:15	16.05	--	10	16050	卖盘
10:52:12	16.05	-0.02	2	3210	中性盘
10:52:06	16.07	0.07	175	281225	买盘
10:51:54	16.0	-0.05	10	16000	卖盘
10:51:51	16.05	--	5	8025	买盘
10:51:48	16.05	-0.02	30	48150	买盘
10:51:39	16.07	0.04	100	160700	买盘
10:51:36	16.03	--	42	67326	卖盘
10:51:30	16.03	--	5	8015	卖盘
10:51:27	16.03	--	8	12824	卖盘
10:51:24	16.03	-0.04	5	8015	卖盘
10:51:18	16.07	--	21	33747	买盘
10:51:09	16.07	-0.01	21	33747	买盘
10:50:57	16.08	--	21	33768	买盘
10:50:45	16.08	0.06	190	305519	买盘
10:50:42	16.02	0.02	92	147384	买盘
10:50:39	16.0	--	6	9600	买盘
10:50:33	16.0	0.02	830	1328000	买盘
10:50:21	15.98	0.03	500	799000	买盘
10:50:06	15.95	0.02	29	46255	买盘
10:50:03	15.93	-0.01	50	79650	卖盘
10:50:00	15.94	0.01	31	49573	买盘
10:49:54	15.93	--	19	30267	卖盘
10:49:42	15.93	-0.01	1	1593	卖盘
10:49:36	15.94	0.01	32	51008	买盘
10:49:24	15.93	0.01	42	66906	买盘
10:49:18	15.92	-0.01	1	1592	卖盘
10:49:12	15.93	-0.01	40	63720	卖盘
10:49:09	15.94	0.01	50	79700	买盘
10:49:06	15.93	--	30	47790	卖盘
10:49:00	15.93	-0.01	5	7965	卖盘
10:48:57	15.94	0.01	21	33474	买盘
10:48:54	15.93	--	4	6372	卖盘
10:48:42	15.93	--	11	17523	买盘
10:48:36	15.93	--	28	44604	买盘
10:48:21	15.93	--	50	79650	买盘
10:48:06	15.93	0.01	29	46197	买盘
10:47:57	15.92	--	27	42984	买盘
10:47:51	15.92	--	1	1592	买盘
10:47:42	15.92	--	3	4776	买盘
10:47:36	15.92	--	29	46168	买盘
10:47:21	15.92	--	6	9552	卖盘
10:47:06	15.92	-0.01	38	60496	卖盘
10:47:03	15.93	--	20	31860	卖盘
10:47:00	15.93	0.01	80	127440	买盘
10:46:57	15.92	-0.01	50	79600	卖盘
10:46:51	15.93	0.01	1	1593	买盘
10:46:45	15.92	--	3	4776	卖盘
10:46:39	15.92	--	1	1592	卖盘
10:46:36	15.92	-0.01	32	50944	卖盘
10:46:33	15.93	0.01	50	79650	买盘
10:46:30	15.92	-0.01	20	31840	卖盘
10:46:27	15.93	0.01	11	17523	买盘
10:46:21	15.92	-0.01	2	3184	卖盘
10:46:18	15.93	0.01	12	19116	买盘
10:46:15	15.92	--	5	7960	卖盘
10:46:12	15.92	--	10	15920	卖盘
10:46:09	15.92	-0.01	7	11144	卖盘
10:46:06	15.93	--	28	44604	买盘
10:45:54	15.93	--	1	1593	买盘
10:45:39	15.93	0.02	30	47790	买盘
10:45:36	15.91	--	34	54094	卖盘
10:45:33	15.91	--	22	35002	卖盘
10:45:24	15.91	-0.02	10	15910	卖盘
10:45:21	15.93	0.01	110	175230	买盘
10:45:09	15.92	0.01	20	31840	中性盘
10:44:57	15.91	-0.02	2	3182	卖盘
10:44:54	15.93	0.02	22	35046	买盘
10:44:42	15.91	--	21	33411	卖盘
10:44:36	15.91	--	11	17501	卖盘
10:44:33	15.91	-0.02	21	33411	卖盘
10:44:30	15.93	--	10	15930	卖盘
10:44:27	15.93	--	7	11151	卖盘
10:44:24	15.93	--	21	33453	卖盘
10:44:21	15.93	--	10	15930	卖盘
10:44:18	15.93	--	11	17523	卖盘
10:44:12	15.93	--	3	4779	卖盘
10:44:09	15.93	--	21	33453	卖盘
10:44:06	15.93	--	2	3186	卖盘
10:43:54	15.93	0.01	15	23895	买盘
10:43:45	15.92	--	7	11144	买盘
10:43:42	15.92	--	12	19104	买盘
10:43:39	15.92	--	17	27064	买盘
10:43:27	15.92	0.01	11	17512	买盘
10:43:24	15.91	--	1	1591	卖盘
10:43:18	15.91	--	17	27047	买盘
10:43:00	15.91	0.01	10	15910	买盘
10:42:54	15.9	--	87	139443	买盘
10:42:51	15.9	0.01	21	33390	买盘
10:42:45	15.89	0.04	1	1589	中性盘
10:42:27	15.85	-0.05	63	99855	中性盘
10:42:09	15.9	-0.02	9	14787	卖盘
10:41:57	15.92	0.01	28	44576	买盘
10:41:54	15.91	-0.01	15	23865	卖盘
10:41:48	15.92	0.01	10	15920	买盘
10:41:39	15.91	-0.01	5	7955	卖盘
10:41:36	15.92	0.01	30	47760	买盘
10:41:30	15.91	-0.01	3	4773	卖盘
10:41:27	15.92	0.01	28	44576	买盘
10:41:21	15.91	--	5	7955	卖盘
10:41:03	15.91	--	5	7955	卖盘
10:41:00	15.91	-0.01	44	70004	卖盘
10:40:57	15.92	--	28	44576	买盘
10:40:54	15.92	0.01	3	4776	买盘
10:40:36	15.91	-0.01	21	33411	卖盘
10:40:27	15.92	--	15	23880	买盘
10:40:21	15.92	-0.02	28	44576	卖盘
10:40:03	15.94	-0.01	5	7970	买盘
10:39:48	15.95	0.04	1	1595	买盘
10:39:45	15.91	-0.05	50	79550	中性盘
10:39:18	15.96	0.05	55	87780	买盘
10:39:15	15.91	-0.05	32	50912	中性盘
10:39:00	15.96	0.03	159	253764	买盘
10:38:57	15.93	0.02	202	321786	买盘
10:38:48	15.91	0.01	1	1591	买盘
10:38:45	15.9	--	12	19080	卖盘
10:38:30	15.9	--	83	133083	买盘
10:38:24	15.9	--	100	159000	买盘
10:38:09	15.9	--	7	11130	买盘
10:38:03	15.9	--	42	66780	买盘
10:37:48	15.9	--	8	12720	买盘
10:37:21	15.9	--	136	216240	买盘
10:37:15	15.9	0.01	100	159000	买盘
10:37:12	15.89	--	21	33369	买盘
10:37:09	15.89	--	21	33369	买盘
10:37:06	15.89	0.01	21	33369	买盘
10:37:03	15.88	--	42	66696	买盘
10:37:00	15.88	--	21	33348	买盘
10:36:57	15.88	0.01	63	100044	买盘
10:36:51	15.87	--	21	33327	买盘
10:36:48	15.87	--	1	1587	买盘
10:36:36	15.87	0.02	21	33327	买盘
10:35:57	15.85	--	12	19020	买盘
10:35:54	15.85	-0.01	88	139480	卖盘
10:35:51	15.86	0.01	10	15860	买盘
10:35:39	15.85	--	47	74495	买盘
10:35:12	15.85	0.05	40	63400	买盘
10:35:06	15.8	-0.01	21	33180	卖盘
10:35:03	15.81	--	3	4743	卖盘
10:34:57	15.81	--	21	33201	卖盘
10:34:54	15.81	--	57	91650	卖盘
10:34:51	15.81	--	21	33201	卖盘
10:34:42	15.81	-0.01	23	36363	卖盘
10:34:39	15.82	-0.02	3	4793	卖盘
10:34:36	15.84	0.02	7	11088	买盘
10:34:33	15.82	-0.01	21	33222	卖盘
10:34:30	15.83	--	6	9498	卖盘
10:34:27	15.83	-0.01	3	4749	卖盘
10:34:18	15.84	0.01	122	194784	买盘
10:34:15	15.83	--	10	15877	卖盘
10:34:09	15.83	-0.01	2	3166	卖盘
10:34:00	15.84	0.01	10	15840	买盘
10:33:57	15.83	-0.01	20	31660	卖盘
10:33:48	15.84	--	1	1584	买盘
10:33:45	15.84	--	20	31680	买盘
10:33:27	15.84	0.01	100	158400	买盘
10:33:06	15.83	-0.01	1	1583	卖盘
10:32:39	15.84	-0.03	112	177408	卖盘
10:32:36	15.87	0.02	1	1587	买盘
10:32:21	15.85	--	5	7925	卖盘
10:32:15	15.85	--	1	1585	买盘
10:32:09	15.85	--	6	9510	卖盘
10:32:00	15.85	-0.02	10	15850	卖盘
10:31:42	15.87	--	1	1587	买盘
10:31:27	15.87	--	17	26979	卖盘
10:31:06	15.87	-0.02	22	34914	卖盘
10:30:36	15.89	0.01	1	1589	买盘
10:30:27	15.88	-0.01	2	3176	卖盘
10:30:21	15.89	--	1	1589	买盘
10:30:15	15.89	--	22	35434	卖盘
10:30:12	15.89	--	47	74683	卖盘
10:30:06	15.89	-0.01	48	76272	卖盘
10:30:03	15.9	0.01	26	41340	买盘
10:29:48	15.89	-0.01	1	1589	卖盘
10:29:45	15.9	0.01	1	1590	买盘
10:29:42	15.89	--	1	1589	卖盘
10:29:36	15.89	--	20	31780	卖盘
10:29:21	15.89	--	12	19068	卖盘
10:29:18	15.89	--	3	4767	卖盘
10:29:12	15.89	--	41	65149	卖盘
10:29:06	15.89	--	21	33369	卖盘
10:29:03	15.89	--	4	6356	卖盘
10:28:48	15.89	-0.01	26	41314	卖盘
10:28:45	15.9	0.01	2	3180	买盘
10:28:39	15.89	--	12	19068	卖盘
10:28:36	15.89	--	3	4767	卖盘
10:28:33	15.89	--	11	17479	卖盘
10:28:30	15.89	--	11	17479	卖盘
10:28:27	15.89	--	58	93274	卖盘
10:28:21	15.89	--	43	68327	卖盘
10:28:18	15.89	--	61	96929	卖盘
10:28:15	15.89	--	25	39725	卖盘
10:28:12	15.89	--	8	12712	卖盘
10:28:06	15.89	--	2	3178	卖盘
10:28:03	15.89	--	143	227227	卖盘
10:28:00	15.89	--	30	47670	卖盘
10:27:57	15.89	--	29	46081	卖盘
10:27:51	15.89	-0.01	10	15890	卖盘
10:27:42	15.9	--	3	4770	买盘
10:27:36	15.9	0.01	7	11130	买盘
10:27:30	15.89	-0.01	22	34958	卖盘
10:27:27	15.9	0.01	5	7950	买盘
10:27:24	15.89	--	5	7945	卖盘
10:27:21	15.89	--	23	36547	卖盘
10:27:15	15.89	-0.01	8	12712	卖盘
10:27:03	15.9	--	10	15900	买盘
10:27:00	15.9	0.01	2	3180	买盘
10:26:57	15.89	-0.01	3	4767	卖盘
10:26:54	15.9	0.01	54	85860	买盘
10:26:51	15.89	--	10	15890	卖盘
10:26:48	15.89	-0.01	104	165256	卖盘
10:26:36	15.9	0.01	11	17490	买盘
10:26:33	15.89	-0.02	20	31780	卖盘
10:26:30	15.91	--	3	4773	买盘
10:26:27	15.91	--	2	3182	买盘
10:26:24	15.91	0.01	25	39775	买盘
10:26:21	15.9	--	1	1590	卖盘
10:26:18	15.9	0.01	9	14310	卖盘
10:26:15	15.89	-0.01	21	33369	卖盘
10:26:12	15.9	-0.01	41	65190	中性盘
10:26:03	15.91	0.02	1	1591	买盘
10:26:00	15.89	--	26	41314	卖盘
10:25:57	15.89	--	21	33369	卖盘
10:25:54	15.89	--	46	73094	卖盘
10:25:51	15.89	--	3	4767	卖盘
10:25:48	15.89	-0.02	77	122353	卖盘
10:25:39	15.91	-0.01	21	33411	卖盘
10:25:36	15.92	0.01	1	1592	买盘
10:25:30	15.91	--	21	33411	卖盘
10:25:27	15.91	-0.01	2	3182	卖盘
10:25:24	15.92	0.01	24	38208	买盘
10:25:18	15.91	0.01	3	4773	中性盘
10:25:00	15.9	--	4	6360	买盘
10:24:57	15.9	-0.01	27	42930	卖盘
10:24:54	15.91	0.01	8	12728	买盘
10:24:51	15.9	-0.01	38	60420	卖盘
10:24:48	15.91	0.01	82	130462	买盘
10:24:39	15.9	--	23	36570	买盘
10:24:27	15.9	--	98	155820	买盘
10:24:24	15.9	0.01	25	39750	买盘
10:24:18	15.89	-0.01	13	20657	卖盘
10:24:12	15.9	0.01	13	20670	买盘
10:24:09	15.89	0.01	100	158900	中性盘
10:24:03	15.88	--	10	15880	卖盘
10:24:00	15.88	-0.01	67	106396	卖盘
10:23:57	15.89	--	22	34958	卖盘
10:23:54	15.89	-0.01	10	15890	中性盘
10:23:51	15.9	--	20	31800	买盘
10:23:48	15.9	0.01	21	33390	买盘
10:23:39	15.89	0.01	1	1589	中性盘
10:23:36	15.88	-0.02	2	3176	卖盘
10:23:33	15.9	--	34	54060	买盘
10:23:18	15.9	--	21	33390	买盘
10:23:15	15.9	--	3	4770	买盘
10:23:12	15.9	--	191	303690	买盘
10:23:06	15.9	0.03	21	33390	买盘
10:23:03	15.87	-0.02	9	14283	卖盘
10:23:00	15.89	0.01	21	33369	买盘
10:22:57	15.88	0.02	21	33348	买盘
10:22:54	15.86	-0.04	21	33306	中性盘
10:22:51	15.9	0.06	21	33390	买盘
10:22:48	15.84	-0.05	49	77616	卖盘
10:22:45	15.89	0.04	172	273308	买盘
10:22:39	15.85	0.02	8	12680	买盘
10:22:36	15.83	-0.01	3	4749	卖盘
10:22:33	15.84	-0.01	99	156816	卖盘
10:22:30	15.85	--	21	33285	买盘
10:22:24	15.85	--	24	38040	买盘
10:22:21	15.85	--	30	47550	买盘
10:22:18	15.85	-0.03	40	63400	卖盘
10:22:06	15.88	--	42	66696	买盘
10:22:03	15.88	--	20	31760	买盘
10:22:00	15.88	0.01	21	33348	买盘
10:21:51	15.87	0.02	109	172983	买盘
10:21:48	15.85	0.01	80	126800	买盘
10:21:45	15.84	0.01	9	14256	买盘
10:21:42	15.83	-0.01	6	9498	卖盘
10:21:39	15.84	--	6	9504	买盘
10:21:36	15.84	0.01	1	1584	买盘
10:21:24	15.83	--	8	14199	买盘
10:21:06	15.83	0.01	2	3166	买盘
10:20:54	15.82	-0.01	1	1582	中性盘
10:20:45	15.83	0.02	102	161466	买盘
10:20:39	15.81	-0.01	8	12648	卖盘
10:20:30	15.82	--	5	7910	买盘
10:20:24	15.82	--	20	31640	买盘
10:20:15	15.82	-0.01	26	41132	卖盘
10:20:09	15.83	0.01	24	37992	买盘
10:19:57	15.82	-0.01	10	15820	卖盘
10:19:39	15.83	-0.01	5	7915	卖盘
10:19:36	15.84	--	2	3168	买盘
10:19:24	15.84	-0.01	5	7920	卖盘
10:19:06	15.85	--	6	9510	买盘
10:18:57	15.85	--	1	1585	卖盘
10:18:51	15.85	-0.03	16	25360	卖盘
10:18:48	15.88	--	59	93692	买盘
10:18:42	15.88	--	37	58756	卖盘
10:18:39	15.88	--	60	95280	卖盘
10:18:36	15.88	--	40	63520	卖盘
10:18:33	15.88	--	7	11116	卖盘
10:18:30	15.88	--	4	6352	卖盘
10:18:27	15.88	--	6	9528	卖盘
10:18:18	15.88	--	42	66696	卖盘
10:18:15	15.88	-0.01	13	20644	卖盘
10:18:12	15.89	0.01	5	7945	中性盘
10:18:00	15.88	--	130	206440	卖盘
10:17:54	15.88	--	2	3176	卖盘
10:17:51	15.88	--	30	47640	卖盘
10:17:39	15.88	-0.02	78	123864	卖盘
10:17:36	15.9	--	22	34980	卖盘
10:17:33	15.9	0.02	258	410220	买盘
10:17:30	15.88	-0.02	5	7940	卖盘
10:17:27	15.9	--	18	28620	买盘
10:17:24	15.9	0.02	8	12720	买盘
10:17:21	15.88	-0.02	15	23820	卖盘
10:17:18	15.9	0.01	20	31800	买盘
10:17:15	15.89	-0.01	16	25424	卖盘
10:17:12	15.9	--	10	15900	买盘
10:17:06	15.9	-0.02	6	9540	买盘
10:17:03	15.92	--	42	66864	买盘
10:17:00	15.92	--	21	33432	买盘
10:16:57	15.92	--	21	33432	买盘
10:16:54	15.92	--	6	9552	买盘
10:16:51	15.92	--	21	33432	买盘
10:16:48	15.92	0.09	14	22288	买盘
10:16:42	15.83	-0.09	47	74401	卖盘
10:16:39	15.92	--	44	70048	卖盘
10:16:36	15.92	-0.01	30	47760	卖盘
10:16:33	15.93	--	42	66906	买盘
10:16:27	15.93	0.01	5	7965	买盘
10:16:24	15.92	--	40	63680	买盘
10:16:15	15.92	-0.01	17	27064	卖盘
10:16:12	15.93	--	32	50976	买盘
10:16:06	15.93	0.01	8	12744	买盘
10:16:00	15.92	0.1	18	28656	买盘
10:15:57	15.82	0.02	35	55370	中性盘
10:15:54	15.8	-0.1	2	3160	卖盘
10:15:51	15.9	0.1	500	795000	买盘
10:15:45	15.8	-0.02	6	9480	卖盘
10:15:42	15.82	0.02	1	1582	中性盘
10:15:39	15.8	0.01	48	75840	买盘
10:15:36	15.79	-0.01	10	15790	卖盘
10:15:27	15.8	0.01	21	33180	买盘
10:15:24	15.79	--	16	25264	买盘
10:15:21	15.79	0.01	24	37896	买盘
10:15:12	15.78	--	1	1578	卖盘
10:15:09	15.78	0.01	81	127818	买盘
10:15:03	15.77	-0.01	4	6308	卖盘
10:15:00	15.78	0.01	4	6312	买盘
10:14:54	15.77	--	5	7885	卖盘
10:14:51	15.77	0.02	777	1225329	买盘
10:14:48	15.75	--	15	23625	买盘
10:14:45	15.75	0.03	27	42525	买盘
10:14:39	15.72	--	9	14148	卖盘
10:14:36	15.72	--	51	80172	买盘
10:14:33	15.72	-0.03	29	45588	买盘
10:14:27	15.75	0.01	42	66150	买盘
10:14:24	15.74	0.01	42	66108	买盘
10:14:18	15.73	0.01	21	33033	买盘
10:14:15	15.72	--	27	42444	买盘
10:14:06	15.72	--	10	15720	买盘
10:14:03	15.72	--	63	99036	买盘
10:13:51	15.72	0.01	8	12576	买盘
10:13:42	15.71	--	4	6284	买盘
10:13:36	15.71	-0.01	2	3142	中性盘
10:13:21	15.72	--	23	36156	买盘
10:13:18	15.72	0.02	5	7860	买盘
10:13:09	15.7	--	8	12560	买盘
10:13:06	15.7	-0.02	12	18840	中性盘
10:12:57	15.72	0.02	21	33012	买盘
10:12:54	15.7	--	11	17270	买盘
10:12:45	15.7	--	10	15700	买盘
10:12:42	15.7	--	3	4710	买盘
10:12:39	15.7	--	10	15700	买盘
10:12:36	15.7	--	15	23550	买盘
10:12:33	15.7	--	55	86350	买盘
10:12:30	15.7	--	4	6280	买盘
10:12:27	15.7	--	20	31400	买盘
10:12:24	15.7	--	21	32970	买盘
10:12:15	15.7	0.02	42	65940	买盘
10:12:09	15.68	--	7	10976	买盘
10:12:06	15.68	0.02	21	32928	买盘
10:12:03	15.66	-0.02	9	14094	卖盘
10:11:57	15.68	0.02	21	32928	买盘
10:11:51	15.66	-0.02	22	34452	卖盘
10:11:48	15.68	--	21	32928	买盘
10:11:39	15.68	0.02	21	32928	买盘
10:11:06	15.66	--	13	20358	买盘
10:11:03	15.66	--	21	32886	买盘
10:11:00	15.66	--	21	32886	买盘
10:10:57	15.66	--	21	32886	买盘
10:10:54	15.66	--	21	32886	买盘
10:10:51	15.66	0.03	21	32886	买盘
10:10:42	15.63	-0.03	12	18756	卖盘
10:10:39	15.66	--	21	32886	买盘
10:10:33	15.66	--	1	1566	买盘
10:10:30	15.66	0.03	21	32886	买盘
10:10:18	15.63	-0.03	5	7815	卖盘
10:10:09	15.66	0.01	19	29754	买盘
10:10:00	15.65	-0.01	3	4695	卖盘
10:09:57	15.66	--	10	15660	买盘
10:09:30	15.66	0.01	84	131544	买盘
10:09:27	15.65	0.01	21	32865	买盘
10:09:06	15.64	--	21	32844	买盘
10:09:03	15.64	0.01	14	21896	买盘
10:08:51	15.63	--	11	17193	买盘
10:08:42	15.63	--	58	90654	买盘
10:08:36	15.63	0.01	1	1563	买盘
10:08:27	15.62	--	7	10934	卖盘
10:08:15	15.62	--	20	31240	买盘
10:08:09	15.62	--	16	24992	买盘
10:07:45	15.62	0.01	8	12496	买盘
10:07:42	15.61	-0.01	10	15610	卖盘
10:07:39	15.62	--	2	3124	买盘
10:07:27	15.62	--	30	46860	买盘
10:07:12	15.62	--	3	4686	买盘
10:07:09	15.62	--	6	9372	卖盘
10:06:33	15.62	--	3	4686	买盘
10:06:30	15.62	0.01	1	1562	买盘
10:06:18	15.61	-0.01	14	21854	卖盘
10:05:54	15.62	--	2	3124	卖盘
10:05:51	15.62	0.01	48	74976	买盘
10:05:36	15.61	-0.01	1	1561	卖盘
10:05:30	15.62	--	1	1562	买盘
10:05:03	15.62	0.01	1	1562	买盘
10:04:30	15.61	--	10	15610	卖盘
10:04:27	15.61	--	23	35903	卖盘
10:04:18	15.61	--	26	40586	卖盘
10:04:00	15.61	--	52	81172	卖盘
10:03:54	15.61	--	6	9366	卖盘
10:03:48	15.61	-0.01	5	7805	卖盘
10:03:45	15.62	--	1	1562	买盘
10:03:30	15.62	-0.01	77	120274	卖盘
10:03:18	15.63	-0.01	29	45327	卖盘
10:03:12	15.64	0.01	71	111044	买盘
10:03:03	15.63	--	22	34386	卖盘
10:02:51	15.63	-0.01	21	32823	卖盘
10:02:48	15.64	0.01	5	7820	买盘
10:02:45	15.63	-0.01	2	3126	卖盘
10:02:36	15.64	--	8	12512	买盘
10:02:33	15.64	--	1	1564	买盘
10:02:24	15.64	--	5	7820	买盘
10:02:21	15.64	--	10	15640	买盘
10:02:15	15.64	--	1	1564	买盘
10:02:03	15.64	0.01	4	6256	买盘
10:02:00	15.63	--	50	78150	卖盘
10:01:54	15.63	-0.01	11	17193	卖盘
10:01:39	15.64	0.01	6	9384	买盘
10:01:33	15.63	--	50	78150	卖盘
10:01:24	15.63	--	3	4689	卖盘
10:01:12	15.63	-0.01	2	3126	卖盘
10:01:00	15.64	-0.02	7	10948	卖盘
10:00:36	15.66	--	1	1566	买盘
10:00:21	15.66	0.01	41	64206	买盘
10:00:15	15.65	-0.01	9	14085	卖盘
10:00:03	15.66	--	3	4698	买盘
09:59:48	15.66	--	31	48546	卖盘
09:59:42	15.66	-0.01	80	125280	卖盘
09:59:39	15.67	0.01	2	3134	买盘
09:59:30	15.66	--	10	15660	卖盘
09:59:24	15.66	-0.01	2	3132	卖盘
09:59:09	15.67	0.01	29	45443	买盘
09:58:48	15.66	-0.01	50	78300	卖盘
09:58:33	15.67	--	1	1567	买盘
09:58:30	15.67	--	1	1567	买盘
09:58:06	15.67	0.01	20	31340	买盘
09:58:03	15.66	--	14	21924	卖盘
09:57:57	15.66	--	103	161298	卖盘
09:57:42	15.66	-0.01	50	78300	卖盘
09:57:39	15.67	--	10	15670	买盘
09:57:36	15.67	--	28	43876	买盘
09:57:33	15.67	--	1	1567	买盘
09:57:21	15.67	0.01	7	10969	买盘
09:57:12	15.66	-0.01	10	15660	卖盘
09:57:06	15.67	0.01	1	1567	买盘
09:56:54	15.66	-0.01	4	6264	卖盘
09:56:45	15.67	--	1	1567	买盘
09:56:33	15.67	--	29	45443	买盘
09:56:00	15.67	--	33	51711	卖盘
09:55:51	15.67	--	3	4701	卖盘
09:55:45	15.67	0.01	6	9402	中性盘
09:55:30	15.66	--	202	316332	买盘
09:55:27	15.66	0.01	51	79866	买盘
09:55:24	15.65	-0.01	2	3130	卖盘
09:55:12	15.66	0.02	20	31320	买盘
09:55:03	15.64	-0.01	10	15640	卖盘
09:55:00	15.65	0.01	47	73555	买盘
09:54:45	15.64	--	2	3128	卖盘
09:54:36	15.64	--	1	1564	卖盘
09:54:33	15.64	-0.01	1	1564	卖盘
09:54:30	15.65	0.01	1	1565	中性盘
09:54:24	15.64	-0.02	51	79764	卖盘
09:54:15	15.66	0.02	300	469800	买盘
09:54:03	15.64	-0.01	2	3128	卖盘
09:53:57	15.65	--	1	1565	买盘
09:53:33	15.65	--	5	7825	买盘
09:53:30	15.65	0.01	2	3130	买盘
09:53:21	15.64	-0.01	52	81328	卖盘
09:53:12	15.65	0.01	4	6260	买盘
09:53:03	15.64	--	2	3128	卖盘
09:52:54	15.64	-0.01	41	64124	卖盘
09:52:48	15.65	0.01	2	3130	买盘
09:52:36	15.64	-0.01	2	3128	卖盘
09:52:30	15.65	-0.01	1	1565	卖盘
09:52:27	15.66	0.01	31	48546	买盘
09:52:15	15.65	--	8	12520	卖盘
09:52:12	15.65	-0.01	67	104855	卖盘
09:51:57	15.66	0.01	20	31320	买盘
09:51:48	15.65	-0.01	3	4695	卖盘
09:51:45	15.66	--	5	7830	买盘
09:51:33	15.66	0.01	1	1566	买盘
09:51:24	15.65	-0.01	155	242575	卖盘
09:51:15	15.66	--	1	1566	买盘
09:51:06	15.66	--	38	59508	卖盘
09:51:03	15.66	--	2	3132	卖盘
09:51:00	15.66	--	10	15660	卖盘
09:50:51	15.66	--	2	3132	卖盘
09:50:39	15.66	-0.01	107	167562	卖盘
09:50:30	15.67	--	15	23505	买盘
09:50:24	15.67	-0.01	16	25072	卖盘
09:50:09	15.68	--	24	37632	卖盘
09:50:06	15.68	-0.01	7	10976	卖盘
09:49:36	15.69	-0.01	11	17259	卖盘
09:49:30	15.7	0.01	1	1570	买盘
09:49:24	15.69	-0.01	10	15690	卖盘
09:49:21	15.7	--	6	9420	买盘
09:49:09	15.7	0.01	4	6280	买盘
09:49:03	15.69	-0.01	9	14121	卖盘
09:48:54	15.7	0.01	5	7850	买盘
09:48:51	15.69	--	31	48639	卖盘
09:48:48	15.69	--	23	36087	卖盘
09:48:45	15.69	--	1	1569	卖盘
09:48:42	15.69	--	1	1569	卖盘
09:48:39	15.69	-0.01	10	15690	卖盘
09:48:27	15.7	0.01	1	1570	买盘
09:48:24	15.69	--	10	15690	卖盘
09:48:21	15.69	-0.01	1	1569	卖盘
09:48:18	15.7	--	10	15700	买盘
09:47:42	15.7	--	5	7850	卖盘
09:47:39	15.7	0.01	16	25120	买盘
09:47:33	15.69	-0.01	33	51777	卖盘
09:47:30	15.7	--	2	3140	买盘
09:47:24	15.7	--	90	141300	买盘
09:47:12	15.7	--	1	1570	买盘
09:47:06	15.7	--	13	20410	买盘
09:47:00	15.7	--	8	12560	买盘
09:46:45	15.7	--	4	6280	买盘
09:46:27	15.7	--	1	1570	买盘
09:46:21	15.7	--	20	31400	买盘
09:46:12	15.7	--	2	3140	买盘
09:45:42	15.7	-0.01	5	7850	卖盘
09:45:30	15.71	--	60	94260	买盘
09:45:27	15.71	--	1	1571	买盘
09:45:09	15.71	0.01	7	10997	买盘
09:45:00	15.7	-0.01	58	91060	卖盘
09:44:33	15.71	--	20	31420	买盘
09:44:30	15.71	--	1	1571	买盘
09:44:27	15.71	0.02	1	1571	买盘
09:44:15	15.69	-0.02	21	32949	卖盘
09:44:09	15.71	-0.01	30	47130	卖盘
09:44:06	15.72	--	50	78600	买盘
09:43:54	15.72	0.01	76	119472	买盘
09:43:48	15.71	--	60	94260	买盘
09:43:45	15.71	--	28	43988	买盘
09:43:42	15.71	--	26	40846	买盘
09:43:39	15.71	--	25	39903	卖盘
09:43:21	15.71	0.01	58	92060	买盘
09:43:18	15.7	-0.01	1	2198	卖盘
09:43:12	15.71	0.01	22	34562	买盘
09:43:09	15.7	--	10	15700	卖盘
09:43:06	15.7	--	4	7222	买盘
09:43:03	15.7	--	11	17270	买盘
09:42:42	15.7	0.02	100	157000	买盘
09:42:30	15.68	-0.01	45	70560	卖盘
09:42:24	15.69	0.01	17	26673	买盘
09:42:12	15.68	-0.01	11	17248	卖盘
09:42:09	15.69	--	2	3138	买盘
09:42:03	15.69	0.01	10	15690	买盘
09:41:54	15.68	-0.01	8	12544	卖盘
09:41:24	15.69	--	7	10983	买盘
09:41:12	15.69	--	5	7845	卖盘
09:40:57	15.69	--	2	3138	卖盘
09:40:51	15.69	--	3	4707	卖盘
09:40:48	15.69	--	1	1569	卖盘
09:40:45	15.69	0.01	19	29811	买盘
09:40:27	15.68	-0.01	22	34496	卖盘
09:40:12	15.69	0.01	1	1569	买盘
09:40:09	15.68	-0.01	76	119168	卖盘
09:39:48	15.69	--	1	1569	买盘
09:39:45	15.69	-0.01	2	3138	卖盘
09:39:39	15.7	--	4	6280	买盘
09:39:33	15.7	--	18	28888	卖盘
09:39:30	15.7	--	27	42390	卖盘
09:39:27	15.7	-0.01	21	32970	卖盘
09:39:18	15.71	0.01	31	48701	买盘
09:39:09	15.7	0.02	29	46472	买盘
09:39:06	15.68	-0.01	21	32928	卖盘
09:39:00	15.69	-0.01	29	45501	卖盘
09:38:54	15.7	--	2	3140	买盘
09:38:51	15.7	--	1	1570	买盘
09:38:48	15.7	--	6	9420	买盘
09:38:45	15.7	--	5	7850	买盘
09:38:42	15.7	--	28	43960	买盘
09:38:39	15.7	--	4	6280	买盘
09:38:33	15.7	0.01	28	43960	买盘
09:38:30	15.69	--	11	17259	买盘
09:38:27	15.69	--	9	14121	买盘
09:38:12	15.69	--	55	86295	买盘
09:38:09	15.69	--	2	3138	买盘
09:38:00	15.69	--	6	9414	买盘
09:37:51	15.69	0.01	13	20397	买盘
09:37:39	15.68	--	5	7840	买盘
09:37:33	15.68	0.01	45	70560	买盘
09:37:30	15.67	--	14	21938	卖盘
09:37:27	15.67	--	25	39175	卖盘
09:37:15	15.67	--	15	23505	买盘
09:37:12	15.67	0.01	5	7835	买盘
09:37:03	15.66	--	11	17226	卖盘
09:36:51	15.66	-0.02	8	12528	卖盘
09:36:45	15.68	--	13	20384	买盘
09:35:36	15.68	--	2	3136	买盘
09:35:24	15.68	-0.01	6	10035	卖盘
09:35:21	15.69	0.01	30	47070	买盘
09:35:03	15.68	--	3	5644	买盘
09:34:57	15.68	--	5	7840	买盘
09:34:51	15.68	--	19	30419	卖盘
09:34:48	15.68	--	2	3136	卖盘
09:34:36	15.68	--	5	7840	卖盘
09:34:33	15.68	--	46	73068	买盘
09:34:21	15.68	--	1	1568	买盘
09:34:15	15.68	--	5	7840	卖盘
09:34:03	15.68	--	26	40768	买盘
09:34:00	15.68	-0.02	13	20384	中性盘
09:33:15	15.7	--	1	1570	卖盘
09:33:09	15.7	0.02	6	9420	买盘
09:33:06	15.68	-0.02	19	29792	卖盘
09:33:03	15.7	--	4	6280	买盘
09:32:54	15.7	--	2	3140	买盘
09:32:51	15.7	0.02	1	1570	买盘
09:32:42	15.68	--	1	1568	卖盘
09:32:39	15.68	--	21	32928	卖盘
09:32:24	15.68	--	4	6272	卖盘
09:32:12	15.68	--	15	23520	中性盘
09:32:00	15.68	--	5	7840	中性盘
09:31:48	15.68	--	3	4704	买盘
09:31:39	15.68	--	20	31360	买盘
09:31:36	15.68	-0.01	27	42336	卖盘
09:31:30	15.69	--	3	4707	卖盘
09:31:27	15.69	0.01	30	47070	买盘
09:31:24	15.68	--	10	15680	卖盘
09:31:15	15.68	-0.01	2	3136	卖盘
09:31:12	15.69	0.01	17	26673	买盘
09:31:09	15.68	-0.01	5	7840	卖盘
09:31:03	15.69	--	4	6276	买盘
09:31:00	15.69	-0.03	51	80019	买盘
09:30:54	15.72	0.03	20	31440	买盘
09:30:51	15.69	--	1	1569	买盘
09:30:45	15.69	--	8	12552	卖盘
09:30:33	15.69	0.01	5	7845	买盘
09:30:21	15.68	0.05	2	3136	买盘
09:30:09	15.63	-0.01	23	35949	卖盘
09:30:06	15.64	--	36	56304	卖盘
09:30:03	15.64	15.64	13	20332	买盘
