成交时间	成交价	价格变动	成交量(手)	成交额(元)	性质
15:00:03	40.95	--	501	2051595	买盘
14:57:03	40.95	--	5	23751	买盘
14:57:00	40.95	--	14	58149	卖盘
14:56:57	40.95	--	14	57330	卖盘
14:56:54	40.95	0.03	9	40131	买盘
14:56:51	40.92	--	15	61380	卖盘
14:56:48	40.92	-0.03	5	20460	卖盘
14:56:45	40.95	--	0	819	卖盘
14:56:42	40.95	--	19	81081	买盘
14:56:39	40.95	0.03	19	77805	买盘
14:56:36	40.92	--	13	55242	卖盘
14:56:33	40.92	--	9	36828	卖盘
14:56:27	40.92	--	33	135036	卖盘
14:56:24	40.92	-0.02	31	126852	卖盘
14:56:21	40.94	--	6	24564	买盘
14:56:18	40.94	--	5	20470	买盘
14:56:15	40.94	--	48	196512	买盘
14:56:12	40.94	-0.02	22	90068	卖盘
14:56:09	40.96	0.01	2	8192	买盘
14:56:06	40.95	--	3	12285	买盘
14:56:03	40.95	--	24	98280	卖盘
14:55:57	40.95	-0.01	6	24570	卖盘
14:55:54	40.96	0.01	30	122880	买盘
14:55:51	40.95	--	11	45045	买盘
14:55:48	40.95	--	202	827886	买盘
14:55:45	40.95	0.01	26	106470	买盘
14:55:42	40.94	--	4	16376	卖盘
14:55:39	40.94	-0.01	4	16376	卖盘
14:55:36	40.95	--	20	81900	买盘
14:55:33	40.95	0.01	21	85995	买盘
14:55:30	40.94	--	4	16376	卖盘
14:55:27	40.94	--	12	49128	买盘
14:55:24	40.94	--	3	12282	买盘
14:55:21	40.94	--	50	204700	买盘
14:55:15	40.94	--	48	196512	买盘
14:55:12	40.94	-0.01	10	40940	中性盘
14:55:06	40.95	0.02	14	57330	买盘
14:55:03	40.93	--	1	4093	中性盘
14:55:00	40.93	0.02	2	8186	买盘
14:54:57	40.91	--	14	57273	卖盘
14:54:54	40.91	-0.02	5	20455	卖盘
14:54:51	40.93	-0.02	13	53209	卖盘
14:54:45	40.95	0.04	7	28665	买盘
14:54:42	40.91	--	5	20455	卖盘
14:54:39	40.91	--	10	40910	卖盘
14:54:30	40.91	-0.04	2	10636	卖盘
14:54:27	40.95	0.05	2	8190	买盘
14:54:21	40.9	--	0	409	买盘
14:54:18	40.9	-0.05	10	44581	卖盘
14:54:15	40.95	0.05	1	4095	买盘
14:54:12	40.9	-0.01	108	441720	卖盘
14:54:09	40.91	--	3	12682	买盘
14:54:03	40.91	--	1	4090	买盘
14:54:00	40.91	--	8	32727	买盘
14:53:57	40.91	-0.05	8	32727	卖盘
14:53:51	40.96	--	3	12288	买盘
14:53:48	40.96	-0.03	3	12288	中性盘
14:53:42	40.99	--	6	24594	买盘
14:53:39	40.99	0.03	5	20495	买盘
14:53:36	40.96	-0.03	9	36864	卖盘
14:53:27	40.99	0.1	9	36891	中性盘
14:53:18	40.89	--	2	8178	卖盘
14:53:15	40.89	-0.1	6	24534	卖盘
14:53:09	40.99	0.09	8	36399	卖盘
14:53:06	40.9	--	5	20940	买盘
14:53:03	40.9	--	2	8180	买盘
14:53:00	40.9	-0.09	500	2048599	卖盘
14:52:57	40.99	-0.01	15	61485	卖盘
14:52:54	41.0	0.01	34	139400	买盘
14:52:51	40.99	-0.01	2	8198	卖盘
14:52:45	41.0	--	5	20500	买盘
14:52:42	41.0	0.01	1	4100	买盘
14:52:39	40.99	-0.01	10	40990	卖盘
14:52:36	41.0	--	5	20500	买盘
14:52:33	41.0	--	5	20500	买盘
14:52:27	41.0	-0.01	257	1057595	卖盘
14:52:18	41.01	-0.04	3	12303	卖盘
14:52:15	41.05	0.03	9	36945	买盘
14:52:06	41.02	--	14	57428	卖盘
14:52:00	41.02	--	1	4102	卖盘
14:51:57	41.02	0.02	5	20510	买盘
14:51:48	41.0	-0.01	39	159900	卖盘
14:51:45	41.01	-0.04	4	16404	卖盘
14:51:42	41.05	0.04	58	238295	买盘
14:51:36	41.01	--	50	205255	卖盘
14:51:33	41.01	--	13	53313	卖盘
14:51:30	41.01	-0.01	1	4101	卖盘
14:51:24	41.02	0.01	4	16408	买盘
14:51:15	41.01	--	2	8202	卖盘
14:51:09	41.01	--	2	8202	卖盘
14:51:06	41.01	-0.04	8	32808	卖盘
14:51:00	41.05	0.04	5	20525	买盘
14:50:57	41.01	0.01	7	32602	买盘
14:50:54	41.0	--	1	4100	卖盘
14:50:42	41.0	-0.01	10	41000	卖盘
14:50:39	41.01	--	1	4306	卖盘
14:50:36	41.01	0.01	6	24606	卖盘
14:50:30	41.0	--	53	217300	卖盘
14:50:24	41.0	--	2	8200	卖盘
14:50:21	41.0	-0.01	4	20295	卖盘
14:50:18	41.01	0.01	26	106626	买盘
14:50:12	41.0	--	20	82000	卖盘
14:50:09	41.0	--	10	41000	卖盘
14:50:03	41.0	--	16	65600	卖盘
14:49:57	41.0	--	1	4100	卖盘
14:49:51	41.0	-0.01	15	61500	卖盘
14:49:48	41.01	--	4	16404	买盘
14:49:42	41.01	--	15	61515	卖盘
14:49:39	41.01	-0.04	1	4101	卖盘
14:49:36	41.05	0.04	3	12315	买盘
14:49:33	41.01	--	15	61515	卖盘
14:49:27	41.01	0.01	3	12303	中性盘
14:49:18	41.0	--	5	20500	卖盘
14:49:09	41.0	-0.06	100	410000	卖盘
14:49:06	41.06	0.01	7	28742	买盘
14:49:00	41.05	-0.02	5	20525	卖盘
14:48:54	41.07	0.02	1	4107	买盘
14:48:48	41.05	--	2	8210	卖盘
14:48:45	41.05	-0.02	2	8210	卖盘
14:48:42	41.07	0.01	17	69819	买盘
14:48:39	41.06	0.01	8	32848	买盘
14:48:33	41.05	--	40	164200	卖盘
14:48:27	41.05	--	1	4105	卖盘
14:48:21	41.05	-0.01	14	57469	卖盘
14:48:18	41.06	--	5	20530	卖盘
14:48:15	41.06	0.01	1	4106	买盘
14:48:12	41.05	--	30	123149	买盘
14:48:09	41.05	--	1	4105	中性盘
14:48:03	41.05	0.04	5	20525	中性盘
14:47:36	41.01	--	2	8202	卖盘
14:47:30	41.01	--	3	12303	卖盘
14:47:24	41.01	--	1	4101	卖盘
14:47:21	41.01	--	9	36909	买盘
14:47:12	41.01	0.01	55	225555	中性盘
14:47:06	41.0	-0.01	10	41000	卖盘
14:46:57	41.01	--	2	8530	卖盘
14:46:54	41.01	-0.08	0	3772	卖盘
14:46:51	41.09	--	1	4109	买盘
14:46:48	41.09	--	16	65744	买盘
14:46:42	41.09	--	11	45199	买盘
14:46:33	41.09	0.02	12	49308	买盘
14:46:24	41.07	--	20	82140	卖盘
14:46:18	41.07	--	1	4928	卖盘
14:46:12	41.07	--	1	4107	卖盘
14:46:09	41.07	0.07	57	234920	买盘
14:46:06	41.0	0.01	8	34850	买盘
14:46:00	40.99	--	13	53287	卖盘
14:45:57	40.99	--	42	172158	卖盘
14:45:54	40.99	--	16	65584	卖盘
14:45:51	40.99	--	351	1440593	买盘
14:45:48	40.99	--	20	81980	买盘
14:45:45	40.99	0.01	10	40990	买盘
14:45:42	40.98	-0.01	17	69666	中性盘
14:45:39	40.99	0.01	241	991138	买盘
14:45:36	40.98	--	38	159002	卖盘
14:45:33	40.98	-0.01	5	20490	卖盘
14:45:27	40.99	--	3	12297	买盘
14:45:24	40.99	0.01	5	20495	买盘
14:45:21	40.98	-0.01	1	4917	卖盘
14:45:15	40.99	--	1	4099	买盘
14:45:12	40.99	0.01	1	4099	买盘
14:45:06	40.98	--	1	4098	卖盘
14:45:03	40.98	-0.01	5	20490	中性盘
14:44:57	40.99	0.02	5	20495	买盘
14:44:54	40.97	-0.01	117	479758	卖盘
14:44:51	40.98	--	7	28685	卖盘
14:44:45	40.98	--	20	81960	中性盘
14:44:33	40.98	-0.01	4	16801	中性盘
14:44:30	40.99	0.01	45	184455	买盘
14:44:12	40.98	0.01	2	8196	买盘
14:44:09	40.97	0.01	34	139298	买盘
14:44:00	40.96	-0.02	18	73728	卖盘
14:43:51	40.98	--	10	40980	买盘
14:43:48	40.98	--	31	127037	买盘
14:43:45	40.98	--	60	245879	买盘
14:43:42	40.98	--	8	32784	买盘
14:43:39	40.98	--	45	184410	买盘
14:43:33	40.98	--	10	40980	买盘
14:43:24	40.98	--	12	49175	买盘
14:43:18	40.98	--	2	8196	买盘
14:43:15	40.98	--	5	20490	卖盘
14:43:12	40.98	--	5	20490	卖盘
14:43:09	40.98	--	7	28685	买盘
14:43:06	40.98	--	1	4098	买盘
14:42:54	40.98	--	6	24587	买盘
14:42:51	40.98	--	16	65568	买盘
14:42:48	40.98	--	3	12293	买盘
14:42:42	40.98	-0.01	1	4098	买盘
14:42:30	40.99	0.03	7	28693	买盘
14:42:24	40.96	-0.03	2	8192	卖盘
14:42:21	40.99	--	4	16396	买盘
14:42:18	40.99	--	6	24594	买盘
14:42:12	40.99	--	3	12297	买盘
14:41:57	40.99	0.04	3	12297	买盘
14:41:51	40.95	0.05	10	40950	中性盘
14:41:48	40.9	--	1	4499	卖盘
14:41:45	40.9	--	26	106340	卖盘
14:41:33	40.9	0.01	62	253661	买盘
14:41:30	40.89	-0.01	19	77691	卖盘
14:41:27	40.9	--	27	110430	买盘
14:41:24	40.9	--	109	445810	买盘
14:41:18	40.9	--	9	36810	买盘
14:41:15	40.9	0.02	35	143150	买盘
14:41:12	40.88	-0.01	10	40880	卖盘
14:41:09	40.89	--	24	98136	买盘
14:41:06	40.89	-0.01	5	20445	中性盘
14:41:03	40.9	0.01	61	249490	买盘
14:41:00	40.89	--	2	8178	买盘
14:40:57	40.89	-0.01	5	21467	卖盘
14:40:54	40.9	--	4	16360	买盘
14:40:51	40.9	--	10	40900	买盘
14:40:48	40.9	0.01	50	204500	买盘
14:40:45	40.89	-0.01	13	53157	卖盘
14:40:42	40.9	-0.09	642	2627416	卖盘
14:40:39	40.99	--	4	16396	买盘
14:40:30	40.99	--	2	8198	买盘
14:40:27	40.99	0.05	1	4099	买盘
14:40:18	40.94	--	3	12282	卖盘
14:40:15	40.94	--	1	4094	卖盘
14:40:09	40.94	--	30	122820	卖盘
14:40:00	40.94	--	2	8188	卖盘
14:39:57	40.94	-0.06	20	81880	中性盘
14:39:51	41.0	0.1	11	45100	买盘
14:39:48	40.9	--	23	94070	卖盘
14:39:45	40.9	--	14	57260	卖盘
14:39:42	40.9	-0.04	20	83436	卖盘
14:39:33	40.94	0.04	1	4094	买盘
14:39:30	40.9	-0.08	409	1672810	卖盘
14:39:27	40.98	--	121	499136	卖盘
14:39:24	40.98	--	6	24587	卖盘
14:39:18	40.98	--	50	204899	卖盘
14:39:09	40.98	--	13	53273	卖盘
14:39:06	40.98	-0.01	8	32784	卖盘
14:38:57	40.99	-0.01	4	16396	卖盘
14:38:51	41.0	-0.04	347	1424340	卖盘
14:38:48	41.04	--	11	45144	卖盘
14:38:45	41.04	--	3	12312	卖盘
14:38:42	41.04	--	1	4104	中性盘
14:38:39	41.04	--	8	32832	买盘
14:38:36	41.04	--	1	7879	卖盘
14:38:33	41.04	--	12	49248	卖盘
14:38:30	41.04	--	15	61560	卖盘
14:38:24	41.04	--	5	20520	卖盘
14:38:18	41.04	--	1	4432	卖盘
14:38:12	41.04	-0.01	6	24624	卖盘
14:38:09	41.05	--	6	24630	买盘
14:37:57	41.05	--	1	4105	买盘
14:37:51	41.05	--	11	45155	买盘
14:37:45	41.05	--	4	16420	卖盘
14:37:39	41.05	--	10	41050	卖盘
14:37:33	41.05	--	13	53364	卖盘
14:37:30	41.05	--	1	4105	卖盘
14:37:27	41.05	--	1	4105	卖盘
14:37:21	41.05	--	3	12315	卖盘
14:37:18	41.05	--	4	16420	买盘
14:37:12	41.05	--	10	41050	买盘
14:37:09	41.05	--	10	41050	买盘
14:36:57	41.05	-0.05	26	106729	买盘
14:36:54	41.1	--	4	16440	买盘
14:36:51	41.1	--	10	41100	买盘
14:36:48	41.1	0.05	11	45210	买盘
14:36:45	41.05	--	7	28734	卖盘
14:36:39	41.05	--	7	28734	卖盘
14:36:30	41.05	-0.01	6	24630	卖盘
14:36:27	41.06	-0.04	2	8212	卖盘
14:36:24	41.1	--	26	106860	买盘
14:36:18	41.1	--	1	4110	买盘
14:36:12	41.1	--	20	82200	买盘
14:36:06	41.1	--	10	41100	买盘
14:36:03	41.1	0.07	20	82200	买盘
14:35:57	41.03	-0.07	4	16412	卖盘
14:35:51	41.1	--	11	45210	买盘
14:35:48	41.1	--	1	4110	买盘
14:35:45	41.1	0.06	9	36990	买盘
14:35:42	41.04	-0.06	63	258552	中性盘
14:35:30	41.1	--	10	41100	买盘
14:35:12	41.1	0.1	3	12330	买盘
14:34:54	41.0	--	13	53300	卖盘
14:34:51	41.0	--	14	59860	买盘
14:34:48	41.0	--	45	184500	买盘
14:34:45	41.0	--	49	200900	买盘
14:34:42	41.0	--	12	49200	买盘
14:34:39	41.0	--	21	86100	买盘
14:34:36	41.0	--	7	28700	买盘
14:34:33	41.0	--	18	73800	买盘
14:34:30	41.0	--	7	28700	买盘
14:34:24	41.0	--	9	36900	买盘
14:34:21	41.0	--	3	12300	买盘
14:34:18	41.0	0.02	14	57400	买盘
14:34:12	40.98	-0.02	3	13933	卖盘
14:34:09	41.0	--	1	4100	买盘
14:34:03	41.0	0.02	38	155800	买盘
14:34:00	40.98	--	30	122939	卖盘
14:33:57	40.98	--	14	59420	买盘
14:33:51	40.98	--	35	143430	卖盘
14:33:48	40.98	-0.01	7	28685	卖盘
14:33:45	40.99	0.01	105	430395	买盘
14:33:42	40.98	--	5	20490	卖盘
14:33:39	40.98	0.01	8	32784	买盘
14:33:36	40.97	-0.01	40	163880	卖盘
14:33:33	40.98	--	1	4098	买盘
14:33:30	40.98	--	4	16392	买盘
14:33:27	40.98	--	2	11474	卖盘
14:33:24	40.98	--	3	13113	卖盘
14:33:15	40.98	--	3	12293	卖盘
14:33:09	40.98	0.02	22	90156	买盘
14:33:06	40.96	-0.01	33	135168	卖盘
14:33:00	40.97	-0.01	0	1229	卖盘
14:32:54	40.98	--	1	4098	买盘
14:32:51	40.98	0.01	14	57371	买盘
14:32:48	40.97	--	8	32776	卖盘
14:32:45	40.97	-0.01	21	86037	卖盘
14:32:42	40.98	--	5	20490	买盘
14:32:39	40.98	-0.01	2	11474	卖盘
14:32:36	40.99	--	26	107393	买盘
14:32:33	40.99	--	41	168059	买盘
14:32:27	40.99	--	1	4099	买盘
14:32:24	40.99	0.01	20	81980	买盘
14:32:21	40.98	--	8	32784	买盘
14:32:18	40.98	-0.01	19	77862	卖盘
14:32:15	40.99	-0.01	18	73782	卖盘
14:32:12	41.0	0.01	1	4100	买盘
14:32:06	40.99	-0.01	4	16396	卖盘
14:32:03	41.0	--	1	4100	买盘
14:32:00	41.0	--	6	24600	买盘
14:31:57	41.0	--	1	4100	买盘
14:31:51	41.0	--	11	45100	买盘
14:31:48	41.0	-0.01	148	608850	卖盘
14:31:45	41.01	-0.06	200	820200	卖盘
14:31:42	41.07	--	8	32856	卖盘
14:31:33	41.07	-0.03	51	209457	卖盘
14:31:30	41.1	--	4	18495	卖盘
14:31:27	41.1	-0.01	47	193170	卖盘
14:31:24	41.11	--	1	4111	买盘
14:31:21	41.11	-0.01	6	24666	中性盘
14:31:12	41.12	0.01	11	45232	买盘
14:31:09	41.11	-0.01	48	197328	卖盘
14:31:06	41.12	0.01	9	37008	买盘
14:31:00	41.11	-0.01	4	16444	卖盘
14:30:57	41.12	--	11	45232	卖盘
14:30:54	41.12	0.01	3	12336	买盘
14:30:51	41.11	--	30	123330	卖盘
14:30:48	41.11	--	5	20555	卖盘
14:30:45	41.11	--	24	100719	卖盘
14:30:39	41.11	--	11	45221	卖盘
14:30:36	41.11	-0.01	10	41110	卖盘
14:30:33	41.12	0.01	27	111024	买盘
14:30:24	41.11	-0.01	1	4111	卖盘
14:30:18	41.12	-0.01	4	16448	卖盘
14:30:09	41.13	-0.01	16	65808	卖盘
14:30:06	41.14	--	1	4114	卖盘
14:30:03	41.14	--	15	61710	卖盘
14:30:00	41.14	-0.01	28	115192	卖盘
14:29:57	41.15	-0.01	2	8230	卖盘
14:29:51	41.16	-0.01	15	61739	卖盘
14:29:45	41.17	--	37	152329	买盘
14:29:33	41.17	--	12	49404	卖盘
14:29:21	41.17	--	17	69989	卖盘
14:29:15	41.17	-0.05	5	20585	卖盘
14:29:12	41.22	--	3	12366	买盘
14:28:51	41.22	0.08	11	45342	买盘
14:28:06	41.14	--	2	8228	卖盘
14:27:57	41.14	--	1	4114	卖盘
14:27:54	41.14	-0.05	14	57596	卖盘
14:27:51	41.19	0.05	13	53547	买盘
14:27:48	41.14	--	10	41140	卖盘
14:27:42	41.14	--	10	41140	卖盘
14:27:39	41.14	--	151	621214	买盘
14:27:27	41.14	--	51	209814	买盘
14:27:21	41.14	--	1	4114	买盘
14:27:12	41.14	--	1	4114	买盘
14:27:09	41.14	-0.03	11	45254	卖盘
14:26:51	41.17	0.02	50	209143	买盘
14:26:48	41.15	--	1	4115	卖盘
14:26:39	41.15	--	2	8230	卖盘
14:26:36	41.15	-0.02	3	12345	卖盘
14:26:27	41.17	0.02	10	41170	卖盘
14:26:15	41.15	-0.02	10	41150	卖盘
14:26:12	41.17	0.02	7	28819	买盘
14:26:06	41.15	-0.02	25	104109	卖盘
14:26:03	41.17	-0.03	53	218201	卖盘
14:25:54	41.2	-0.03	1	4120	卖盘
14:25:51	41.23	0.02	10	41230	买盘
14:25:27	41.21	-0.02	2	8242	卖盘
14:25:24	41.23	--	1	4123	买盘
14:25:18	41.23	--	5	20615	买盘
14:25:12	41.23	-0.01	1	4123	买盘
14:25:03	41.24	-0.05	352	1455359	卖盘
14:24:51	41.29	0.01	11	45419	买盘
14:24:48	41.28	--	9	37152	卖盘
14:24:45	41.28	-0.01	1	4128	卖盘
14:24:39	41.29	0.01	8	33032	买盘
14:24:33	41.28	--	23	94944	卖盘
14:24:30	41.28	0.03	25	103200	买盘
14:24:24	41.25	-0.02	10	41250	卖盘
14:24:15	41.27	0.01	10	41270	买盘
14:24:06	41.26	-0.02	1	4538	中性盘
14:24:00	41.28	0.03	10	41280	买盘
14:23:57	41.25	-0.03	5	20625	卖盘
14:23:51	41.28	0.02	11	45408	买盘
14:23:45	41.26	--	2	8252	卖盘
14:23:42	41.26	--	5	20630	卖盘
14:23:39	41.26	--	31	127906	卖盘
14:23:36	41.26	-0.02	10	41260	卖盘
14:23:33	41.28	0.02	11	45408	买盘
14:23:15	41.26	0.01	10	41260	中性盘
14:23:09	41.25	--	13	53625	卖盘
14:22:51	41.25	--	21	86625	卖盘
14:22:45	41.25	--	1	4125	卖盘
14:22:33	41.25	0.01	1	4125	中性盘
14:22:12	41.24	-0.01	41	169084	卖盘
14:22:00	41.25	0.01	3	12375	中性盘
14:21:54	41.24	-0.05	9	37116	卖盘
14:21:51	41.29	0.04	11	45419	买盘
14:21:42	41.25	--	6	26400	卖盘
14:21:39	41.25	-0.04	1	4125	卖盘
14:21:36	41.29	--	1	4129	买盘
14:21:33	41.29	0.04	1	4129	买盘
14:21:30	41.25	-0.01	4	16500	卖盘
14:21:27	41.26	-0.01	4	16504	卖盘
14:21:24	41.27	0.01	3	12381	中性盘
14:21:21	41.26	-0.03	106	437356	卖盘
14:21:12	41.29	-0.01	62	255998	卖盘
14:21:06	41.3	-0.01	17	70210	卖盘
14:21:03	41.31	0.01	6	24786	中性盘
14:21:00	41.3	-0.02	10	41300	卖盘
14:20:57	41.32	--	17	70244	买盘
14:20:54	41.32	--	8	33056	买盘
14:20:51	41.32	0.02	15	61980	买盘
14:20:48	41.3	--	3	12390	卖盘
14:20:45	41.3	-0.02	47	194110	卖盘
14:20:39	41.32	--	5	20660	卖盘
14:20:36	41.32	--	1	4132	卖盘
14:20:33	41.32	--	38	157016	买盘
14:20:30	41.32	--	3	12396	买盘
14:20:24	41.32	--	5	20660	买盘
14:20:21	41.32	0.02	3	12396	买盘
14:20:15	41.3	-0.01	1	4130	卖盘
14:20:12	41.31	--	14	57834	中性盘
14:20:06	41.31	0.01	74	305694	买盘
14:20:03	41.3	--	62	256059	买盘
14:20:00	41.3	--	72	297360	买盘
14:19:57	41.3	--	8	33040	买盘
14:19:54	41.3	--	200	826000	买盘
14:19:51	41.3	0.03	10	41300	买盘
14:19:39	41.27	-0.02	1	4127	卖盘
14:19:36	41.29	-0.01	2	8258	中性盘
14:19:33	41.3	0.04	201	830130	买盘
14:19:30	41.26	--	0	2063	卖盘
14:19:21	41.26	--	3	14441	卖盘
14:19:15	41.26	0.02	87	361437	买盘
14:19:12	41.24	--	3	12372	卖盘
14:19:06	41.24	--	1	4124	卖盘
14:19:03	41.24	0.04	8	32992	中性盘
14:18:51	41.2	--	13	53560	卖盘
14:18:42	41.2	--	5	20600	卖盘
14:18:33	41.2	--	7	31312	买盘
14:18:30	41.2	--	2	8240	买盘
14:18:27	41.2	--	6	24720	买盘
14:18:24	41.2	--	9	37080	买盘
14:18:21	41.2	--	20	82400	买盘
14:18:18	41.2	--	6	24720	买盘
14:18:15	41.2	--	20	82400	买盘
14:18:12	41.2	--	4	16480	买盘
14:18:09	41.2	--	5	20600	买盘
14:18:03	41.2	--	2	8240	买盘
14:18:00	41.2	--	3	12360	买盘
14:17:51	41.2	--	10	41200	买盘
14:17:45	41.2	0.03	48	197760	买盘
14:17:42	41.17	-0.02	13	53521	卖盘
14:17:36	41.19	0.01	16	66315	买盘
14:17:33	41.18	--	10	41180	买盘
14:17:18	41.18	0.02	2	8236	买盘
14:17:15	41.16	-0.02	3	12347	卖盘
14:17:09	41.18	0.01	10	41180	买盘
14:17:03	41.17	--	5	20585	买盘
14:16:57	41.17	-0.01	2	8234	卖盘
14:16:51	41.18	0.01	11	45298	买盘
14:16:45	41.17	--	1	4117	买盘
14:16:42	41.17	0.02	1	4117	买盘
14:16:24	41.15	--	5	20575	卖盘
14:16:15	41.15	0.01	7	32508	买盘
14:16:12	41.14	-0.01	5	20570	卖盘
14:16:09	41.15	--	54	222210	买盘
14:16:03	41.15	--	10	41150	买盘
14:16:00	41.15	0.01	1	4115	买盘
14:15:57	41.14	-0.01	12	49368	卖盘
14:15:51	41.15	--	13	53495	买盘
14:15:33	41.15	-0.02	5	20575	中性盘
14:15:06	41.17	0.05	2	8234	买盘
14:15:00	41.12	-0.04	1	4112	卖盘
14:14:57	41.16	--	1	4116	卖盘
14:14:51	41.16	0.04	9	37044	买盘
14:14:48	41.12	-0.02	9	37008	卖盘
14:14:45	41.14	--	3	12342	买盘
14:14:39	41.14	--	3	12342	卖盘
14:14:33	41.14	--	3	12342	买盘
14:14:30	41.14	-0.01	3	12342	中性盘
14:14:15	41.15	0.03	2	8230	买盘
14:14:09	41.12	-0.03	10	41120	卖盘
14:14:06	41.15	--	1	4115	买盘
14:13:54	41.15	-0.03	13	53495	卖盘
14:13:51	41.18	0.01	11	45298	买盘
14:13:24	41.17	--	2	8234	买盘
14:12:51	41.17	0.06	10	41170	买盘
14:12:48	41.11	--	9	36999	卖盘
14:12:45	41.11	--	9	36999	买盘
14:12:42	41.11	--	2	8222	买盘
14:12:39	41.11	-0.06	2	8222	卖盘
14:12:36	41.17	--	1	4117	买盘
14:12:27	41.17	--	3	12351	买盘
14:12:18	41.17	--	5	20585	买盘
14:12:09	41.17	0.05	100	411700	买盘
14:11:51	41.12	0.03	16	65792	买盘
14:11:45	41.09	-0.01	5	20545	卖盘
14:11:42	41.1	--	54	221940	买盘
14:11:39	41.1	--	31	127410	买盘
14:11:36	41.1	--	28	115080	买盘
14:11:33	41.1	--	5	20550	买盘
14:11:30	41.1	--	17	69870	买盘
14:11:24	41.1	--	1	4110	买盘
14:11:15	41.1	0.01	1	4110	买盘
14:11:09	41.09	-0.01	17	69853	卖盘
14:11:03	41.1	--	17	69870	买盘
14:11:00	41.1	--	4	16440	买盘
14:10:57	41.1	--	11	45210	买盘
14:10:51	41.1	--	26	106860	买盘
14:10:48	41.1	0.01	18	73980	买盘
14:10:27	41.09	--	15	65333	买盘
14:10:18	41.09	0.02	11	45199	买盘
14:10:09	41.07	-0.02	20	82140	卖盘
14:10:06	41.09	--	3	12327	买盘
14:10:03	41.09	0.02	6	24654	买盘
14:09:57	41.07	-0.01	4	16428	卖盘
14:09:51	41.08	--	12	51350	买盘
14:09:48	41.08	0.01	10	41080	买盘
14:09:36	41.07	0.01	2	8214	买盘
14:09:33	41.06	-0.02	7	28742	卖盘
14:09:24	41.08	--	3	12324	买盘
14:09:21	41.08	0.01	4	16432	买盘
14:09:18	41.07	--	10	41070	卖盘
14:09:15	41.07	--	3	12321	卖盘
14:09:09	41.07	-0.02	56	229992	卖盘
14:09:06	41.09	0.01	3	12327	买盘
14:08:54	41.08	--	3	12324	卖盘
14:08:51	41.08	-0.01	12	49296	卖盘
14:08:45	41.09	0.01	2	8218	买盘
14:08:42	41.08	-0.01	13	53404	卖盘
14:08:27	41.09	--	5	20545	买盘
14:08:21	41.09	-0.01	8	32872	卖盘
14:08:15	41.1	0.01	1	4110	买盘
14:08:12	41.09	-0.01	15	61635	卖盘
14:08:06	41.1	--	3	12330	买盘
14:07:57	41.1	--	6	24660	买盘
14:07:51	41.1	--	11	45210	买盘
14:07:45	41.1	0.01	22	90420	买盘
14:07:36	41.09	-0.01	3	12327	卖盘
14:07:33	41.1	0.01	5	20550	买盘
14:07:30	41.09	-0.01	5	20545	卖盘
14:07:27	41.1	--	6	24660	买盘
14:07:15	41.1	--	152	624720	买盘
14:07:12	41.1	-0.02	267	1097370	卖盘
14:07:00	41.12	--	16	65792	买盘
14:06:57	41.12	0.01	15	61679	买盘
14:06:54	41.11	-0.01	2	8222	卖盘
14:06:51	41.12	--	11	45232	买盘
14:06:48	41.12	--	2	8224	买盘
14:06:36	41.12	0.01	3	12336	买盘
14:06:30	41.11	--	15	64131	卖盘
14:06:21	41.11	--	37	152107	买盘
14:06:18	41.11	--	18	73998	买盘
14:06:15	41.11	--	20	82220	买盘
14:06:12	41.11	--	2	8222	买盘
14:06:09	41.11	--	15	61665	买盘
14:06:06	41.11	--	2	8222	买盘
14:06:03	41.11	--	1	4111	买盘
14:05:57	41.11	--	113	464543	买盘
14:05:51	41.11	0.01	15	61665	买盘
14:05:45	41.1	--	6	24660	卖盘
14:05:42	41.1	--	98	403191	买盘
14:05:39	41.1	--	2	8220	买盘
14:05:30	41.1	--	14	57540	买盘
14:05:24	41.1	--	25	102750	卖盘
14:05:21	41.1	-0.01	11	45210	卖盘
14:05:18	41.11	0.01	1	4111	买盘
14:05:15	41.1	--	4	16440	卖盘
14:05:09	41.1	-0.01	2	8220	卖盘
14:04:51	41.11	--	12	49332	买盘
14:04:48	41.11	--	18	73998	卖盘
14:04:42	41.11	-0.01	5	20555	卖盘
14:04:36	41.12	--	5	20560	买盘
14:04:27	41.12	--	8	32896	买盘
14:04:21	41.12	-0.05	41	168592	卖盘
14:04:09	41.17	-0.02	16	65872	卖盘
14:04:06	41.19	-0.01	1	4119	卖盘
14:04:00	41.2	--	5	20600	买盘
14:03:51	41.2	--	12	49440	买盘
14:03:48	41.2	--	3	12360	买盘
14:03:45	41.2	-0.03	7	30488	卖盘
14:03:39	41.23	0.03	3	13193	买盘
14:03:30	41.2	-0.03	3	12360	卖盘
14:03:27	41.23	0.03	4	16492	买盘
14:03:24	41.2	--	17	70040	卖盘
14:03:12	41.2	-0.03	2	8240	卖盘
14:03:09	41.23	0.03	7	28860	买盘
14:02:54	41.2	-0.03	7	30900	卖盘
14:02:51	41.23	0.03	55	226764	买盘
14:02:48	41.2	--	5	20600	卖盘
14:02:42	41.2	-0.03	10	41200	卖盘
14:02:33	41.23	0.03	1	4123	买盘
14:02:27	41.2	-0.03	52	214240	卖盘
14:02:24	41.23	-0.02	5	20615	卖盘
14:02:18	41.25	0.02	5	20625	买盘
14:02:12	41.23	0.02	8	32984	卖盘
14:02:03	41.21	-0.04	5	20605	卖盘
14:02:00	41.25	--	26	107250	买盘
14:01:51	41.25	0.03	10	41250	买盘
14:01:48	41.22	-0.03	50	206100	卖盘
14:01:36	41.25	0.02	24	99000	买盘
14:01:33	41.23	-0.02	1	4123	中性盘
14:01:18	41.25	--	1	4125	买盘
14:01:12	41.25	0.03	5	20625	买盘
14:01:06	41.22	-0.03	13	53586	卖盘
14:00:57	41.25	0.03	8	33000	买盘
14:00:54	41.22	-0.06	15	61830	卖盘
14:00:51	41.28	0.03	15	61920	买盘
14:00:48	41.25	0.03	11	45375	中性盘
14:00:39	41.22	-0.03	15	61830	卖盘
14:00:36	41.25	-0.03	15	61875	卖盘
14:00:33	41.28	0.06	1	4128	卖盘
14:00:24	41.22	-0.01	15	61830	卖盘
14:00:18	41.23	-0.06	21	86583	卖盘
14:00:03	41.29	0.06	3	12387	买盘
14:00:00	41.23	-0.06	1	4123	中性盘
13:59:51	41.29	--	28	115612	买盘
13:59:45	41.29	0.01	100	412900	买盘
13:59:33	41.28	--	12	49536	买盘
13:59:30	41.28	--	15	61920	买盘
13:59:27	41.28	--	2	8256	买盘
13:59:21	41.28	--	10	41280	卖盘
13:59:15	41.28	--	20	82560	买盘
13:59:09	41.28	--	20	82560	买盘
13:59:03	41.28	--	19	78432	买盘
13:59:00	41.28	0.06	31	127968	买盘
13:58:57	41.22	-0.03	23	94806	卖盘
13:58:54	41.25	-0.01	12	49500	卖盘
13:58:51	41.26	0.01	10	41260	买盘
13:58:42	41.25	--	4	16500	卖盘
13:58:36	41.25	0.01	15	61875	买盘
13:58:33	41.24	0.02	19	78356	中性盘
13:58:18	41.22	--	2	8244	卖盘
13:58:15	41.22	-0.03	81	337179	卖盘
13:58:09	41.25	0.03	20	82500	买盘
13:58:06	41.22	0.01	7	28854	中性盘
13:57:51	41.21	-0.01	120	494520	卖盘
13:57:39	41.22	--	2	8656	卖盘
13:57:30	41.22	-0.03	2	8244	卖盘
13:57:27	41.25	--	5	20625	买盘
13:57:09	41.25	0.04	2	8250	买盘
13:57:03	41.21	-0.04	1	4121	中性盘
13:56:51	41.25	0.05	10	41250	买盘
13:56:42	41.2	--	10	41200	卖盘
13:56:39	41.2	--	35	144612	买盘
13:56:27	41.2	0.02	4	16480	买盘
13:56:06	41.18	-0.02	13	53534	卖盘
13:56:03	41.2	0.02	2	8240	买盘
13:55:57	41.18	-0.02	1	4118	卖盘
13:55:48	41.2	--	42	173040	买盘
13:55:45	41.2	--	2	8240	买盘
13:55:33	41.2	-0.02	105	436308	卖盘
13:55:30	41.22	-0.03	3	12366	卖盘
13:55:24	41.25	0.03	12	49500	买盘
13:55:21	41.22	--	20	82440	卖盘
13:55:18	41.22	--	2	8244	卖盘
13:55:06	41.22	--	13	53586	卖盘
13:55:03	41.22	-0.03	2	8244	中性盘
13:55:00	41.25	0.03	41	169125	买盘
13:54:42	41.22	--	2	9068	卖盘
13:54:33	41.22	--	4	16488	卖盘
13:54:27	41.22	-0.05	9	37098	卖盘
13:54:21	41.27	--	2	8254	买盘
13:54:18	41.27	0.05	12	49524	买盘
13:54:12	41.22	-0.03	113	465786	卖盘
13:54:09	41.25	0.03	41	169125	买盘
13:54:06	41.22	-0.01	10	41220	卖盘
13:54:03	41.23	-0.02	3	12368	卖盘
13:54:00	41.25	--	42	173250	买盘
13:53:57	41.25	0.03	49	205837	买盘
13:53:54	41.22	--	1	4122	卖盘
13:53:51	41.22	--	11	45342	卖盘
13:53:48	41.22	--	5	20610	卖盘
13:53:45	41.22	0.01	14	61417	买盘
13:53:39	41.21	--	8	32968	卖盘
13:53:36	41.21	0.01	1	4121	中性盘
13:53:24	41.2	-0.03	16	65920	卖盘
13:53:12	41.23	--	9	37107	买盘
13:53:09	41.23	--	1	4123	买盘
13:53:03	41.23	-0.01	4	16492	卖盘
13:53:00	41.24	0.01	42	173208	买盘
13:52:57	41.23	--	27	111320	卖盘
13:52:54	41.23	0.03	17	70091	买盘
13:52:51	41.2	-0.02	5	20600	卖盘
13:52:48	41.22	--	24	98928	卖盘
13:52:45	41.22	-0.01	4	16488	卖盘
13:52:42	41.23	--	1	4123	买盘
13:52:36	41.23	-0.01	1	4123	卖盘
13:52:30	41.24	-0.01	2	8248	中性盘
13:52:24	41.25	--	5	20625	买盘
13:52:21	41.25	--	4	16500	买盘
13:52:18	41.25	0.03	6	24750	买盘
13:52:15	41.22	-0.03	4	16488	卖盘
13:52:12	41.25	--	9	37125	买盘
13:52:09	41.25	-0.03	25	103125	买盘
13:52:00	41.28	0.03	42	173376	买盘
13:51:57	41.25	--	2	8250	卖盘
13:51:54	41.25	--	10	41250	卖盘
13:51:51	41.25	-0.03	5	20625	卖盘
13:51:45	41.28	--	18	74304	买盘
13:51:42	41.28	--	15	61920	买盘
13:51:24	41.28	--	5	24355	卖盘
13:51:21	41.28	--	10	41280	卖盘
13:51:18	41.28	--	3	12384	卖盘
13:51:15	41.28	--	12	49536	卖盘
13:51:12	41.28	--	1	4128	卖盘
13:51:06	41.28	--	1	4128	卖盘
13:51:03	41.28	-0.03	5	20640	卖盘
13:51:00	41.31	0.02	72	297432	买盘
13:50:57	41.29	--	7	28903	买盘
13:50:54	41.29	-0.01	2	8258	中性盘
13:50:48	41.3	--	5	20650	买盘
13:50:45	41.3	--	2	8260	买盘
13:50:42	41.3	--	14	57819	买盘
13:50:39	41.3	--	10	41300	买盘
13:50:36	41.3	--	2	8260	买盘
13:50:33	41.3	--	3	12390	买盘
13:50:30	41.3	-0.01	5	20650	卖盘
13:50:27	41.31	0.03	25	103275	买盘
13:50:24	41.28	-0.03	1	4128	卖盘
13:50:18	41.31	0.01	13	54116	买盘
13:50:15	41.3	--	2	11977	买盘
13:50:12	41.3	-0.01	12	49973	卖盘
13:50:03	41.31	0.01	36	152433	买盘
13:50:00	41.3	--	47	194110	买盘
13:49:57	41.3	0.01	17	70210	买盘
13:49:54	41.29	0.01	64	264256	买盘
13:49:48	41.28	--	4	16924	卖盘
13:49:42	41.28	--	9	37152	卖盘
13:49:39	41.28	0.04	135	557280	买盘
13:49:33	41.24	0.03	3	12372	中性盘
13:49:30	41.21	-0.04	10	41210	卖盘
13:49:27	41.25	--	31	127875	买盘
13:49:24	41.25	0.01	8	36712	买盘
13:49:18	41.24	-0.01	0	412	卖盘
13:49:15	41.25	0.01	10	41250	买盘
13:49:12	41.24	0.01	8	36703	买盘
13:49:09	41.23	--	23	94829	卖盘
13:49:03	41.23	--	1	4123	卖盘
13:49:00	41.23	0.02	20	82460	买盘
13:48:57	41.21	0.01	1	4121	买盘
13:48:48	41.2	--	15	61800	卖盘
13:48:45	41.2	0.01	144	593692	买盘
13:48:39	41.19	--	1	4119	买盘
13:48:36	41.19	0.01	13	53547	买盘
13:48:30	41.18	0.01	43	180615	买盘
13:48:27	41.17	--	5	20585	买盘
13:48:21	41.17	--	0	1852	卖盘
13:48:09	41.17	--	16	65872	卖盘
13:48:06	41.17	--	1	4117	卖盘
13:48:00	41.17	0.02	24	101072	买盘
13:47:57	41.15	--	56	230851	买盘
13:47:51	41.15	--	2	8230	买盘
13:47:48	41.15	--	1	4115	买盘
13:47:45	41.15	--	14	57610	买盘
13:47:42	41.15	--	49	201635	买盘
13:47:33	41.15	--	38	160073	卖盘
13:47:24	41.15	0.01	81	333726	买盘
13:47:21	41.14	-0.01	1	4114	卖盘
13:47:18	41.15	--	10	41150	买盘
13:47:00	41.15	0.03	41	168715	买盘
13:46:57	41.12	--	5	20560	卖盘
13:46:45	41.12	-0.02	10	41120	卖盘
13:46:39	41.14	--	23	94622	卖盘
13:46:33	41.14	-0.01	4	16456	卖盘
13:46:30	41.15	--	2	8230	买盘
13:46:21	41.15	-0.01	0	3703	卖盘
13:46:18	41.16	0.01	1	4116	买盘
13:46:15	41.15	-0.01	19	78185	卖盘
13:46:12	41.16	0.01	17	69972	买盘
13:46:00	41.15	0.01	22	90941	买盘
13:45:48	41.14	--	13	53482	买盘
13:45:33	41.14	--	1	4114	买盘
13:45:30	41.14	-0.01	29	119306	卖盘
13:45:27	41.15	0.01	4	16460	买盘
13:45:24	41.14	--	2	8228	中性盘
13:45:15	41.14	--	12	49368	买盘
13:45:03	41.14	--	17	69938	买盘
13:45:00	41.14	--	47	193358	买盘
13:44:54	41.14	--	2	8228	买盘
13:44:51	41.14	0.04	10	41140	买盘
13:44:36	41.1	0.01	10	41100	中性盘
13:44:15	41.09	-0.06	1	4109	中性盘
13:44:00	41.15	0.06	42	172830	买盘
13:43:57	41.09	--	4	16436	买盘
13:43:54	41.09	--	1	4109	买盘
13:43:51	41.09	--	17	73551	卖盘
13:43:24	41.09	--	40	164770	买盘
13:43:21	41.09	--	5	20545	买盘
13:43:18	41.09	--	14	57526	买盘
13:43:09	41.09	--	2	8218	买盘
13:43:00	41.09	0.01	44	180796	买盘
13:42:57	41.08	-0.01	4	16432	中性盘
13:42:48	41.09	--	52	213668	买盘
13:42:30	41.09	-0.06	194	800844	卖盘
13:42:27	41.15	-0.01	3	12345	中性盘
13:42:21	41.16	0.01	8	32928	买盘
13:42:18	41.15	-0.01	6	24690	卖盘
13:42:15	41.16	0.01	11	45275	买盘
13:42:12	41.15	--	26	106990	卖盘
13:42:03	41.15	--	9	37035	买盘
13:42:00	41.15	--	45	185175	买盘
13:41:51	41.15	--	2	8230	买盘
13:41:21	41.15	0.02	33	135795	买盘
13:41:18	41.13	--	3	12339	买盘
13:41:12	41.13	-0.02	1	4113	中性盘
13:41:00	41.15	0.02	42	172830	买盘
13:40:54	41.13	0.02	19	78147	买盘
13:40:51	41.11	--	4	16444	卖盘
13:40:45	41.11	0.01	83	341624	买盘
13:40:42	41.1	-0.01	6	24660	卖盘
13:40:39	41.11	--	11	45221	买盘
13:40:36	41.11	0.01	24	98664	买盘
13:40:30	41.1	--	2	8220	卖盘
13:40:21	41.1	--	11	48498	买盘
13:40:15	41.1	--	4	16440	买盘
13:40:12	41.1	--	1	4110	买盘
13:40:06	41.1	--	10	41100	买盘
13:40:00	41.1	--	42	172620	买盘
13:39:54	41.1	0.01	6	24660	买盘
13:39:39	41.09	--	1	4109	买盘
13:39:33	41.09	0.01	4	16436	中性盘
13:39:21	41.08	0.01	1	4108	中性盘
13:39:12	41.07	-0.03	5	20535	买盘
13:39:00	41.1	0.07	42	172620	买盘
13:38:57	41.03	-0.05	10	41030	卖盘
13:38:51	41.08	-0.02	14	57512	卖盘
13:38:48	41.1	--	30	123300	买盘
13:38:36	41.1	--	2	8220	买盘
13:38:30	41.1	--	5	20550	买盘
13:38:27	41.1	-0.01	1	4932	卖盘
13:38:21	41.11	0.01	3	12333	买盘
13:38:15	41.1	--	3	12330	卖盘
13:38:09	41.1	--	8	36168	卖盘
13:38:00	41.1	0.02	29	119190	买盘
13:37:36	41.08	0.05	13	53404	买盘
13:37:33	41.03	--	3	12309	买盘
13:37:30	41.03	-0.06	3	12309	卖盘
13:37:18	41.09	0.07	7	28763	买盘
13:37:12	41.02	--	7	29534	买盘
13:37:09	41.02	--	28	118137	卖盘
13:37:06	41.02	-0.07	5	20510	卖盘
13:37:00	41.09	0.07	42	172578	买盘
13:36:57	41.02	--	2	8204	卖盘
13:36:45	41.02	--	5	20510	卖盘
13:36:27	41.02	--	4	16408	卖盘
13:36:24	41.02	--	10	41020	卖盘
13:36:21	41.02	-0.03	1	4102	卖盘
13:36:15	41.05	--	10	41050	买盘
13:36:12	41.05	-0.04	1	4105	卖盘
13:36:00	41.09	-0.01	42	172578	买盘
13:35:39	41.1	0.01	26	106860	买盘
13:35:36	41.09	--	12	49308	卖盘
13:35:33	41.09	--	10	41090	卖盘
13:35:30	41.09	-0.01	5	20545	卖盘
13:35:21	41.1	0.01	2	8220	买盘
13:35:09	41.09	--	1	4109	卖盘
13:35:00	41.09	0.07	18	73962	买盘
13:34:42	41.02	-0.02	30	123060	卖盘
13:34:39	41.04	--	2	8208	买盘
13:34:36	41.04	--	1	4104	买盘
13:34:18	41.04	--	3	12312	买盘
13:34:06	41.04	-0.05	9	36936	卖盘
13:34:03	41.09	-0.01	14	57526	卖盘
13:34:00	41.1	0.06	41	168510	买盘
13:33:54	41.04	-0.05	2	8208	卖盘
13:33:42	41.09	-0.02	1	4109	中性盘
13:33:00	41.11	0.09	42	172662	买盘
13:32:57	41.02	-0.08	11	45122	卖盘
13:32:39	41.1	0.08	2	8220	买盘
13:32:33	41.02	--	7	28714	卖盘
13:32:09	41.02	-0.09	3	13126	买盘
13:32:00	41.11	0.1	42	172662	买盘
13:31:57	41.01	-0.01	1	4101	卖盘
13:31:45	41.02	-0.01	2	8204	卖盘
13:31:42	41.03	--	2	8206	买盘
13:31:39	41.03	--	2	8206	买盘
13:31:27	41.03	--	1	4103	买盘
13:31:24	41.03	-0.07	12	49236	买盘
13:31:21	41.1	0.07	11	45210	买盘
13:31:15	41.03	-0.07	21	86163	卖盘
13:31:12	41.1	0.01	1	4110	买盘
13:31:09	41.09	0.06	6	24654	买盘
13:31:03	41.03	-0.07	5	20515	卖盘
13:31:00	41.1	0.01	42	172620	买盘
13:30:51	41.09	--	5	20545	买盘
13:30:30	41.09	0.09	4	16436	买盘
13:30:18	41.0	--	11	45100	卖盘
13:30:00	41.0	-0.09	140	574000	卖盘
13:29:57	41.09	0.09	74	304476	买盘
13:29:48	41.0	0.01	4	18040	卖盘
13:29:45	40.99	-0.04	70	286930	卖盘
13:29:36	41.03	--	7	28721	买盘
13:29:30	41.03	0.03	50	205150	买盘
13:29:15	41.0	--	8	32800	卖盘
13:29:09	41.0	--	46	188600	买盘
13:29:06	41.0	0.01	5	20500	中性盘
13:28:48	40.99	0.03	21	86079	买盘
13:28:45	40.96	--	1	4096	买盘
13:28:42	40.96	0.01	7	28672	中性盘
13:28:24	40.95	-0.03	3	12285	中性盘
13:28:15	40.98	-0.01	2	8196	卖盘
13:28:03	40.99	--	10	40990	买盘
13:28:00	40.99	0.06	1	4099	买盘
13:27:57	40.93	-0.03	51	208743	卖盘
13:27:51	40.96	-0.03	6	24576	卖盘
13:27:48	40.99	--	8	32792	卖盘
13:27:42	40.99	--	11	45089	买盘
13:27:36	40.99	-0.01	30	122970	卖盘
13:27:33	41.0	0.01	2	8200	买盘
13:27:30	40.99	-0.01	3	12297	卖盘
13:27:27	41.0	--	1	4100	买盘
13:27:21	41.0	-0.01	36	151290	卖盘
13:27:15	41.01	-0.01	2	8202	卖盘
13:27:12	41.02	--	3	12716	买盘
13:27:09	41.02	--	27	110754	卖盘
13:26:57	41.02	--	50	205100	卖盘
13:26:51	41.02	--	14	57428	卖盘
13:26:45	41.02	0.02	9	36918	买盘
13:26:24	41.0	-0.02	48	196800	卖盘
13:26:12	41.02	--	1	4102	买盘
13:26:09	41.02	-0.01	19	77938	卖盘
13:25:57	41.03	-0.01	5	20515	卖盘
13:25:54	41.04	0.01	5	20520	买盘
13:25:48	41.03	-0.01	6	24618	卖盘
13:25:33	41.04	-0.01	2	8208	卖盘
13:25:30	41.05	0.01	5	20525	买盘
13:25:09	41.04	0.01	3	12312	买盘
13:25:00	41.03	-0.02	5	20515	卖盘
13:24:48	41.05	0.03	13	53364	买盘
13:24:45	41.02	-0.03	3	12306	卖盘
13:24:24	41.05	0.03	10	41050	买盘
13:24:12	41.02	-0.03	5	20510	卖盘
13:24:03	41.05	--	2	8210	买盘
13:24:00	41.05	--	63	258614	卖盘
13:23:45	41.05	--	13	53364	卖盘
13:23:39	41.05	--	39	160095	买盘
13:23:36	41.05	0.03	3	12315	买盘
13:23:33	41.02	-0.03	10	41020	卖盘
13:23:30	41.05	-0.04	16	65680	卖盘
13:23:27	41.09	0.04	4	16436	买盘
13:23:15	41.05	--	1	4105	卖盘
13:23:12	41.05	--	2	8210	卖盘
13:23:09	41.05	-0.02	3	12315	卖盘
13:23:06	41.07	0.02	2	8214	中性盘
13:23:00	41.05	--	8	32840	卖盘
13:22:57	41.05	0.04	73	299665	买盘
13:22:33	41.01	-0.04	10	41010	卖盘
13:22:27	41.05	--	1	4105	买盘
13:22:24	41.05	--	5	20525	买盘
13:22:18	41.05	--	3	12315	买盘
13:22:00	41.05	--	1	4105	买盘
13:21:51	41.05	-0.04	30	123149	卖盘
13:21:42	41.09	0.04	29	119161	买盘
13:21:39	41.05	--	1	4105	卖盘
13:21:21	41.05	--	5	20525	卖盘
13:21:18	41.05	--	6	24630	卖盘
13:21:09	41.05	-0.01	4	16420	卖盘
13:21:06	41.06	0.01	10	41060	买盘
13:21:03	41.05	-0.01	2	8210	卖盘
13:21:00	41.06	--	10	41060	买盘
13:20:57	41.06	--	5	20530	买盘
13:20:45	41.06	0.01	3	12318	买盘
13:20:39	41.05	-0.01	1	4105	卖盘
13:20:27	41.06	--	1	4106	买盘
13:20:24	41.06	-0.02	5	20530	卖盘
13:20:06	41.08	--	9	36972	买盘
13:20:00	41.08	--	3	12324	卖盘
13:19:57	41.08	-0.01	3	12324	卖盘
13:19:54	41.09	--	11	45199	买盘
13:19:51	41.09	0.01	1	4109	买盘
13:19:45	41.08	-0.01	12	49296	卖盘
13:19:33	41.09	--	13	53417	买盘
13:19:18	41.09	--	9	36981	买盘
13:19:09	41.09	-0.01	5	20545	卖盘
13:19:03	41.1	--	1	4110	买盘
13:18:57	41.1	0.01	5	20550	买盘
13:18:48	41.09	-0.01	6	24654	中性盘
13:18:21	41.1	--	3	12330	卖盘
13:18:12	41.1	--	2	8220	卖盘
13:18:00	41.1	--	5	20550	买盘
13:17:54	41.1	--	2	8220	卖盘
13:17:48	41.1	--	2	8220	卖盘
13:17:42	41.1	--	3	12330	卖盘
13:17:36	41.1	0.02	1	4110	买盘
13:17:27	41.08	-0.03	4	16432	卖盘
13:17:18	41.11	--	17	69887	买盘
13:17:15	41.11	0.03	5	20555	买盘
13:17:12	41.08	--	14	57512	卖盘
13:17:09	41.08	-0.02	3	12324	卖盘
13:17:03	41.1	-0.01	4	16440	卖盘
13:17:00	41.11	--	5	20555	买盘
13:16:57	41.11	--	39	160740	卖盘
13:16:51	41.11	-0.01	9	36999	卖盘
13:16:39	41.12	--	1	4112	卖盘
13:16:27	41.12	--	1	4112	中性盘
13:16:15	41.12	--	4	16448	卖盘
13:16:12	41.12	-0.01	2	8224	卖盘
13:16:09	41.13	--	1	4113	中性盘
13:16:06	41.13	-0.01	4	16452	卖盘
13:16:00	41.14	-0.01	88	362032	卖盘
13:15:48	41.15	--	9	37035	买盘
13:15:39	41.15	--	20	82300	买盘
13:15:33	41.15	0.01	1	4115	买盘
13:15:30	41.14	--	1	4114	卖盘
13:15:27	41.14	--	12	49368	卖盘
13:15:18	41.14	-0.01	1	4114	卖盘
13:15:15	41.15	0.01	11	45265	买盘
13:15:12	41.14	-0.01	2	8228	卖盘
13:15:09	41.15	--	3	12345	买盘
13:14:57	41.15	--	10	41150	买盘
13:14:54	41.15	0.01	2	8230	买盘
13:14:42	41.14	0.01	9	37026	买盘
13:14:33	41.13	0.02	6	24678	买盘
13:14:15	41.11	--	0	3699	买盘
13:14:12	41.11	--	12	49332	买盘
13:14:09	41.11	--	5	20555	买盘
13:14:06	41.11	0.01	5	20555	买盘
13:14:03	41.1	-0.01	4	16440	卖盘
13:14:00	41.11	--	2	8222	买盘
13:13:51	41.11	--	1	4111	买盘
13:13:48	41.11	--	3	12333	买盘
13:13:36	41.11	--	5	20555	买盘
13:13:33	41.11	--	2	8222	买盘
13:13:30	41.11	--	1	4111	买盘
13:13:27	41.11	--	1	4111	买盘
13:13:24	41.11	0.01	57	234327	买盘
13:13:18	41.1	-0.01	2	8220	卖盘
13:13:12	41.11	--	20	82220	买盘
13:13:09	41.11	--	5	20555	买盘
13:13:06	41.11	0.01	5	20555	买盘
13:13:03	41.1	-0.01	5	20550	卖盘
13:13:00	41.11	--	8	32888	买盘
13:12:57	41.11	--	1	4111	买盘
13:12:54	41.11	-0.04	101	415622	卖盘
13:12:42	41.15	--	22	90530	买盘
13:12:39	41.15	0.04	16	65840	买盘
13:12:36	41.11	-0.04	1	4111	卖盘
13:12:33	41.15	0.04	31	127565	买盘
13:12:27	41.11	--	12	49332	卖盘
13:12:18	41.11	--	6	24666	卖盘
13:12:09	41.11	-0.04	12	49332	卖盘
13:12:06	41.15	0.02	7	28805	买盘
13:11:54	41.13	-0.02	2	8226	卖盘
13:11:51	41.15	0.02	8	32920	买盘
13:11:33	41.13	-0.02	2	8226	卖盘
13:11:21	41.15	--	4	16460	买盘
13:11:15	41.15	-0.01	2	8230	卖盘
13:11:12	41.16	0.01	6	24695	买盘
13:11:09	41.15	--	5	20575	卖盘
13:11:03	41.15	--	1	4115	卖盘
13:10:57	41.15	--	2	8230	卖盘
13:10:48	41.15	-0.01	12	49380	卖盘
13:10:42	41.16	--	1	4116	买盘
13:10:39	41.16	--	41	168756	卖盘
13:10:36	41.16	--	5	20580	卖盘
13:10:27	41.16	--	1	4116	卖盘
13:10:15	41.16	--	5	20580	卖盘
13:10:00	41.16	-0.01	2	8232	卖盘
13:09:48	41.17	0.01	1	4117	买盘
13:09:30	41.16	-0.01	1	4116	卖盘
13:09:09	41.17	0.01	27	111159	买盘
13:09:03	41.16	-0.01	7	28811	卖盘
13:08:57	41.17	0.01	2	8234	买盘
13:08:45	41.16	--	11	45275	卖盘
13:08:42	41.16	--	6	25107	卖盘
13:08:39	41.16	--	12	53096	卖盘
13:08:36	41.16	0.01	72	296352	买盘
13:08:24	41.15	--	5	20575	卖盘
13:08:21	41.15	--	9	37035	卖盘
13:08:06	41.15	-0.01	1	4115	卖盘
13:07:54	41.16	--	3	12347	买盘
13:07:39	41.16	--	2	8232	卖盘
13:07:36	41.16	--	7	28811	卖盘
13:07:33	41.16	--	1	4116	买盘
13:07:30	41.16	--	15	61739	卖盘
13:07:24	41.16	--	10	41160	卖盘
13:07:18	41.16	--	10	41160	卖盘
13:07:12	41.16	--	1	4116	卖盘
13:07:09	41.16	--	10	41160	卖盘
13:07:00	41.16	--	1	4116	卖盘
13:06:57	41.16	-0.01	3	12347	卖盘
13:06:51	41.17	--	1	4117	买盘
13:06:45	41.17	0.01	1	4117	买盘
13:06:33	41.16	--	2	8232	买盘
13:06:30	41.16	0.01	2	8232	买盘
13:06:27	41.15	--	10	41150	卖盘
13:06:12	41.15	--	11	45265	买盘
13:06:06	41.15	--	9	37035	买盘
13:06:03	41.15	--	3	12345	买盘
13:05:48	41.15	--	3	12345	买盘
13:05:45	41.15	0.03	3	12345	买盘
13:05:33	41.12	--	3	12336	买盘
13:05:30	41.12	0.01	2	8224	买盘
13:05:21	41.11	--	3	12333	卖盘
13:05:15	41.11	0.01	84	349023	买盘
13:04:42	41.1	--	8	32880	买盘
13:04:39	41.1	0.04	1	4110	买盘
13:04:36	41.06	-0.04	1	4106	卖盘
13:04:27	41.1	0.04	21	86310	买盘
13:03:48	41.06	-0.04	7	28742	卖盘
13:03:45	41.1	--	26	106860	买盘
13:03:18	41.1	--	3	12330	买盘
13:03:09	41.1	--	31	127410	买盘
13:02:42	41.1	--	1	4110	买盘
13:02:33	41.1	--	26	106860	买盘
13:02:21	41.1	--	12	49320	买盘
13:02:03	41.1	0.07	21	86310	买盘
13:01:45	41.03	-0.07	1	4103	卖盘
13:01:21	41.1	--	21	86310	买盘
13:01:09	41.1	0.07	5	20550	买盘
13:00:51	41.03	0.01	2	8206	买盘
13:00:39	41.02	0.02	2	8204	买盘
13:00:33	41.0	--	3	12300	卖盘
13:00:24	41.0	0.01	0	2870	买盘
13:00:15	40.99	-0.01	16	65584	中性盘
13:00:09	41.0	--	67	274700	买盘
13:00:06	41.0	0.01	117	479700	买盘
13:00:03	40.99	--	0	0	买盘
11:30:03	40.99	--	2	8198	买盘
11:29:48	40.99	--	1	4099	买盘
11:29:39	40.99	--	2	8198	买盘
11:29:36	40.99	-0.01	13	53287	卖盘
11:29:33	41.0	0.01	6	24600	买盘
11:29:24	40.99	-0.01	5	20495	中性盘
11:29:15	41.0	0.04	5	20500	买盘
11:29:12	40.96	-0.04	30	122880	卖盘
11:29:06	41.0	0.04	2	8200	买盘
11:28:45	40.96	-0.03	12	49152	卖盘
11:28:39	40.99	--	18	77061	买盘
11:28:33	40.99	0.03	10	40990	买盘
11:28:30	40.96	--	9	36864	中性盘
11:28:06	40.96	--	7	28672	买盘
11:27:51	40.96	--	1	4096	买盘
11:27:48	40.96	-0.03	2	8192	卖盘
11:27:27	40.99	--	4	16396	卖盘
11:27:15	40.99	--	5	20495	卖盘
11:27:12	40.99	-0.01	6	24594	卖盘
11:27:09	41.0	--	2	8200	买盘
11:27:03	41.0	--	2	8200	买盘
11:27:00	41.0	--	10	41000	买盘
11:26:57	41.0	0.01	5	20500	买盘
11:26:48	40.99	--	1	4099	卖盘
11:26:42	40.99	-0.01	1	4099	卖盘
11:26:36	41.0	--	74	303400	买盘
11:26:27	41.0	--	22	90200	买盘
11:26:12	41.0	--	5	20500	买盘
11:26:09	41.0	0.04	1	4100	买盘
11:25:54	40.96	0.01	1	4096	买盘
11:25:39	40.95	--	6	26208	买盘
11:25:30	40.95	0.04	5	20475	买盘
11:25:27	40.91	-0.04	2	8181	卖盘
11:25:18	40.95	0.04	10	40950	买盘
11:25:15	40.91	-0.01	1	4090	卖盘
11:25:12	40.92	-0.03	2	8184	卖盘
11:25:09	40.95	0.04	10	40950	买盘
11:24:57	40.91	--	13	53182	中性盘
11:24:54	40.91	--	3	12272	买盘
11:24:51	40.91	0.01	2	8181	买盘
11:24:45	40.9	-0.01	13	53170	卖盘
11:24:42	40.91	--	1	4090	买盘
11:24:39	40.91	--	9	36819	买盘
11:24:36	40.91	--	4	16363	买盘
11:24:33	40.91	0.01	1	4090	买盘
11:24:27	40.9	-0.01	10	40900	卖盘
11:24:24	40.91	0.01	5	20455	买盘
11:24:21	40.9	--	3	14724	买盘
11:24:18	40.9	--	3	12270	买盘
11:24:15	40.9	--	23	94070	买盘
11:24:12	40.9	--	1	4090	买盘
11:24:09	40.9	-0.01	29	120246	卖盘
11:24:06	40.91	--	1	6545	卖盘
11:24:03	40.91	-0.04	1	4090	卖盘
11:24:00	40.95	0.04	5	20475	买盘
11:23:51	40.91	0.01	1	4090	卖盘
11:23:48	40.9	-0.05	50	204500	卖盘
11:23:45	40.95	0.04	15	61425	买盘
11:23:36	40.91	--	31	126820	买盘
11:23:27	40.91	--	1	4090	买盘
11:23:24	40.91	--	42	171822	买盘
11:23:18	40.91	--	2	8181	买盘
11:23:15	40.91	--	18	73638	买盘
11:23:12	40.91	-0.02	26	106365	卖盘
11:23:03	40.93	-0.02	3	12279	中性盘
11:22:57	40.95	--	11	45045	买盘
11:22:54	40.95	0.02	5	20475	买盘
11:22:51	40.93	--	58	237394	卖盘
11:22:42	40.93	0.03	4	16372	中性盘
11:22:39	40.9	-0.05	63	258079	卖盘
11:22:33	40.95	0.02	1	4095	买盘
11:22:30	40.93	--	82	335626	买盘
11:22:27	40.93	--	1	4093	买盘
11:22:24	40.93	--	11	45023	卖盘
11:22:18	40.93	-0.01	1	4093	卖盘
11:22:15	40.94	--	15	61410	买盘
11:22:12	40.94	0.04	29	118726	买盘
11:22:09	40.9	--	3	12270	卖盘
11:22:03	40.9	--	4	16360	卖盘
11:21:57	40.9	--	53	216770	买盘
11:21:54	40.9	0.03	23	94070	买盘
11:21:51	40.87	-0.03	83	342899	卖盘
11:21:48	40.9	--	10	40900	买盘
11:21:45	40.9	--	101	413090	卖盘
11:21:42	40.9	-0.04	6	24540	卖盘
11:21:36	40.94	--	1	4094	卖盘
11:21:33	40.94	--	4	16376	买盘
11:21:30	40.94	0.04	43	176042	买盘
11:21:27	40.9	--	6	24540	卖盘
11:21:12	40.9	--	12	49080	卖盘
11:21:09	40.9	-0.05	94	388141	卖盘
11:21:03	40.95	0.04	8	32760	买盘
11:21:00	40.91	-0.04	50	204549	卖盘
11:20:54	40.95	-0.02	23	94185	卖盘
11:20:45	40.97	-0.01	1	4097	卖盘
11:20:42	40.98	--	7	28685	买盘
11:20:39	40.98	--	1	4098	买盘
11:20:33	40.98	-0.03	319	1307671	卖盘
11:20:30	41.01	-0.02	7	29117	卖盘
11:20:12	41.03	0.01	35	143605	买盘
11:20:09	41.02	-0.01	10	43481	卖盘
11:20:03	41.03	0.01	4	16412	中性盘
11:19:36	41.02	-0.02	85	348670	卖盘
11:19:27	41.04	0.01	5	20520	卖盘
11:19:24	41.03	--	4	16412	买盘
11:19:21	41.03	--	17	69751	卖盘
11:19:15	41.03	--	1	4103	卖盘
11:19:06	41.03	--	2	8206	卖盘
11:18:54	41.03	--	6	24618	卖盘
11:18:51	41.03	0.01	10	41030	中性盘
11:18:30	41.02	--	9	36918	卖盘
11:18:18	41.02	-0.06	100	410200	卖盘
11:18:15	41.08	-0.02	2	8216	卖盘
11:18:12	41.1	0.02	4	16440	买盘
11:18:00	41.08	--	1	4518	卖盘
11:17:39	41.08	-0.02	7	28756	卖盘
11:17:36	41.1	--	16	65760	买盘
11:17:27	41.1	--	25	102750	买盘
11:17:21	41.1	0.03	5	20550	买盘
11:16:57	41.07	--	2	8214	卖盘
11:16:54	41.07	-0.01	1	4107	卖盘
11:16:48	41.08	0.01	2	8216	买盘
11:16:45	41.07	--	13	54623	卖盘
11:16:42	41.07	--	17	69819	买盘
11:16:39	41.07	--	1	4107	买盘
11:16:36	41.07	--	4	16428	买盘
11:16:30	41.07	--	14	57498	卖盘
11:16:18	41.07	--	6	24642	卖盘
11:16:15	41.07	--	2	8214	卖盘
11:16:12	41.07	0.01	1	4107	买盘
11:15:57	41.06	0.01	1	4106	中性盘
11:15:42	41.05	--	18	73890	卖盘
11:15:24	41.05	--	2	8210	卖盘
11:15:15	41.05	--	1	4105	中性盘
11:15:09	41.05	--	2	8210	买盘
11:14:30	41.05	-0.02	2	8210	买盘
11:14:21	41.07	0.02	3	12321	买盘
11:14:18	41.05	--	2	8210	买盘
11:14:12	41.05	-0.02	9	36945	卖盘
11:14:03	41.07	--	6	24642	买盘
11:13:54	41.07	--	2	8214	买盘
11:13:42	41.07	--	6	24642	买盘
11:13:39	41.07	--	1	4107	买盘
11:13:33	41.07	-0.03	5	20535	卖盘
11:13:27	41.1	0.05	21	86310	买盘
11:13:12	41.05	-0.05	3	12315	卖盘
11:13:06	41.1	0.1	20	82200	买盘
11:12:57	41.0	-0.1	300	1230000	卖盘
11:12:36	41.1	0.05	25	102750	买盘
11:12:30	41.05	0.01	5	20525	买盘
11:12:27	41.04	--	1	4514	卖盘
11:12:21	41.04	--	5	20520	卖盘
11:12:18	41.04	--	9	36936	买盘
11:12:15	41.04	0.01	10	41040	买盘
11:12:03	41.03	-0.01	11	45133	卖盘
11:12:00	41.04	--	5	20520	买盘
11:11:57	41.04	--	20	82080	买盘
11:11:51	41.04	-0.01	10	41040	卖盘
11:11:48	41.05	--	1	4105	买盘
11:11:42	41.05	-0.01	43	176515	卖盘
11:11:39	41.06	-0.04	5	20530	卖盘
11:11:27	41.1	--	1	4110	买盘
11:11:12	41.1	--	10	41100	买盘
11:11:09	41.1	-0.01	17	69870	中性盘
11:11:03	41.11	--	2	8222	买盘
11:10:57	41.11	0.06	4	16444	买盘
11:10:45	41.05	--	2	8210	买盘
11:10:42	41.05	--	1	4105	买盘
11:10:15	41.05	-0.06	1	4105	卖盘
11:10:09	41.11	--	1	4111	买盘
11:09:57	41.11	0.04	6	24666	买盘
11:09:51	41.07	--	1	4107	买盘
11:09:45	41.07	--	1	4107	买盘
11:09:36	41.07	0.02	2	8214	买盘
11:09:21	41.05	0.05	4	16420	中性盘
11:09:06	41.0	--	3	12300	卖盘
11:09:00	41.0	-0.03	130	533000	卖盘
11:08:54	41.03	-0.01	3	12719	卖盘
11:08:45	41.04	-0.01	10	41040	中性盘
11:08:42	41.05	0.01	5	20525	买盘
11:08:39	41.04	-0.01	1	4104	卖盘
11:08:36	41.05	--	1	4105	买盘
11:08:33	41.05	--	2	8210	买盘
11:08:24	41.05	-0.05	11	45155	卖盘
11:08:18	41.1	0.05	4	16440	中性盘
11:08:09	41.05	-0.06	3	12315	卖盘
11:08:06	41.11	--	2	8222	买盘
11:07:36	41.11	0.03	65	267215	买盘
11:07:33	41.08	-0.03	1	4108	中性盘
11:07:27	41.11	0.03	1	4111	买盘
11:07:24	41.08	--	3	12324	卖盘
11:07:21	41.08	-0.03	5	20540	卖盘
11:07:09	41.11	--	48	197328	买盘
11:07:00	41.11	-0.01	74	304625	卖盘
11:06:57	41.12	--	20	82240	卖盘
11:06:54	41.12	--	7	30017	买盘
11:06:51	41.12	--	1	4112	买盘
11:06:48	41.12	--	10	41120	买盘
11:06:42	41.12	--	5	20560	买盘
11:06:39	41.12	--	1	4112	买盘
11:06:30	41.12	--	6	27961	卖盘
11:06:24	41.12	-0.06	2	9046	卖盘
11:06:21	41.18	--	7	28826	买盘
11:06:03	41.18	0.07	1	4118	买盘
11:05:54	41.11	-0.01	7	28777	卖盘
11:05:51	41.12	--	1	4112	卖盘
11:05:45	41.12	--	1	7812	卖盘
11:05:42	41.12	--	7	31662	卖盘
11:05:39	41.12	--	10	41120	卖盘
11:05:36	41.12	--	7	28784	买盘
11:05:30	41.12	0.01	3	12336	买盘
11:05:27	41.11	-0.01	6	24666	卖盘
11:05:24	41.12	--	1	4112	买盘
11:05:18	41.12	--	2	8224	买盘
11:05:15	41.12	--	9	37008	买盘
11:05:12	41.12	0.01	1	4112	买盘
11:05:09	41.11	-0.01	6	24666	卖盘
11:05:06	41.12	--	7	28784	买盘
11:05:03	41.12	--	20	82240	买盘
11:04:57	41.12	--	5	20560	买盘
11:04:51	41.12	--	8	32896	买盘
11:04:42	41.12	0.01	6	24672	中性盘
11:04:27	41.11	-0.01	20	82220	卖盘
11:04:24	41.12	--	14	57568	卖盘
11:04:15	41.12	-0.06	2	8224	卖盘
11:04:06	41.18	--	0	2841	卖盘
11:04:03	41.18	--	9	38297	卖盘
11:03:54	41.18	-0.01	20	82360	卖盘
11:03:51	41.19	0.01	1	4119	买盘
11:03:48	41.18	--	2	8236	卖盘
11:03:45	41.18	-0.01	5	20590	卖盘
11:03:33	41.19	-0.01	14	57666	卖盘
11:03:12	41.2	-0.02	9	37080	中性盘
11:03:09	41.22	--	11	45342	卖盘
11:03:00	41.22	--	6	24732	卖盘
11:02:48	41.22	--	8	32976	卖盘
11:02:45	41.22	--	13	53586	卖盘
11:02:42	41.22	--	4	16488	卖盘
11:02:39	41.22	0.03	1	4122	买盘
11:02:33	41.19	-0.01	21	86499	卖盘
11:02:30	41.2	--	11	45320	卖盘
11:02:27	41.2	--	2	8240	卖盘
11:02:21	41.2	--	10	41200	卖盘
11:02:03	41.2	-0.02	60	247200	卖盘
11:01:51	41.22	-0.01	14	57708	卖盘
11:01:42	41.23	--	5	20615	中性盘
11:01:36	41.23	-0.02	5	20615	中性盘
11:01:33	41.25	0.02	23	94875	买盘
11:01:18	41.23	--	3	12368	卖盘
11:00:57	41.23	0.01	1	4123	中性盘
11:00:45	41.22	--	6	24732	卖盘
11:00:39	41.22	-0.04	10	41220	卖盘
11:00:33	41.26	0.03	50	206300	买盘
11:00:27	41.23	-0.03	6	24737	卖盘
11:00:24	41.26	--	2	8252	买盘
11:00:18	41.26	0.01	24	99024	买盘
11:00:15	41.25	-0.01	0	825	卖盘
11:00:09	41.26	--	6	24756	买盘
11:00:06	41.26	--	80	330080	卖盘
11:00:00	41.26	--	5	20630	卖盘
10:59:57	41.26	--	10	41260	卖盘
10:59:51	41.26	0.03	42	176592	买盘
10:59:48	41.23	-0.02	15	64731	卖盘
10:59:42	41.25	0.02	0	1237	买盘
10:59:36	41.23	-0.02	5	20615	卖盘
10:59:33	41.25	--	5	20625	买盘
10:59:30	41.25	0.01	10	41250	买盘
10:59:24	41.24	--	1	7010	卖盘
10:59:15	41.24	--	2	8248	卖盘
10:59:09	41.24	--	1	4124	卖盘
10:59:00	41.24	--	3	12372	卖盘
10:58:54	41.24	0.02	107	442505	买盘
10:58:45	41.22	--	2	8244	卖盘
10:58:42	41.22	--	3	12366	卖盘
10:58:39	41.22	-0.01	2	8244	卖盘
10:58:36	41.23	--	1	4123	买盘
10:58:33	41.23	0.01	4	16492	买盘
10:58:27	41.22	--	5	20610	卖盘
10:58:21	41.22	--	20	82440	卖盘
10:58:18	41.22	--	10	41220	卖盘
10:58:15	41.22	--	30	123660	买盘
10:58:00	41.22	-0.01	15	61830	卖盘
10:57:54	41.23	--	5	20615	买盘
10:57:51	41.23	-0.01	27	111320	卖盘
10:57:48	41.24	--	5	20620	买盘
10:57:39	41.24	-0.02	47	196714	卖盘
10:57:36	41.26	0.01	11	45386	买盘
10:57:33	41.25	-0.01	2	8250	卖盘
10:57:30	41.26	--	4	16916	买盘
10:57:24	41.26	--	16	66016	买盘
10:57:21	41.26	0.02	1	4126	买盘
10:57:18	41.24	-0.02	1	4124	卖盘
10:57:09	41.26	--	3	12378	买盘
10:57:06	41.26	0.01	12	49512	买盘
10:57:00	41.25	-0.01	34	143962	卖盘
10:56:54	41.26	0.01	2	8252	买盘
10:56:51	41.25	-0.02	1	4537	卖盘
10:56:45	41.27	0.01	6	24762	买盘
10:56:42	41.26	--	6	24756	买盘
10:56:33	41.26	-0.01	1	4126	中性盘
10:56:27	41.27	--	3	12381	买盘
10:56:24	41.27	--	33	136191	买盘
10:56:21	41.27	0.01	30	123810	买盘
10:56:18	41.26	-0.01	7	32182	卖盘
10:56:12	41.27	0.01	4	16508	买盘
10:56:09	41.26	--	22	90772	卖盘
10:56:03	41.26	--	5	20630	卖盘
10:56:00	41.26	0.01	2	9077	买盘
10:55:48	41.25	0.01	0	1237	买盘
10:55:45	41.24	-0.01	7	28868	卖盘
10:55:42	41.25	0.01	18	74250	买盘
10:55:36	41.24	--	2	8248	卖盘
10:55:24	41.24	-0.01	3	12372	卖盘
10:55:21	41.25	0.02	33	136950	买盘
10:55:12	41.23	-0.01	1	7421	卖盘
10:55:06	41.24	0.01	27	111348	买盘
10:55:03	41.23	--	3	12368	卖盘
10:55:00	41.23	-0.01	2	8246	卖盘
10:54:42	41.24	-0.01	101	416524	卖盘
10:54:33	41.25	--	25	103125	买盘
10:54:30	41.25	--	1	4125	买盘
10:54:27	41.25	--	6	24750	买盘
10:54:18	41.25	0.02	37	152625	买盘
10:54:15	41.23	--	1	4123	卖盘
10:54:12	41.23	-0.02	16	65968	卖盘
10:54:06	41.25	--	51	210375	买盘
10:53:57	41.25	0.02	6	24750	买盘
10:53:48	41.23	--	2	8246	卖盘
10:53:42	41.23	--	3	12368	卖盘
10:53:36	41.23	--	2	9070	卖盘
10:53:33	41.23	0.02	15	61844	买盘
10:53:30	41.21	-0.02	43	177203	卖盘
10:53:27	41.23	--	2	8246	买盘
10:53:24	41.23	--	5	20615	买盘
10:53:18	41.23	--	6	24737	买盘
10:53:15	41.23	0.02	4	16492	买盘
10:53:12	41.21	-0.03	18	74178	卖盘
10:53:03	41.24	0.01	27	112296	买盘
10:52:57	41.23	-0.01	4	16492	中性盘
10:52:54	41.24	--	3	12372	买盘
10:52:45	41.24	--	17	70108	买盘
10:52:42	41.24	0.04	1	4124	买盘
10:52:30	41.2	--	16	68804	买盘
10:52:27	41.2	--	10	41200	买盘
10:52:21	41.2	0.01	5	20600	买盘
10:52:18	41.19	0.01	11	45309	买盘
10:52:12	41.18	-0.01	2	8236	卖盘
10:52:09	41.19	0.01	3	12357	买盘
10:52:03	41.18	--	10	41180	卖盘
10:52:00	41.18	--	92	378897	买盘
10:51:45	41.18	--	2	8236	买盘
10:51:42	41.18	--	10	41180	买盘
10:51:39	41.18	0.05	10	41180	买盘
10:51:36	41.13	-0.05	5	20565	卖盘
10:51:33	41.18	--	8	32944	买盘
10:51:30	41.18	--	8	32944	买盘
10:51:27	41.18	0.03	12	49416	买盘
10:51:24	41.15	-0.03	1	4115	中性盘
10:51:21	41.18	0.04	9	37062	买盘
10:51:18	41.14	-0.04	15	61710	卖盘
10:51:15	41.18	--	13	53534	买盘
10:51:12	41.18	--	10	41180	买盘
10:50:57	41.18	--	3	12354	买盘
10:50:54	41.18	--	2	8236	卖盘
10:50:42	41.18	-0.01	3	12354	卖盘
10:50:39	41.19	--	14	57666	买盘
10:50:30	41.19	-0.01	2	8238	卖盘
10:50:27	41.2	--	1	4120	买盘
10:50:24	41.2	--	1	4120	买盘
10:50:18	41.2	--	7	28840	卖盘
10:50:15	41.2	-0.02	87	358440	卖盘
10:50:12	41.22	0.02	2	8244	买盘
10:50:06	41.2	-0.02	40	164800	卖盘
10:50:03	41.22	-0.02	4	20197	卖盘
10:50:00	41.24	-0.01	32	135679	买盘
10:49:57	41.25	0.03	15	61875	买盘
10:49:54	41.22	-0.01	1	4122	卖盘
10:49:51	41.23	--	1	4123	卖盘
10:49:48	41.23	-0.02	6	24737	卖盘
10:49:45	41.25	--	1	4125	买盘
10:49:42	41.25	--	1	4125	买盘
10:49:39	41.25	-0.03	18	74250	卖盘
10:49:36	41.28	0.01	7	28896	买盘
10:49:33	41.27	-0.01	27	111429	买盘
10:49:30	41.28	0.03	4	16512	买盘
10:49:27	41.25	-0.03	4	16500	卖盘
10:49:24	41.28	-0.01	6	24768	卖盘
10:49:21	41.29	--	12	49548	买盘
10:49:18	41.29	-0.01	14	57806	卖盘
10:49:15	41.3	0.01	7	28909	买盘
10:49:09	41.29	0.01	3	12387	买盘
10:49:06	41.28	--	21	86688	卖盘
10:49:03	41.28	-0.02	1	4128	卖盘
10:49:00	41.3	0.02	9	37170	买盘
10:48:57	41.28	--	30	123840	买盘
10:48:54	41.28	0.05	32	132096	买盘
10:48:51	41.23	0.01	14	57721	卖盘
10:48:48	41.22	-0.06	18	75020	卖盘
10:48:45	41.28	0.06	10	41280	买盘
10:48:42	41.22	-0.01	11	45342	卖盘
10:48:39	41.23	-0.02	3	12368	中性盘
10:48:33	41.25	0.03	24	99000	买盘
10:48:30	41.22	--	16	65952	买盘
10:48:27	41.22	--	1	4122	买盘
10:48:21	41.22	0.02	6	24732	买盘
10:48:18	41.2	--	84	346080	买盘
10:48:15	41.2	0.01	5	20600	买盘
10:48:12	41.19	0.02	73	302746	买盘
10:48:09	41.17	--	10	41170	卖盘
10:48:06	41.17	-0.01	4	16468	卖盘
10:48:03	41.18	0.01	25	102950	买盘
10:48:00	41.17	0.01	2	8234	买盘
10:47:54	41.16	0.02	18	77792	买盘
10:47:51	41.14	-0.02	5	20570	卖盘
10:47:45	41.16	0.02	106	436295	买盘
10:47:42	41.14	--	6	24684	买盘
10:47:33	41.14	0.01	30	123420	买盘
10:47:30	41.13	--	5	20565	买盘
10:47:21	41.13	0.12	5	20565	买盘
10:47:15	41.01	-0.1	15	61515	中性盘
10:47:06	41.11	0.02	11	45221	买盘
10:47:03	41.09	-0.01	10	41090	中性盘
10:46:57	41.1	--	5	20550	买盘
10:46:51	41.1	-0.01	3	12330	中性盘
10:46:48	41.11	-0.03	1	4111	中性盘
10:46:27	41.14	0.15	3	12342	买盘
10:46:21	40.99	0.02	2	8198	中性盘
10:46:12	40.97	--	7	31956	买盘
10:46:09	40.97	--	1	4097	买盘
10:46:06	40.97	--	9	36873	买盘
10:46:03	40.97	--	15	63093	卖盘
10:45:57	40.97	-0.02	161	659617	卖盘
10:45:42	40.99	0.02	2	8198	买盘
10:45:36	40.97	-0.01	10	40970	卖盘
10:45:33	40.98	--	6	24587	卖盘
10:45:27	40.98	0.01	1	4098	买盘
10:45:24	40.97	--	13	55719	卖盘
10:45:18	40.97	--	12	49164	卖盘
10:45:15	40.97	--	8	32776	卖盘
10:45:06	40.97	--	20	81940	卖盘
10:45:03	40.97	--	10	40970	卖盘
10:45:00	40.97	-0.01	5	20485	卖盘
10:44:57	40.98	--	13	53273	买盘
10:44:54	40.98	--	5	20490	买盘
10:44:42	40.98	-0.01	22	90156	卖盘
10:44:27	40.99	--	10	40990	买盘
10:44:18	40.99	--	14	59845	卖盘
10:44:15	40.99	-0.01	1	4099	卖盘
10:44:12	41.0	--	4	16400	买盘
10:44:06	41.0	--	6	24600	买盘
10:44:00	41.0	--	1	4100	买盘
10:43:57	41.0	--	3	12300	买盘
10:43:54	41.0	--	12	49200	买盘
10:43:51	41.0	--	6	24600	买盘
10:43:42	41.0	--	5	20500	中性盘
10:43:27	41.0	--	20	82000	卖盘
10:43:24	41.0	-0.01	15	61500	卖盘
10:43:21	41.01	--	4	16404	买盘
10:43:18	41.01	0.01	5	20505	买盘
10:43:09	41.0	--	3	12300	卖盘
10:42:57	41.0	--	2	8200	卖盘
10:42:51	41.0	--	14	57400	卖盘
10:42:45	41.0	--	2	8200	买盘
10:42:39	41.0	-0.01	6	24600	买盘
10:42:27	41.01	-0.01	2	8202	中性盘
10:42:21	41.02	0.03	9	36918	买盘
10:42:18	40.99	-0.01	20	81980	卖盘
10:42:00	41.0	--	24	100040	买盘
10:41:57	41.0	0.01	2	8200	买盘
10:41:54	40.99	-0.01	12	49188	卖盘
10:41:36	41.0	--	1	4100	买盘
10:41:30	41.0	-0.01	3	14760	卖盘
10:41:24	41.01	--	2	8202	买盘
10:41:21	41.01	0.01	1	4101	买盘
10:41:18	41.0	--	1	4100	卖盘
10:41:15	41.0	--	5	20500	卖盘
10:41:09	41.0	--	4	16400	卖盘
10:41:06	41.0	--	7	28700	卖盘
10:41:00	41.0	--	0	1640	买盘
10:40:57	41.0	--	1	4100	买盘
10:40:51	41.0	0.01	2	8200	买盘
10:40:45	40.99	-0.01	5	20495	卖盘
10:40:42	41.0	0.01	15	61500	买盘
10:40:33	40.99	--	45	184455	卖盘
10:40:27	40.99	--	5	20495	买盘
10:40:21	40.99	0.02	2	8198	买盘
10:40:15	40.97	-0.03	12	49164	卖盘
10:40:12	41.0	--	18	73800	买盘
10:40:09	41.0	0.01	100	410000	买盘
10:40:00	40.99	--	1	4099	买盘
10:39:54	40.99	--	17	69683	卖盘
10:39:48	40.99	0.02	5	20495	买盘
10:39:36	40.97	--	7	28679	买盘
10:39:33	40.97	0.01	10	40970	买盘
10:39:27	40.96	-0.01	4	16384	中性盘
10:39:24	40.97	--	4	16388	买盘
10:39:15	40.97	--	8	32776	买盘
10:39:09	40.97	0.07	1	4097	买盘
10:38:54	40.9	--	1	4090	买盘
10:38:51	40.9	--	33	134970	买盘
10:38:48	40.9	--	3	12270	买盘
10:38:45	40.9	--	3	12270	买盘
10:38:42	40.9	--	17	69530	买盘
10:38:39	40.9	--	20	81800	买盘
10:38:36	40.9	--	11	44990	买盘
10:38:33	40.9	--	133	543970	卖盘
10:38:27	40.9	0.01	4	16360	卖盘
10:38:15	40.89	-0.01	18	73602	卖盘
10:38:09	40.9	--	107	441515	买盘
10:38:06	40.9	--	21	85890	买盘
10:38:03	40.9	--	6	24540	买盘
10:38:00	40.9	--	76	310840	买盘
10:37:57	40.9	--	22	89980	买盘
10:37:54	40.9	--	1	4090	买盘
10:37:48	40.9	--	5	20450	买盘
10:37:45	40.9	0.01	3	12270	买盘
10:37:42	40.89	-0.01	29	118581	卖盘
10:37:36	40.9	--	7	28630	买盘
10:37:33	40.9	-0.09	251	1026794	卖盘
10:37:24	40.99	0.01	2	8198	买盘
10:37:12	40.98	--	3	12293	买盘
10:37:09	40.98	--	2	8196	买盘
10:37:03	40.98	-0.01	3	12293	中性盘
10:37:00	40.99	0.03	39	159861	买盘
10:36:57	40.96	-0.02	5	20480	卖盘
10:36:51	40.98	0.05	2	8196	买盘
10:36:48	40.93	-0.03	40	163720	卖盘
10:36:36	40.96	0.03	5	20480	中性盘
10:36:30	40.93	-0.03	10	40930	卖盘
10:36:24	40.96	0.04	7	28672	买盘
10:36:18	40.92	--	10	40920	卖盘
10:36:15	40.92	--	2	8184	卖盘
10:36:09	40.92	--	10	40920	卖盘
10:36:03	40.92	0.01	12	49104	中性盘
10:35:48	40.91	-0.09	5	20455	卖盘
10:35:45	41.0	0.09	180	738000	买盘
10:35:42	40.91	0.01	3	12272	中性盘
10:35:36	40.9	-0.01	6	24540	卖盘
10:35:30	40.91	-0.05	3	12272	卖盘
10:35:21	40.96	-0.03	21	88883	卖盘
10:35:15	40.99	--	5	20495	卖盘
10:35:12	40.99	--	41	169288	卖盘
10:35:09	40.99	--	20	81980	卖盘
10:35:06	40.99	0.08	54	221346	买盘
10:35:03	40.91	-0.05	8	32727	卖盘
10:35:00	40.96	--	1	4096	买盘
10:34:51	40.96	-0.03	103	421888	卖盘
10:34:48	40.99	--	26	106574	卖盘
10:34:42	40.99	--	1	4099	卖盘
10:34:39	40.99	--	9	36891	买盘
10:34:36	40.99	0.02	7	28693	买盘
10:34:33	40.97	-0.02	2	8194	卖盘
10:34:27	40.99	--	5	23487	卖盘
10:34:24	40.99	--	20	81980	卖盘
10:34:21	40.99	--	255	1046023	买盘
10:34:15	40.99	0.03	7	28693	买盘
10:34:09	40.96	-0.01	50	204800	卖盘
10:34:06	40.97	-0.01	12	49164	卖盘
10:34:03	40.98	-0.01	2	8196	中性盘
10:33:42	40.99	--	21	86079	买盘
10:33:39	40.99	-0.03	145	597347	卖盘
10:33:36	41.02	0.01	10	41020	买盘
10:33:33	41.01	--	27	113597	卖盘
10:33:30	41.01	--	7	28707	卖盘
10:33:27	41.01	-0.01	8	32808	卖盘
10:33:24	41.02	0.02	2	8204	买盘
10:33:18	41.0	-0.01	15	61500	卖盘
10:33:15	41.01	--	20	84357	买盘
10:33:12	41.01	--	27	112490	卖盘
10:33:09	41.01	--	80	329597	卖盘
10:33:00	41.01	0.01	8	33628	买盘
10:32:57	41.0	-0.01	20	82000	卖盘
10:32:54	41.01	--	1	4101	买盘
10:32:51	41.01	--	10	41010	买盘
10:32:48	41.01	-0.01	10	44290	卖盘
10:32:42	41.02	0.01	10	41020	买盘
10:32:39	41.01	-0.01	26	106626	卖盘
10:32:33	41.02	--	2	8204	买盘
10:32:30	41.02	--	5	20510	买盘
10:32:27	41.02	-0.02	52	213714	卖盘
10:32:24	41.04	0.02	40	164160	买盘
10:32:21	41.02	0.01	5	20510	卖盘
10:32:18	41.01	-0.02	60	246060	卖盘
10:32:15	41.03	0.01	2	8206	买盘
10:32:12	41.02	-0.01	0	410	卖盘
10:32:09	41.03	--	4	16412	买盘
10:32:06	41.03	--	6	24618	买盘
10:32:03	41.03	--	10	44722	卖盘
10:32:00	41.03	--	6	24618	卖盘
10:31:57	41.03	-0.01	1	4513	卖盘
10:31:54	41.04	0.01	14	57456	买盘
10:31:48	41.03	-0.01	2	8206	卖盘
10:31:45	41.04	0.01	44	180576	买盘
10:31:42	41.03	-0.01	12	49236	卖盘
10:31:36	41.04	--	2	8208	买盘
10:31:33	41.04	--	27	110808	买盘
10:31:30	41.04	--	6	24624	买盘
10:31:27	41.04	--	1	4104	买盘
10:31:15	41.04	--	10	41040	买盘
10:31:09	41.04	--	10	41040	买盘
10:30:57	41.04	--	6	24624	买盘
10:30:54	41.04	--	43	176472	买盘
10:30:51	41.04	--	26	106827	卖盘
10:30:48	41.04	-0.01	8	35992	卖盘
10:30:45	41.05	--	11	45155	买盘
10:30:39	41.05	--	22	90310	买盘
10:30:36	41.05	0.01	10	41050	买盘
10:30:33	41.04	-0.01	2	8208	卖盘
10:30:24	41.05	0.01	24	98520	买盘
10:30:18	41.04	--	5	22161	卖盘
10:30:09	41.04	--	10	41040	卖盘
10:30:06	41.04	-0.01	5	20520	卖盘
10:30:03	41.05	0.01	4	16420	买盘
10:29:54	41.04	--	4	16416	卖盘
10:29:51	41.04	-0.01	20	82080	卖盘
10:29:48	41.05	0.01	17	69785	买盘
10:29:45	41.04	-0.01	10	41040	卖盘
10:29:42	41.05	0.03	18	73890	买盘
10:29:39	41.02	-0.03	87	356874	卖盘
10:29:33	41.05	--	1	4105	买盘
10:29:30	41.05	--	40	164200	买盘
10:29:27	41.05	0.01	17	69785	买盘
10:29:24	41.04	0.02	4	16416	卖盘
10:29:18	41.02	-0.01	127	524235	卖盘
10:29:15	41.03	-0.02	6	24618	卖盘
10:29:09	41.05	--	1	4105	买盘
10:29:06	41.05	--	3	12315	买盘
10:29:03	41.05	--	5	20525	买盘
10:29:00	41.05	--	8	32840	买盘
10:28:57	41.05	--	12	49260	买盘
10:28:54	41.05	-0.04	60	246299	卖盘
10:28:48	41.09	-0.01	1	4109	中性盘
10:28:45	41.1	0.04	29	119190	买盘
10:28:42	41.06	-0.04	3	12318	买盘
10:28:39	41.1	--	7	28770	买盘
10:28:36	41.1	0.01	6	24660	买盘
10:28:33	41.09	--	6	24654	买盘
10:28:30	41.09	--	23	94507	买盘
10:28:27	41.09	-0.01	91	373919	中性盘
10:28:24	41.1	--	31	127410	买盘
10:28:18	41.1	--	12	49320	买盘
10:28:12	41.1	--	1	4110	买盘
10:28:09	41.1	--	26	106860	买盘
10:28:06	41.1	-0.02	167	686698	卖盘
10:28:03	41.12	0.01	4	16448	买盘
10:28:00	41.11	0.01	11	45221	买盘
10:27:54	41.1	--	8	32880	卖盘
10:27:51	41.1	0.1	56	233941	买盘
10:27:45	41.0	--	30	123000	卖盘
10:27:36	41.0	--	30	123000	卖盘
10:27:33	41.0	-0.01	52	213200	卖盘
10:27:30	41.01	0.01	13	53313	买盘
10:27:27	41.0	--	3	12300	买盘
10:27:24	41.0	--	3	12300	买盘
10:27:21	41.0	--	51	209100	卖盘
10:27:15	41.0	-0.1	1	4100	中性盘
10:27:09	41.1	0.1	277	1138470	买盘
10:27:06	41.0	--	12	49200	买盘
10:27:00	41.0	--	7	28700	买盘
10:26:54	41.0	--	18	73800	买盘
10:26:51	41.0	--	5	20500	买盘
10:26:48	41.0	--	52	213200	买盘
10:26:45	41.0	-0.11	93	384498	卖盘
10:26:42	41.11	--	12	49332	买盘
10:26:39	41.11	--	3	12333	买盘
10:26:27	41.11	--	3	12333	买盘
10:26:24	41.11	--	100	411100	买盘
10:26:18	41.11	--	5	20555	买盘
10:26:15	41.11	--	4	16444	买盘
10:26:12	41.11	--	7	28777	买盘
10:26:06	41.11	0.01	93	382323	买盘
10:25:48	41.1	--	18	73980	买盘
10:25:45	41.1	--	1	4110	买盘
10:25:39	41.1	0.1	6	24660	买盘
10:25:36	41.0	-0.1	20	82000	卖盘
10:25:33	41.1	0.1	9	36990	买盘
10:25:30	41.0	--	2	8200	卖盘
10:25:18	41.0	0.01	172	706102	买盘
10:25:12	40.99	-0.01	45	184455	卖盘
10:25:09	41.0	--	10	41000	买盘
10:25:06	41.0	--	7	28700	买盘
10:25:00	41.0	--	30	123000	买盘
10:24:57	41.0	0.03	79	323900	买盘
10:24:54	40.97	-0.02	1	7087	卖盘
10:24:48	40.99	0.02	2	8198	中性盘
10:24:39	40.97	-0.03	10	40970	卖盘
10:24:33	41.0	0.04	30	123000	买盘
10:24:30	40.96	--	5	20480	卖盘
10:24:27	40.96	--	62	253952	卖盘
10:24:15	40.96	-0.01	5	20480	卖盘
10:24:12	40.97	--	2	8194	卖盘
10:24:09	40.97	0.01	1	4506	中性盘
10:23:54	40.96	--	7	28672	卖盘
10:23:51	40.96	-0.04	3	13107	卖盘
10:23:39	41.0	0.01	39	159900	买盘
10:23:30	40.99	--	12	49188	卖盘
10:23:27	40.99	--	1	4099	卖盘
10:23:24	40.99	-0.01	2	8198	卖盘
10:23:21	41.0	0.01	21	86100	买盘
10:23:15	40.99	-0.01	5	20495	卖盘
10:23:12	41.0	--	1	4100	买盘
10:23:06	41.0	--	10	41000	买盘
10:23:00	41.0	--	16	65600	买盘
10:22:57	41.0	--	28	114800	买盘
10:22:51	41.0	-0.06	333	1368908	卖盘
10:22:48	41.06	-0.04	4	16424	卖盘
10:22:42	41.1	0.04	5	20550	买盘
10:22:33	41.06	--	3	12318	卖盘
10:22:30	41.06	0.02	21	88279	中性盘
10:21:54	41.04	--	2	8208	卖盘
10:21:48	41.04	0.04	1	6197	中性盘
10:21:42	41.0	-0.04	5	20500	卖盘
10:21:39	41.04	--	3	12763	买盘
10:21:36	41.04	--	3	12312	买盘
10:21:30	41.04	--	24	98496	买盘
10:21:27	41.04	--	13	53352	买盘
10:21:24	41.04	--	28	118564	卖盘
10:21:15	41.04	-0.01	0	451	卖盘
10:21:06	41.05	0.01	8	32840	买盘
10:21:00	41.04	--	1	4104	买盘
10:20:45	41.04	--	3	12312	买盘
10:20:39	41.04	0.05	4	16416	买盘
10:20:33	40.99	--	1	4099	卖盘
10:20:30	40.99	-0.05	30	122970	卖盘
10:20:27	41.04	--	4	16416	卖盘
10:20:24	41.04	0.05	11	45144	买盘
10:20:21	40.99	-0.01	6	24594	卖盘
10:20:09	41.0	--	16	65600	买盘
10:20:06	41.0	0.02	20	82000	买盘
10:20:03	40.98	-0.02	111	454877	卖盘
10:20:00	41.0	--	5	20500	买盘
10:19:54	41.0	--	15	61500	买盘
10:19:51	41.0	-0.01	161	660100	卖盘
10:19:36	41.01	--	2	8202	卖盘
10:19:33	41.01	-0.11	10	41010	卖盘
10:19:30	41.12	--	8	32896	买盘
10:19:27	41.12	0.11	3	12336	买盘
10:19:21	41.01	--	1	4101	卖盘
10:19:18	41.01	-0.11	2	8202	中性盘
10:19:06	41.12	-0.02	8	32896	中性盘
10:19:03	41.14	0.02	12	49368	买盘
10:19:00	41.12	--	0	411	卖盘
10:18:57	41.12	--	5	20560	卖盘
10:18:51	41.12	--	3	12336	卖盘
10:18:48	41.12	--	1	4112	卖盘
10:18:45	41.12	0.16	157	649284	买盘
10:18:42	40.96	-0.04	2	8192	卖盘
10:18:24	41.0	0.05	51	209100	买盘
10:18:21	40.95	--	25	102375	卖盘
10:18:18	40.95	--	21	85995	卖盘
10:18:15	40.95	--	7	28665	卖盘
10:18:12	40.95	--	59	241605	卖盘
10:18:09	40.95	-0.01	2	8190	卖盘
10:18:06	40.96	0.02	157	643072	买盘
10:18:00	40.94	-0.01	13	53222	卖盘
10:17:54	40.95	0.01	22	90090	买盘
10:17:51	40.94	-0.02	26	106444	卖盘
10:17:45	40.96	--	31	126976	卖盘
10:17:42	40.96	--	5	20480	卖盘
10:17:39	40.96	0.01	45	184320	买盘
10:17:36	40.95	--	4	16380	卖盘
10:17:33	40.95	--	16	65520	卖盘
10:17:30	40.95	--	8	32760	卖盘
10:17:27	40.95	-0.01	10	40950	卖盘
10:17:21	40.96	-0.01	17	69632	卖盘
10:17:18	40.97	--	4	16388	卖盘
10:17:15	40.97	--	54	221238	卖盘
10:17:09	40.97	--	28	114716	卖盘
10:17:03	40.97	-0.02	4	16388	卖盘
10:16:57	40.99	--	1	4099	卖盘
10:16:54	40.99	--	33	135267	卖盘
10:16:51	40.99	--	6	24594	卖盘
10:16:42	40.99	--	5	20495	卖盘
10:16:36	40.99	0.02	4	16396	买盘
10:16:30	40.97	--	1	4097	中性盘
10:16:27	40.97	--	13	53261	卖盘
10:16:24	40.97	--	7	28679	卖盘
10:16:21	40.97	0.05	89	364633	买盘
10:16:15	40.92	--	14	57288	卖盘
10:16:12	40.92	--	13	53196	卖盘
10:16:06	40.92	0.01	12	49104	卖盘
10:16:00	40.91	-0.06	2	8181	卖盘
10:15:57	40.97	0.06	63	258111	买盘
10:15:54	40.91	--	8	32727	卖盘
10:15:51	40.91	--	1	4090	卖盘
10:15:48	40.91	0.01	5	20455	买盘
10:15:45	40.9	--	2	8180	卖盘
10:15:42	40.9	0.02	2	8180	中性盘
10:15:33	40.88	--	3	12264	买盘
10:15:30	40.88	-0.02	17	69496	中性盘
10:15:27	40.9	0.02	53	216770	买盘
10:15:24	40.88	-0.02	26	106288	卖盘
10:15:21	40.9	0.02	29	118610	买盘
10:15:18	40.88	--	20	81760	卖盘
10:15:15	40.88	--	39	159432	卖盘
10:15:12	40.88	--	23	97294	买盘
10:15:09	40.88	--	24	98112	买盘
10:15:06	40.88	--	48	196224	买盘
10:15:03	40.88	--	50	204400	买盘
10:15:00	40.88	--	1	4088	买盘
10:14:57	40.88	-0.03	72	295153	卖盘
10:14:51	40.91	-0.01	41	167731	卖盘
10:14:48	40.92	0.02	63	257796	卖盘
10:14:45	40.9	--	15	61350	卖盘
10:14:39	40.9	-0.06	20	81800	卖盘
10:14:36	40.96	0.06	6	24576	买盘
10:14:33	40.9	-0.06	31	126790	卖盘
10:14:30	40.96	--	13	53248	买盘
10:14:27	40.96	0.06	24	98304	中性盘
10:14:21	40.9	-0.06	21	85890	卖盘
10:14:15	40.96	-0.01	4	16384	卖盘
10:14:06	40.97	-0.02	1	4097	卖盘
10:14:00	40.99	--	5	20495	买盘
10:13:54	40.99	--	2	8198	买盘
10:13:48	40.99	--	6	24594	买盘
10:13:45	40.99	-0.01	1	4099	卖盘
10:13:30	41.0	--	12	51209	卖盘
10:13:24	41.0	--	28	114800	卖盘
10:13:18	41.0	0.01	36	149691	买盘
10:13:12	40.99	-0.01	3	12297	卖盘
10:13:03	41.0	--	5	20500	买盘
10:12:48	41.0	--	1	4100	买盘
10:12:45	41.0	-0.1	170	699009	卖盘
10:12:27	41.1	--	30	123300	买盘
10:12:24	41.1	0.01	30	123300	买盘
10:12:21	41.09	-0.01	8	32872	中性盘
10:12:18	41.1	--	36	147960	买盘
10:12:15	41.1	--	2	8220	买盘
10:12:12	41.1	--	2	8220	买盘
10:12:09	41.1	--	5	20550	买盘
10:12:06	41.1	--	5	20550	买盘
10:12:03	41.1	--	16	65760	买盘
10:12:00	41.1	--	15	61650	买盘
10:11:57	41.1	--	8	32880	买盘
10:11:54	41.1	-0.04	47	196869	卖盘
10:11:48	41.14	0.04	1	4114	买盘
10:11:45	41.1	-0.04	6	24660	卖盘
10:11:39	41.14	-0.01	1	4114	中性盘
10:11:18	41.15	--	3	12345	买盘
10:11:09	41.15	0.01	6	24690	买盘
10:11:06	41.14	--	5	24272	卖盘
10:11:00	41.14	-0.01	1	4525	卖盘
10:10:57	41.15	0.01	1	4115	买盘
10:10:54	41.14	0.03	11	45254	中性盘
10:10:51	41.11	-0.03	45	184995	卖盘
10:10:45	41.14	--	30	123420	卖盘
10:10:39	41.14	--	10	41140	卖盘
10:10:36	41.14	0.06	8	33323	买盘
10:10:30	41.08	-0.02	8	32864	卖盘
10:10:27	41.1	--	2	8220	中性盘
10:10:15	41.1	--	4	16440	卖盘
10:10:06	41.1	--	11	45210	卖盘
10:10:03	41.1	0.01	41	168510	买盘
10:09:57	41.09	-0.01	4	16436	中性盘
10:09:51	41.1	--	1	4110	买盘
10:09:48	41.1	--	6	24660	买盘
10:09:33	41.1	-0.05	10	41100	卖盘
10:09:30	41.15	0.05	7	28805	买盘
10:09:27	41.1	-0.04	14	57540	卖盘
10:09:21	41.14	0.04	10	41140	买盘
10:09:12	41.1	--	3	12330	卖盘
10:09:00	41.1	-0.04	2	8220	卖盘
10:08:48	41.14	--	3	12342	买盘
10:08:45	41.14	--	9	37026	买盘
10:08:42	41.14	0.04	5	20570	买盘
10:08:33	41.1	-0.04	4	16440	卖盘
10:08:30	41.14	--	1	4114	买盘
10:08:27	41.14	--	18	74052	卖盘
10:08:18	41.14	-0.02	2	8228	中性盘
10:08:12	41.16	0.02	100	411599	买盘
10:08:03	41.14	0.12	5	20570	买盘
10:08:00	41.02	-0.12	116	475832	卖盘
10:07:51	41.14	0.02	3	12342	买盘
10:07:48	41.12	-0.02	24	98688	卖盘
10:07:42	41.14	0.02	10	41140	买盘
10:07:36	41.12	-0.02	16	66203	买盘
10:07:33	41.14	0.03	6	24684	买盘
10:07:24	41.11	-0.02	4	17225	卖盘
10:07:15	41.13	-0.01	2	11598	中性盘
10:07:12	41.14	0.02	11	45254	买盘
10:07:03	41.12	--	8	32896	买盘
10:07:00	41.12	-0.02	2	8224	中性盘
10:06:57	41.14	--	22	90508	买盘
10:06:54	41.14	--	6	24684	买盘
10:06:48	41.14	0.02	10	41140	买盘
10:06:45	41.12	--	16	65792	卖盘
10:06:42	41.12	-0.02	13	53456	卖盘
10:06:36	41.14	--	8	36614	卖盘
10:06:33	41.14	--	1	4114	卖盘
10:06:27	41.14	--	4	16456	卖盘
10:06:21	41.14	-0.01	15	62121	卖盘
10:06:18	41.15	--	10	41150	买盘
10:06:15	41.15	0.02	14	57610	买盘
10:06:09	41.13	--	20	82260	买盘
10:06:06	41.13	-0.02	21	86373	卖盘
10:06:03	41.15	0.02	20	82300	买盘
10:06:00	41.13	--	1	4113	卖盘
10:05:57	41.13	-0.01	11	47299	卖盘
10:05:54	41.14	--	15	63767	卖盘
10:05:48	41.14	--	8	32912	卖盘
10:05:45	41.14	0.01	1	4114	中性盘
10:05:42	41.13	-0.02	10	41130	卖盘
10:05:39	41.15	0.02	1	4115	买盘
10:05:36	41.13	--	7	28791	卖盘
10:05:30	41.13	-0.03	11	45243	卖盘
10:05:24	41.16	--	5	20580	买盘
10:05:15	41.16	-0.01	27	114424	卖盘
10:05:12	41.17	--	28	115276	买盘
10:05:09	41.17	--	3	12351	买盘
10:05:03	41.17	-0.02	4	20173	卖盘
10:04:54	41.19	0.01	10	41190	买盘
10:04:48	41.18	0.01	6	24708	中性盘
10:04:45	41.17	--	9	37053	卖盘
10:04:39	41.17	--	5	20996	卖盘
10:04:36	41.17	-0.01	7	28819	卖盘
10:04:33	41.18	--	3	12354	买盘
10:04:30	41.18	--	1	4118	买盘
10:04:24	41.18	-0.01	16	65888	中性盘
10:04:18	41.19	0.01	3	12357	买盘
10:04:15	41.18	0.01	5	20590	买盘
10:04:12	41.17	-0.01	6	24702	卖盘
10:04:09	41.18	-0.01	2	8236	中性盘
10:04:06	41.19	-0.01	5	20595	买盘
10:04:03	41.2	0.01	8	32960	买盘
10:03:54	41.19	--	14	57666	买盘
10:03:48	41.19	0.03	4	16476	买盘
10:03:45	41.16	-0.01	11	45275	卖盘
10:03:42	41.17	0.01	7	29642	买盘
10:03:33	41.16	--	3	12347	卖盘
10:03:21	41.16	--	15	61739	买盘
10:03:06	41.16	0.03	2	8232	买盘
10:03:03	41.13	-0.04	3	12339	卖盘
10:02:57	41.17	0.05	6	24702	买盘
10:02:54	41.12	-0.03	33	135696	卖盘
10:02:45	41.15	--	1	4115	买盘
10:02:42	41.15	0.01	10	41150	买盘
10:02:30	41.14	0.02	5	20570	卖盘
10:02:27	41.12	-0.03	8	32896	卖盘
10:02:21	41.15	0.04	22	90530	买盘
10:02:15	41.11	--	5	20555	卖盘
10:02:12	41.11	-0.02	1	4111	卖盘
10:02:09	41.13	--	1	4113	卖盘
10:02:03	41.13	0.02	2	8226	中性盘
10:01:57	41.11	-0.02	51	209661	卖盘
10:01:54	41.13	0.02	4	16452	买盘
10:01:51	41.11	--	1	4111	卖盘
10:01:48	41.11	0.01	4	16444	中性盘
10:01:33	41.1	-0.05	13	53430	卖盘
10:01:30	41.15	--	5	20575	买盘
10:01:24	41.15	-0.01	97	399155	卖盘
10:01:21	41.16	--	6	24695	卖盘
10:01:18	41.16	--	20	82320	卖盘
10:01:15	41.16	-0.01	4	16464	中性盘
10:01:12	41.17	--	10	41170	买盘
10:01:09	41.17	0.01	60	247020	买盘
10:01:06	41.16	--	13	54825	卖盘
10:01:03	41.16	--	20	82320	卖盘
10:00:57	41.16	--	99	409830	卖盘
10:00:54	41.16	--	5	20580	卖盘
10:00:51	41.16	--	1	4116	卖盘
10:00:48	41.16	0.01	31	128419	买盘
10:00:45	41.15	--	60	249369	买盘
10:00:39	41.15	0.05	8	32920	买盘
10:00:30	41.1	-0.05	1	4110	卖盘
10:00:18	41.15	0.05	86	353890	买盘
10:00:15	41.1	--	6	24660	买盘
10:00:12	41.1	0.05	6	24660	买盘
10:00:09	41.05	-0.05	32	131360	卖盘
10:00:06	41.1	0.05	5	20550	买盘
10:00:03	41.05	-0.05	1	4105	卖盘
10:00:00	41.1	--	2	8220	买盘
09:59:57	41.1	-0.04	7	28770	买盘
09:59:54	41.14	0.03	49	201586	买盘
09:59:48	41.11	-0.01	1	7810	卖盘
09:59:42	41.12	0.02	6	25083	买盘
09:59:39	41.1	0.08	7	28770	中性盘
09:59:33	41.02	-0.08	78	319956	卖盘
09:59:27	41.1	0.08	20	82200	买盘
09:59:24	41.02	-0.02	100	410200	卖盘
09:59:21	41.04	-0.08	10	41040	卖盘
09:59:09	41.12	--	17	69904	买盘
09:59:06	41.12	0.1	48	197376	买盘
09:59:03	41.02	--	2	8204	卖盘
09:58:54	41.02	0.02	186	764612	买盘
09:58:51	41.0	--	56	229600	买盘
09:58:48	41.0	--	18	73800	卖盘
09:58:45	41.0	-0.02	28	114800	卖盘
09:58:42	41.02	--	20	84501	买盘
09:58:39	41.02	0.01	1	4102	买盘
09:58:36	41.01	-0.01	2	8202	卖盘
09:58:33	41.02	--	49	200998	买盘
09:58:30	41.02	-0.03	4	16408	买盘
09:58:27	41.05	0.03	49	201145	买盘
09:58:24	41.02	-0.02	2	9844	卖盘
09:58:21	41.04	--	6	24624	买盘
09:58:18	41.04	0.02	5	20520	买盘
09:58:15	41.02	-0.03	10	41020	卖盘
09:58:09	41.05	--	2	8210	买盘
09:58:06	41.05	--	31	127254	买盘
09:58:00	41.05	--	18	73890	买盘
09:57:57	41.05	--	86	353030	买盘
09:57:54	41.05	--	8	32840	买盘
09:57:48	41.05	--	4	16420	买盘
09:57:45	41.05	--	2	8210	买盘
09:57:42	41.05	0.09	1	4105	买盘
09:57:36	40.96	--	1	4096	卖盘
09:57:33	40.96	-0.09	5	20480	卖盘
09:57:30	41.05	0.1	102	418710	买盘
09:57:24	40.95	--	5	23751	卖盘
09:57:21	40.95	--	9	36855	买盘
09:57:18	40.95	0.01	3	13104	买盘
09:57:15	40.94	--	100	409400	买盘
09:57:09	40.94	--	1	4094	买盘
09:57:06	40.94	0.07	25	102350	买盘
09:57:03	40.87	0.01	5	20435	买盘
09:57:00	40.86	0.01	5	20430	中性盘
09:56:54	40.85	--	0	1225	卖盘
09:56:51	40.85	0.02	15	61275	买盘
09:56:48	40.83	-0.02	8	32664	卖盘
09:56:42	40.85	0.02	62	253270	买盘
09:56:39	40.83	0.01	16	65328	买盘
09:56:36	40.82	--	14	57148	卖盘
09:56:33	40.82	-0.01	9	36738	卖盘
09:56:30	40.83	--	11	44913	买盘
09:56:27	40.83	0.02	178	727998	买盘
09:56:24	40.81	-0.01	33	134673	卖盘
09:56:21	40.82	--	20	81640	买盘
09:56:18	40.82	0.01	12	48984	买盘
09:56:15	40.81	-0.01	40	163240	卖盘
09:56:12	40.82	--	9	36738	买盘
09:56:09	40.82	0.01	13	55107	买盘
09:56:06	40.81	-0.01	84	342804	中性盘
09:56:03	40.82	0.02	28	114296	买盘
09:56:00	40.8	-0.01	6	25296	卖盘
09:55:57	40.81	0.01	24	97944	中性盘
09:55:54	40.8	-0.02	39	159120	卖盘
09:55:51	40.82	-0.01	29	118378	卖盘
09:55:48	40.83	0.01	16	65328	买盘
09:55:45	40.82	0.01	52	212264	买盘
09:55:42	40.81	-0.04	2	8162	卖盘
09:55:39	40.85	0.08	4	16340	买盘
09:55:36	40.77	-0.08	91	371007	卖盘
09:55:33	40.85	0.05	4	16340	买盘
09:55:30	40.8	-0.05	2	8159	卖盘
09:55:27	40.85	0.05	87	355395	买盘
09:55:21	40.8	-0.01	38	155040	卖盘
09:55:18	40.81	--	79	322399	卖盘
09:55:12	40.81	-0.06	41	170993	卖盘
09:55:09	40.87	--	26	106262	买盘
09:55:06	40.87	0.04	10	40870	买盘
09:55:03	40.83	-0.04	18	73494	卖盘
09:55:00	40.87	--	36	147132	买盘
09:54:57	40.87	--	22	89914	买盘
09:54:54	40.87	-0.01	6	24930	卖盘
09:54:48	40.88	-0.04	24	98112	卖盘
09:54:45	40.92	0.04	73	302398	买盘
09:54:42	40.88	-0.02	2	8176	卖盘
09:54:39	40.9	0.05	37	151330	买盘
09:54:36	40.85	-0.04	37	151145	卖盘
09:54:33	40.89	0.01	3	12267	买盘
09:54:30	40.88	--	37	151664	卖盘
09:54:27	40.88	-0.07	40	163520	卖盘
09:54:24	40.95	0.05	32	131040	买盘
09:54:21	40.9	-0.02	2	8180	卖盘
09:54:18	40.92	0.04	1	4092	买盘
09:54:15	40.88	-0.04	39	159432	卖盘
09:54:09	40.92	--	1	4092	买盘
09:54:06	40.92	-0.03	48	196416	卖盘
09:54:03	40.95	--	14	57330	卖盘
09:53:57	40.95	0.01	7	28665	卖盘
09:53:54	40.94	0.02	66	270204	中性盘
09:53:45	40.92	--	59	241428	卖盘
09:53:42	40.92	--	4	16368	卖盘
09:53:39	40.92	-0.03	11	45012	卖盘
09:53:36	40.95	--	4	16380	买盘
09:53:33	40.95	--	5	20475	买盘
09:53:30	40.95	--	21	85995	买盘
09:53:27	40.95	0.01	1	4095	买盘
09:53:24	40.94	-0.02	1	4094	卖盘
09:53:21	40.96	0.02	23	94208	买盘
09:53:18	40.94	--	13	53222	卖盘
09:53:15	40.94	-0.02	35	146974	卖盘
09:53:12	40.96	--	3	12288	中性盘
09:53:06	40.96	-0.01	23	94208	中性盘
09:53:00	40.97	--	1	4097	买盘
09:52:57	40.97	--	9	36873	买盘
09:52:54	40.97	--	35	143395	买盘
09:52:48	40.97	--	77	315469	买盘
09:52:45	40.97	--	6	24582	买盘
09:52:42	40.97	0.01	1	4097	买盘
09:52:39	40.96	--	4	16384	买盘
09:52:36	40.96	-0.01	7	28672	卖盘
09:52:33	40.97	--	2	8194	买盘
09:52:30	40.97	--	83	340051	买盘
09:52:27	40.97	--	6	24582	买盘
09:52:24	40.97	-0.04	447	1831727	卖盘
09:52:21	41.01	-0.04	79	323979	卖盘
09:52:18	41.05	0.02	28	114939	买盘
09:52:12	41.03	-0.01	2	8206	中性盘
09:52:09	41.04	--	3	12312	买盘
09:52:06	41.04	--	2	8208	买盘
09:52:03	41.04	0.03	1	4104	买盘
09:52:00	41.01	-0.03	8	32808	卖盘
09:51:57	41.04	0.02	1	4104	买盘
09:51:54	41.02	--	3	12306	买盘
09:51:51	41.02	0.01	9	36918	卖盘
09:51:48	41.01	-0.01	10	41010	卖盘
09:51:45	41.02	--	6	24612	买盘
09:51:42	41.02	--	2	8204	买盘
09:51:39	41.02	--	10	41020	买盘
09:51:33	41.02	--	2	8204	买盘
09:51:30	41.02	-0.03	3	12306	卖盘
09:51:27	41.05	0.03	2	8210	买盘
09:51:24	41.02	0.01	2	8204	卖盘
09:51:18	41.01	-0.01	25	102525	卖盘
09:51:15	41.02	-0.03	23	94346	中性盘
09:51:12	41.05	0.05	25	102625	买盘
09:51:03	41.0	-0.04	38	155800	卖盘
09:51:00	41.04	0.03	5	20520	中性盘
09:50:54	41.01	0.01	37	151737	卖盘
09:50:48	41.0	-0.01	75	307500	卖盘
09:50:45	41.01	0.01	34	139434	中性盘
09:50:39	41.0	--	100	410000	卖盘
09:50:36	41.0	--	5	20500	卖盘
09:50:33	41.0	--	33	135300	卖盘
09:50:30	41.0	-0.01	5	20500	卖盘
09:50:27	41.01	0.01	6	24606	买盘
09:50:24	41.0	--	10	41000	卖盘
09:50:21	41.0	-0.01	43	176300	卖盘
09:50:18	41.01	0.01	6	24606	中性盘
09:50:12	41.0	-0.05	12	49200	卖盘
09:50:09	41.05	0.05	22	90310	买盘
09:50:06	41.0	-0.05	1	4100	卖盘
09:49:57	41.05	0.05	30	126885	买盘
09:49:54	41.0	--	3	12300	买盘
09:49:51	41.0	--	213	873669	卖盘
09:49:48	41.0	-0.05	10	41000	卖盘
09:49:42	41.05	0.02	1	5336	买盘
09:49:36	41.03	0.03	0	2051	买盘
09:49:33	41.0	--	19	77900	卖盘
09:49:27	41.0	-0.03	1	4100	卖盘
09:49:24	41.03	--	2	8206	买盘
09:49:21	41.03	0.03	3	12309	买盘
09:49:18	41.0	-0.02	278	1143121	卖盘
09:49:12	41.02	--	2	8204	卖盘
09:49:06	41.02	-0.01	14	57428	卖盘
09:49:00	41.03	--	3	12309	买盘
09:48:57	41.03	--	5	22566	卖盘
09:48:54	41.03	--	10	43081	卖盘
09:48:48	41.03	-0.02	13	53339	卖盘
09:48:45	41.05	0.02	35	143675	买盘
09:48:42	41.03	-0.02	6	24618	卖盘
09:48:33	41.05	--	3	15188	卖盘
09:48:21	41.05	-0.01	25	102625	卖盘
09:48:18	41.06	--	2	8212	卖盘
09:48:15	41.06	0.01	4	16424	卖盘
09:48:12	41.05	-0.02	43	177746	卖盘
09:48:06	41.07	0.02	12	49284	买盘
09:48:00	41.05	-0.02	5	20525	卖盘
09:47:57	41.07	0.01	7	28749	买盘
09:47:54	41.06	-0.01	19	79656	卖盘
09:47:48	41.07	--	30	125674	买盘
09:47:33	41.07	--	6	24642	买盘
09:47:30	41.07	--	1	4107	买盘
09:47:27	41.07	-0.02	12	49284	卖盘
09:47:12	41.09	--	10	41090	买盘
09:47:06	41.09	0.06	5	20545	买盘
09:47:03	41.03	-0.06	34	139502	卖盘
09:47:00	41.09	--	5	20545	买盘
09:46:54	41.09	0.02	8	32872	买盘
09:46:51	41.07	--	6	24642	中性盘
09:46:45	41.07	-0.02	2	8214	卖盘
09:46:39	41.09	0.07	6	24654	买盘
09:46:30	41.02	--	5	20510	卖盘
09:46:24	41.02	-0.07	17	71374	卖盘
09:46:21	41.09	0.07	15	61635	卖盘
09:46:15	41.02	--	1	4102	卖盘
09:46:09	41.02	-0.04	10	41020	卖盘
09:46:03	41.06	--	17	69802	买盘
09:46:00	41.06	-0.01	109	447554	卖盘
09:45:57	41.07	-0.01	129	529803	卖盘
09:45:54	41.08	--	4	16432	卖盘
09:45:48	41.08	0.01	1	4108	中性盘
09:45:42	41.07	-0.01	24	98568	卖盘
09:45:39	41.08	-0.02	2	8216	卖盘
09:45:36	41.1	0.01	20	82200	买盘
09:45:30	41.09	--	5	20545	卖盘
09:45:27	41.09	-0.01	2	8218	卖盘
09:45:24	41.1	0.01	45	184950	买盘
09:45:21	41.09	-0.01	35	143815	卖盘
09:45:15	41.1	0.01	5	20550	买盘
09:45:12	41.09	-0.01	51	209559	卖盘
09:45:09	41.1	--	22	90420	买盘
09:45:06	41.1	--	3	12330	买盘
09:45:03	41.1	--	8	32880	买盘
09:44:54	41.1	-0.01	40	164400	卖盘
09:44:51	41.11	--	6	24666	买盘
09:44:45	41.11	--	2	8222	买盘
09:44:42	41.11	--	10	41110	买盘
09:44:39	41.11	-0.01	10	41110	卖盘
09:44:36	41.12	--	10	41120	买盘
09:44:27	41.12	--	18	74016	买盘
09:44:24	41.12	--	1	4112	卖盘
09:44:21	41.12	0.01	4	16448	卖盘
09:44:18	41.11	-0.05	2	8222	卖盘
09:44:12	41.16	--	22	90551	买盘
09:44:09	41.16	--	4	16464	买盘
09:44:03	41.16	--	12	49391	卖盘
09:44:00	41.16	--	6	24695	卖盘
09:43:54	41.16	--	70	288120	卖盘
09:43:51	41.16	--	2	8232	卖盘
09:43:48	41.16	-0.02	1	4116	卖盘
09:43:42	41.18	-0.02	61	253668	卖盘
09:43:39	41.2	--	3	12360	买盘
09:43:36	41.2	--	5	20600	买盘
09:43:30	41.2	-0.02	50	206000	卖盘
09:43:27	41.22	0.01	1	4122	买盘
09:43:24	41.21	0.01	22	90662	买盘
09:43:18	41.2	-0.02	5	20600	卖盘
09:43:15	41.22	--	2	8244	买盘
09:43:12	41.22	-0.02	11	45342	中性盘
09:43:09	41.24	0.04	1	4124	买盘
09:43:06	41.2	--	34	140080	卖盘
09:43:03	41.2	-0.02	13	53560	卖盘
09:43:00	41.22	-0.02	2	8244	中性盘
09:42:57	41.24	--	2	8248	买盘
09:42:54	41.24	--	18	74232	买盘
09:42:51	41.24	0.02	2	8248	买盘
09:42:48	41.22	-0.02	5	20610	中性盘
09:42:39	41.24	0.03	63	259812	买盘
09:42:36	41.21	-0.01	20	82420	买盘
09:42:33	41.22	--	22	90684	卖盘
09:42:30	41.22	--	5	20610	卖盘
09:42:27	41.22	--	39	160758	卖盘
09:42:24	41.22	-0.02	4	16488	卖盘
09:42:21	41.24	0.02	9	37116	买盘
09:42:12	41.22	--	4	16488	买盘
09:42:09	41.22	-0.01	21	86562	买盘
09:42:06	41.23	-0.02	6	24737	卖盘
09:42:03	41.25	0.03	50	206250	买盘
09:42:00	41.22	0.02	23	96454	买盘
09:41:57	41.2	-0.02	50	206000	卖盘
09:41:54	41.22	-0.06	14	57708	卖盘
09:41:48	41.28	--	6	24768	买盘
09:41:42	41.28	-0.01	10	41280	中性盘
09:41:39	41.29	-0.01	5	20645	卖盘
09:41:33	41.3	--	32	132160	买盘
09:41:30	41.3	0.08	2	8260	买盘
09:41:27	41.22	-0.11	43	177246	卖盘
09:41:24	41.33	--	14	57862	买盘
09:41:21	41.33	0.03	36	148788	买盘
09:41:18	41.3	-0.04	10	41300	卖盘
09:41:15	41.34	0.04	12	49608	中性盘
09:41:12	41.3	--	34	140420	卖盘
09:41:00	41.3	--	18	74340	买盘
09:40:57	41.3	--	5	20650	买盘
09:40:42	41.3	0.1	5	20650	买盘
09:40:39	41.2	0.01	5	20600	中性盘
09:40:36	41.19	--	14	57666	买盘
09:40:33	41.19	--	25	102975	买盘
09:40:30	41.19	--	10	41190	买盘
09:40:27	41.19	0.04	10	41190	买盘
09:40:24	41.15	--	10	41150	卖盘
09:40:21	41.15	-0.04	1	4115	卖盘
09:40:18	41.19	--	1	4119	买盘
09:40:12	41.19	0.05	3	12357	中性盘
09:40:03	41.14	-0.01	102	419628	中性盘
09:40:00	41.15	--	22	90530	买盘
09:39:57	41.15	--	1	4115	买盘
09:39:54	41.15	0.05	1	4115	买盘
09:39:51	41.1	-0.05	5	20550	卖盘
09:39:48	41.15	--	15	61725	买盘
09:39:45	41.15	0.05	3	12345	买盘
09:39:42	41.1	0.01	4	16440	买盘
09:39:39	41.09	-0.06	2	8218	卖盘
09:39:36	41.15	0.07	3	12345	买盘
09:39:33	41.08	--	13	53814	买盘
09:39:30	41.08	--	12	49296	买盘
09:39:27	41.08	-0.02	50	209097	卖盘
09:39:24	41.1	0.01	5	20961	中性盘
09:39:18	41.09	-0.06	10	41090	卖盘
09:39:15	41.15	0.05	100	411500	买盘
09:39:12	41.1	0.02	13	53430	买盘
09:39:09	41.08	0.07	5	20540	中性盘
09:39:03	41.01	-0.08	42	172242	卖盘
09:38:57	41.09	0.01	15	61635	买盘
09:38:54	41.08	0.08	4	16432	买盘
09:38:48	41.0	--	8	32800	卖盘
09:38:45	41.0	--	10	41000	卖盘
09:38:36	41.0	--	87	358340	买盘
09:38:30	41.0	--	18	73800	买盘
09:38:27	41.0	0.04	10	41000	买盘
09:38:24	40.96	--	52	212992	卖盘
09:38:21	40.96	--	3	12288	卖盘
09:38:18	40.96	--	2	9011	买盘
09:38:15	40.96	0.03	20	81920	买盘
09:38:12	40.93	--	26	106418	卖盘
09:38:06	40.93	--	10	40930	买盘
09:38:03	40.93	--	3	12279	买盘
09:38:00	40.93	--	4	16372	买盘
09:37:57	40.93	--	1	4093	买盘
09:37:54	40.93	--	5	20465	买盘
09:37:51	40.93	--	24	98232	买盘
09:37:42	40.93	0.05	44	180092	买盘
09:37:39	40.88	-0.02	99	404712	卖盘
09:37:36	40.9	--	15	61350	卖盘
09:37:33	40.9	--	18	73620	卖盘
09:37:30	40.9	--	16	65440	卖盘
09:37:27	40.9	--	8	32720	买盘
09:37:24	40.9	--	2	8180	买盘
09:37:21	40.9	--	16	65440	买盘
09:37:18	40.9	--	12	49080	买盘
09:37:15	40.9	--	16	65440	买盘
09:37:12	40.9	-0.02	168	687120	卖盘
09:37:09	40.92	-0.01	1	4092	中性盘
09:37:03	40.93	0.01	10	40930	买盘
09:37:00	40.92	0.02	1	4092	中性盘
09:36:57	40.9	-0.03	36	147240	卖盘
09:36:54	40.93	--	6	24558	买盘
09:36:51	40.93	--	9	36837	买盘
09:36:48	40.93	--	27	110511	卖盘
09:36:45	40.93	-0.03	3	12279	卖盘
09:36:39	40.96	0.01	64	262144	买盘
09:36:36	40.95	--	13	53235	买盘
09:36:33	40.95	--	9	36855	买盘
09:36:30	40.95	--	1	4095	买盘
09:36:27	40.95	-0.01	64	262080	卖盘
09:36:24	40.96	0.01	6	24576	买盘
09:36:21	40.95	--	6	24570	卖盘
09:36:18	40.95	-0.01	13	53235	卖盘
09:36:15	40.96	0.01	1	4096	买盘
09:36:12	40.95	-0.02	14	57330	卖盘
09:36:09	40.97	0.01	9	36873	买盘
09:36:06	40.96	0.01	14	57344	中性盘
09:35:57	40.95	-0.02	12	49140	卖盘
09:35:54	40.97	-0.01	5	20485	买盘
09:35:51	40.98	-0.02	38	155724	卖盘
09:35:48	41.0	--	8	32800	买盘
09:35:45	41.0	--	5	20500	买盘
09:35:42	41.0	-0.09	38	159080	卖盘
09:35:39	41.09	--	8	32872	买盘
09:35:33	41.09	0.09	5	20545	买盘
09:35:30	41.0	-0.1	8	32800	卖盘
09:35:24	41.1	0.01	108	443880	买盘
09:35:18	41.09	--	1	4109	卖盘
09:35:15	41.09	-0.01	2	8218	卖盘
09:35:12	41.1	--	13	53430	买盘
09:35:06	41.1	--	3	12330	买盘
09:35:03	41.1	--	10	41100	买盘
09:35:00	41.1	--	15	61650	买盘
09:34:57	41.1	0.05	45	184950	买盘
09:34:54	41.05	-0.05	6	24630	卖盘
09:34:51	41.1	--	6	24660	买盘
09:34:48	41.1	--	2	8220	买盘
09:34:45	41.1	--	1	4110	买盘
09:34:42	41.1	--	2	8220	买盘
09:34:36	41.1	-0.01	60	246600	卖盘
09:34:33	41.11	-0.02	5	20555	卖盘
09:34:30	41.13	0.03	8	32904	买盘
09:34:21	41.1	--	10	41100	卖盘
09:34:15	41.1	--	13	53430	买盘
09:34:12	41.1	--	5	20550	买盘
09:34:09	41.1	--	12	49320	买盘
09:34:06	41.1	--	1	4110	买盘
09:34:00	41.1	-0.04	2	8220	卖盘
09:33:57	41.14	--	10	41140	买盘
09:33:54	41.14	--	11	45254	买盘
09:33:45	41.14	0.04	64	263296	买盘
09:33:42	41.1	--	16	65760	卖盘
09:33:39	41.1	0.1	17	69870	卖盘
09:33:36	41.0	-0.12	18	75030	卖盘
09:33:33	41.12	--	1	4112	买盘
09:33:30	41.12	-0.04	2	8224	中性盘
09:33:27	41.16	--	1	4116	买盘
09:33:24	41.16	--	3	12347	买盘
09:33:21	41.16	--	2	8232	买盘
09:33:18	41.16	-0.02	104	428887	卖盘
09:33:15	41.18	-0.02	29	119422	卖盘
09:33:09	41.2	0.01	8	32960	买盘
09:33:06	41.19	-0.01	16	65904	中性盘
09:33:03	41.2	--	18	74160	卖盘
09:33:00	41.2	-0.06	2	8240	中性盘
09:32:54	41.26	0.1	10	41260	买盘
09:32:51	41.16	--	1	4116	卖盘
09:32:48	41.16	--	4	16464	买盘
09:32:39	41.16	0.01	6	24695	买盘
09:32:36	41.15	0.14	2	8230	卖盘
09:32:33	41.01	-0.11	5	20505	卖盘
09:32:30	41.12	0.03	1	4112	买盘
09:32:27	41.09	--	2	8218	中性盘
09:32:21	41.09	0.09	7	28763	买盘
09:32:18	41.0	--	10	41000	卖盘
09:32:15	41.0	0.01	37	154570	买盘
09:32:12	40.99	--	67	277912	卖盘
09:32:09	40.99	--	13	54926	买盘
09:32:06	40.99	--	1	4099	买盘
09:32:03	40.99	0.06	10	40990	买盘
09:32:00	40.93	-0.06	38	155534	卖盘
09:31:57	40.99	0.01	13	53287	买盘
09:31:54	40.98	-0.01	7	28685	卖盘
09:31:51	40.99	--	3	12297	买盘
09:31:48	40.99	0.01	1	4099	买盘
09:31:42	40.98	--	12	52003	中性盘
09:31:36	40.98	0.05	3	12293	买盘
09:31:30	40.93	--	19	77767	卖盘
09:31:24	40.93	--	1	4093	买盘
09:31:21	40.93	0.06	13	53209	买盘
09:31:18	40.87	-0.01	52	212524	卖盘
09:31:15	40.88	-0.05	51	208488	卖盘
09:31:12	40.93	0.05	6	24558	买盘
09:31:09	40.88	-0.05	10	40880	卖盘
09:31:06	40.93	0.03	30	122790	买盘
09:31:03	40.9	--	11	44990	买盘
09:31:00	40.9	0.03	1	4090	买盘
09:30:57	40.87	-0.03	41	167567	卖盘
09:30:54	40.9	0.02	18	73620	买盘
09:30:51	40.88	--	3	12672	卖盘
09:30:48	40.88	-0.02	5	24119	卖盘
09:30:45	40.9	--	14	57260	买盘
09:30:42	40.9	--	32	130880	买盘
09:30:39	40.9	--	9	36810	买盘
09:30:36	40.9	-0.03	46	188140	卖盘
09:30:33	40.93	0.02	24	98232	买盘
09:30:30	40.91	--	2	8181	买盘
09:30:24	40.91	-0.02	3	12272	卖盘
09:30:21	40.93	--	27	110511	买盘
09:30:15	40.93	--	13	53209	买盘
09:30:12	40.93	0.03	19	77767	买盘
09:30:09	40.9	-0.03	46	188140	卖盘
09:30:06	40.93	-0.07	235	961855	卖盘
09:30:03	41.0	--	21	86100	买盘
09:25:03	41.0	41	100	410000	买盘
