成交时间	成交价	价格变动	成交量(手)	成交额(元)	性质
15:00:03	19.33	--	1569	3033398	买盘
14:57:03	19.33	0.01	125	241624	买盘
14:57:00	19.32	-0.01	41	79212	卖盘
14:56:54	19.33	0.01	5	9665	买盘
14:56:51	19.32	--	85	164220	卖盘
14:56:48	19.32	-0.01	7	13524	卖盘
14:56:45	19.33	--	20	38660	买盘
14:56:42	19.33	--	13	25128	买盘
14:56:39	19.33	--	53	102448	买盘
14:56:36	19.33	--	32	61855	买盘
14:56:33	19.33	-0.01	342	661085	卖盘
14:56:24	19.34	--	23	44482	买盘
14:56:21	19.34	--	4	7736	买盘
14:56:18	19.34	0.01	78	150852	买盘
14:56:15	19.33	--	7	13530	卖盘
14:56:12	19.33	-0.01	22	42525	卖盘
14:56:09	19.34	0.01	3	5802	买盘
14:56:06	19.33	--	31	59922	卖盘
14:56:03	19.33	0.01	96	185567	买盘
14:55:54	19.32	--	39	75348	卖盘
14:55:48	19.32	--	18	34776	买盘
14:55:45	19.32	-0.03	26	50232	卖盘
14:55:42	19.35	0.03	47	90945	买盘
14:55:30	19.32	-0.03	4	7728	卖盘
14:55:21	19.35	0.04	29	56115	买盘
14:55:06	19.31	-0.01	12	24291	卖盘
14:55:03	19.32	--	13	25116	卖盘
14:54:57	19.32	--	3	5796	卖盘
14:54:54	19.32	-0.01	155	299460	卖盘
14:54:51	19.33	--	5	9665	买盘
14:54:48	19.33	0.01	32	61855	中性盘
14:54:45	19.32	-0.03	4	7728	卖盘
14:54:42	19.35	0.05	58	113468	买盘
14:54:39	19.3	-0.04	343	661990	卖盘
14:54:36	19.34	0.02	9	17406	买盘
14:54:33	19.32	-0.01	16	30912	卖盘
14:54:30	19.33	0.01	10	19330	买盘
14:54:27	19.32	-0.03	34	65688	卖盘
14:54:24	19.35	0.03	13	25155	买盘
14:54:21	19.32	-0.03	12	23184	中性盘
14:54:18	19.35	--	28	54180	买盘
14:54:15	19.35	0.04	241	466335	买盘
14:54:12	19.31	-0.02	217	419027	卖盘
14:54:09	19.33	-0.02	50	96649	卖盘
14:54:06	19.35	0.02	13	25155	买盘
14:54:03	19.33	--	18	34794	卖盘
14:53:57	19.33	--	104	201031	卖盘
14:53:54	19.33	--	21	40593	卖盘
14:53:51	19.33	--	1	1932	卖盘
14:53:48	19.33	-0.02	45	86984	卖盘
14:53:45	19.35	0.05	26	50310	买盘
14:53:42	19.3	-0.01	38	73340	卖盘
14:53:39	19.31	--	20	38620	买盘
14:53:36	19.31	0.01	12	23172	买盘
14:53:33	19.3	-0.05	10	19300	卖盘
14:53:27	19.35	0.05	7	13545	买盘
14:53:24	19.3	-0.04	50	96500	卖盘
14:53:21	19.34	0.04	2	3868	中性盘
14:53:18	19.3	-0.04	76	146680	卖盘
14:53:15	19.34	0.03	58	112172	买盘
14:53:09	19.31	-0.03	20	38620	卖盘
14:53:06	19.34	0.03	19	36746	买盘
14:53:03	19.31	--	9	17379	买盘
14:53:00	19.31	-0.01	3	5793	买盘
14:52:57	19.32	-0.02	72	139104	卖盘
14:52:54	19.34	0.03	14	27076	卖盘
14:52:51	19.31	0.01	2	3861	中性盘
14:52:48	19.3	-0.04	45	86850	卖盘
14:52:45	19.34	0.04	17	32878	买盘
14:52:42	19.3	-0.03	112	216160	卖盘
14:52:39	19.33	-0.02	22	42525	中性盘
14:52:36	19.35	0.04	93	179955	买盘
14:52:27	19.31	0.01	19	36689	卖盘
14:52:24	19.3	--	52	100919	卖盘
14:52:21	19.3	-0.03	30	57900	卖盘
14:52:18	19.33	--	6	11597	买盘
14:52:15	19.33	0.02	205	396264	买盘
14:52:12	19.31	--	3	5793	卖盘
14:52:09	19.31	-0.02	29	55998	卖盘
14:52:06	19.33	0.02	16	30927	买盘
14:52:03	19.31	-0.02	40	77240	卖盘
14:52:00	19.33	0.03	38	73454	买盘
14:51:57	19.3	--	37	71410	卖盘
14:51:48	19.3	--	15	28950	卖盘
14:51:45	19.3	-0.03	8	15440	卖盘
14:51:42	19.33	-0.01	27	52190	卖盘
14:51:39	19.34	--	41	79294	买盘
14:51:36	19.34	0.01	18	34812	买盘
14:51:33	19.33	0.05	15	28994	中性盘
14:51:27	19.28	-0.02	15	28920	卖盘
14:51:24	19.3	0.02	22	42460	买盘
14:51:21	19.28	-0.06	4	7712	卖盘
14:51:18	19.34	0.04	108	210535	买盘
14:51:15	19.3	--	279	540322	买盘
14:51:12	19.3	0.02	55	106150	买盘
14:51:09	19.28	--	20	38560	卖盘
14:51:06	19.28	-0.02	154	297471	卖盘
14:51:03	19.3	--	96	185280	买盘
14:51:00	19.3	0.02	4	7720	买盘
14:50:57	19.28	-0.02	52	100256	卖盘
14:50:54	19.3	0.02	1	1930	买盘
14:50:51	19.28	-0.02	92	177376	卖盘
14:50:48	19.3	0.02	259	499870	买盘
14:50:45	19.28	--	47	90616	卖盘
14:50:42	19.28	-0.01	82	158096	卖盘
14:50:39	19.29	-0.01	14	27006	中性盘
14:50:36	19.3	--	88	169840	买盘
14:50:33	19.3	--	12	23160	买盘
14:50:30	19.3	--	11	21230	买盘
14:50:27	19.3	-0.04	1306	2520657	卖盘
14:50:24	19.34	--	5	9670	买盘
14:50:21	19.34	--	21	40614	买盘
14:50:18	19.34	0.01	8	15472	买盘
14:50:15	19.33	--	33	63788	卖盘
14:50:09	19.33	-0.02	37	71521	卖盘
14:50:06	19.35	0.01	43	83205	买盘
14:50:03	19.34	--	20	38680	买盘
14:50:00	19.34	--	21	40614	买盘
14:49:57	19.34	--	16	30944	卖盘
14:49:51	19.34	-0.01	58	112172	卖盘
14:49:48	19.35	0.01	68	131580	中性盘
14:49:42	19.34	-0.01	19	36746	卖盘
14:49:39	19.35	-0.01	6	11610	卖盘
14:49:36	19.36	0.01	15	29040	买盘
14:49:33	19.35	--	3	5805	卖盘
14:49:30	19.35	--	30	58050	卖盘
14:49:27	19.35	--	19	36765	卖盘
14:49:21	19.35	--	3	5805	买盘
14:49:18	19.35	--	46	89010	卖盘
14:49:09	19.35	-0.02	13	25155	卖盘
14:49:06	19.37	0.02	21	40677	买盘
14:49:03	19.35	--	32	61920	卖盘
14:49:00	19.35	--	18	34830	卖盘
14:48:57	19.35	--	19	36765	卖盘
14:48:54	19.35	--	1	1935	卖盘
14:48:48	19.35	--	70	135450	卖盘
14:48:45	19.35	-0.02	2	3870	卖盘
14:48:42	19.37	0.02	35	67795	买盘
14:48:39	19.35	-0.02	12	23220	卖盘
14:48:36	19.37	0.02	73	141401	买盘
14:48:33	19.35	--	30	58050	卖盘
14:48:27	19.35	--	20	38700	卖盘
14:48:24	19.35	--	1	1935	卖盘
14:48:21	19.35	--	34	65790	卖盘
14:48:18	19.35	--	81	156735	卖盘
14:48:12	19.35	--	10	19350	卖盘
14:48:09	19.35	-0.03	25	48375	卖盘
14:48:06	19.38	0.03	37	71706	买盘
14:48:00	19.35	--	1	1935	卖盘
14:47:57	19.35	--	43	83205	买盘
14:47:54	19.35	0.03	76	147060	买盘
14:47:48	19.32	--	19	36708	卖盘
14:47:45	19.32	-0.02	29	56028	卖盘
14:47:39	19.34	--	28	54152	买盘
14:47:36	19.34	0.02	55	106370	买盘
14:47:30	19.32	-0.01	30	57960	卖盘
14:47:27	19.33	0.01	31	59922	中性盘
14:47:21	19.32	-0.02	10	19320	卖盘
14:47:18	19.34	--	12	23208	卖盘
14:47:12	19.34	-0.01	81	156654	卖盘
14:47:09	19.35	--	26	50310	买盘
14:47:06	19.35	--	26	50310	卖盘
14:47:03	19.35	--	6	11610	卖盘
14:46:57	19.35	--	20	38700	卖盘
14:46:54	19.35	-0.03	32	61920	中性盘
14:46:51	19.38	0.05	111	215118	买盘
14:46:48	19.33	0.01	29	56056	买盘
14:46:42	19.32	-0.01	31	59892	卖盘
14:46:39	19.33	0.01	1	1932	中性盘
14:46:36	19.32	-0.03	118	227976	卖盘
14:46:33	19.35	0.01	30	58050	买盘
14:46:30	19.34	0.01	31	59954	买盘
14:46:27	19.33	-0.01	8	15463	卖盘
14:46:24	19.34	0.01	6	11604	买盘
14:46:21	19.33	--	35	67655	卖盘
14:46:18	19.33	-0.01	19	36727	卖盘
14:46:15	19.34	--	36	69624	买盘
14:46:12	19.34	0.02	3	5802	买盘
14:46:09	19.32	-0.03	4	7728	卖盘
14:46:06	19.35	--	18	34830	买盘
14:46:03	19.35	0.01	79	152865	买盘
14:45:57	19.34	-0.01	30	58020	卖盘
14:45:54	19.35	0.01	41	79335	买盘
14:45:48	19.34	--	19	36746	卖盘
14:45:42	19.34	--	51	98634	卖盘
14:45:39	19.34	-0.01	12	23208	卖盘
14:45:36	19.35	0.01	15	29025	买盘
14:45:33	19.34	0.02	14	27076	中性盘
14:45:27	19.32	-0.01	20	38640	卖盘
14:45:24	19.33	0.01	24	46391	买盘
14:45:21	19.32	0.01	62	119784	买盘
14:45:18	19.31	-0.01	19	36689	卖盘
14:45:09	19.32	-0.03	19	36708	卖盘
14:45:06	19.35	0.04	10	19350	买盘
14:45:00	19.31	-0.01	100	193100	卖盘
14:44:57	19.32	--	50	97353	卖盘
14:44:51	19.32	--	3	5796	卖盘
14:44:48	19.32	--	19	38157	卖盘
14:44:45	19.32	--	29	56028	卖盘
14:44:42	19.32	-0.01	0	1584	卖盘
14:44:39	19.33	-0.02	13	25128	卖盘
14:44:36	19.35	--	16	30960	买盘
14:44:33	19.35	0.02	30	58050	买盘
14:44:30	19.33	--	31	59922	卖盘
14:44:27	19.33	0.02	41	79253	中性盘
14:44:18	19.31	-0.02	55	106205	卖盘
14:44:12	19.33	0.02	10	19330	买盘
14:44:09	19.31	-0.04	11	21241	卖盘
14:44:06	19.35	0.02	20	38700	买盘
14:44:03	19.33	--	135	260954	买盘
14:44:00	19.33	--	3	5798	买盘
14:43:57	19.33	--	7	13530	卖盘
14:43:48	19.33	0.02	19	36727	中性盘
14:43:45	19.31	--	13	25103	卖盘
14:43:42	19.31	--	29	55998	卖盘
14:43:39	19.31	-0.01	100	193100	卖盘
14:43:36	19.32	--	8	15456	买盘
14:43:33	19.32	--	10	19320	买盘
14:43:30	19.32	--	35	67620	买盘
14:43:27	19.32	-0.01	43	83076	卖盘
14:43:24	19.33	0.01	1	1932	买盘
14:43:21	19.32	-0.01	16	30912	卖盘
14:43:18	19.33	--	23	44458	买盘
14:43:15	19.33	--	130	251773	买盘
14:43:09	19.33	--	14	27061	买盘
14:43:06	19.33	--	21	40593	买盘
14:43:03	19.33	-0.01	64	123711	卖盘
14:43:00	19.34	--	1	1934	卖盘
14:42:57	19.34	--	80	154720	卖盘
14:42:48	19.34	-0.01	19	36746	中性盘
14:42:45	19.35	0.01	81	156735	买盘
14:42:42	19.34	--	25	48891	卖盘
14:42:39	19.34	-0.01	12	23208	卖盘
14:42:36	19.35	0.02	15	29025	买盘
14:42:33	19.33	--	30	57989	卖盘
14:42:30	19.33	--	1	1932	卖盘
14:42:27	19.33	--	30	57989	卖盘
14:42:18	19.33	-0.02	51	98582	卖盘
14:42:15	19.35	0.02	89	172215	买盘
14:42:12	19.33	-0.02	1	1932	卖盘
14:42:06	19.35	--	58	112230	买盘
14:42:00	19.35	--	145	280710	卖盘
14:41:57	19.35	--	20	38700	卖盘
14:41:54	19.35	--	30	58050	卖盘
14:41:48	19.35	--	19	36765	卖盘
14:41:39	19.35	-0.02	50	96750	卖盘
14:41:36	19.37	-0.03	9	17433	买盘
14:41:27	19.4	0.05	34	65960	买盘
14:41:24	19.35	-0.02	31	59985	卖盘
14:41:21	19.37	0.02	18	34866	买盘
14:41:18	19.35	-0.01	19	36765	卖盘
14:41:12	19.36	--	16	30976	买盘
14:41:09	19.36	-0.02	1	1936	中性盘
14:41:06	19.38	0.01	226	437988	买盘
14:41:00	19.37	--	10	19370	买盘
14:40:57	19.37	0.01	7	13559	买盘
14:40:54	19.36	-0.02	71	137456	卖盘
14:40:51	19.38	--	60	116280	卖盘
14:40:48	19.38	--	61	118218	卖盘
14:40:42	19.38	--	1	1938	卖盘
14:40:39	19.38	--	12	23256	卖盘
14:40:36	19.38	-0.02	65	125970	卖盘
14:40:33	19.4	--	10	19400	买盘
14:40:30	19.4	--	22	42680	买盘
14:40:27	19.4	0.02	7	13579	买盘
14:40:24	19.38	-0.01	32	62016	卖盘
14:40:21	19.39	--	14	27146	卖盘
14:40:18	19.39	-0.01	19	36841	卖盘
14:40:12	19.4	0.01	50	97000	买盘
14:40:09	19.39	-0.01	37	71743	卖盘
14:40:06	19.4	--	75	147304	卖盘
14:40:00	19.4	0.01	80	155200	买盘
14:39:57	19.39	--	50	96950	卖盘
14:39:48	19.39	-0.01	67	129913	卖盘
14:39:42	19.4	0.01	78	151320	买盘
14:39:39	19.39	--	19	36841	卖盘
14:39:30	19.39	--	29	56231	卖盘
14:39:27	19.39	-0.02	23	44597	卖盘
14:39:21	19.41	0.01	44	85404	买盘
14:39:18	19.4	--	34	65960	卖盘
14:39:15	19.4	--	5	9700	卖盘
14:39:09	19.4	-0.02	8	15519	卖盘
14:39:06	19.42	--	29	56318	买盘
14:39:03	19.42	0.02	20	38840	买盘
14:39:00	19.4	-0.01	90	174600	卖盘
14:38:57	19.41	--	23	44643	卖盘
14:38:54	19.41	0.01	100	194100	中性盘
14:38:48	19.4	--	20	38800	卖盘
14:38:45	19.4	--	5	9700	卖盘
14:38:42	19.4	-0.01	57	110579	卖盘
14:38:39	19.41	--	51	100873	买盘
14:38:36	19.41	0.01	36	69876	买盘
14:38:30	19.4	-0.01	29	56259	卖盘
14:38:27	19.41	0.01	48	93168	买盘
14:38:24	19.4	0.01	62	120279	买盘
14:38:21	19.39	--	5	9695	卖盘
14:38:18	19.39	0.01	51	98889	卖盘
14:38:15	19.38	--	37	71706	卖盘
14:38:09	19.38	-0.02	79	153102	卖盘
14:38:06	19.4	0.02	39	75660	买盘
14:37:57	19.38	--	50	96900	中性盘
14:37:54	19.38	--	45	87210	卖盘
14:37:51	19.38	0.01	15	29070	买盘
14:37:48	19.37	-0.01	16	30992	卖盘
14:37:42	19.38	-0.03	19	36822	卖盘
14:37:39	19.41	--	14	27174	买盘
14:37:36	19.41	0.05	7	13587	买盘
14:37:27	19.36	-0.02	20	38720	卖盘
14:37:24	19.38	0.02	6	11628	中性盘
14:37:18	19.36	-0.05	19	36784	卖盘
14:37:15	19.41	0.01	103	199923	买盘
14:37:12	19.4	0.03	37	71780	买盘
14:37:09	19.37	-0.03	52	100724	卖盘
14:37:06	19.4	0.02	24	46560	买盘
14:36:57	19.38	-0.01	219	424422	卖盘
14:36:54	19.39	0.01	1	1939	买盘
14:36:51	19.38	-0.01	20	38760	卖盘
14:36:48	19.39	--	25	48475	买盘
14:36:42	19.39	0.01	49	95011	买盘
14:36:39	19.38	-0.02	14	27132	卖盘
14:36:36	19.4	0.02	67	129979	买盘
14:36:30	19.38	--	34	65892	卖盘
14:36:27	19.38	--	126	244188	卖盘
14:36:18	19.38	--	21	40698	卖盘
14:36:15	19.38	--	32	62016	卖盘
14:36:09	19.38	-0.02	25	48450	卖盘
14:36:00	19.4	0.02	3	5820	买盘
14:35:57	19.38	-0.02	51	98838	卖盘
14:35:48	19.4	0.02	7	13579	中性盘
14:35:45	19.38	-0.02	30	58140	卖盘
14:35:42	19.4	0.01	17	32980	买盘
14:35:39	19.39	-0.01	4	7756	中性盘
14:35:36	19.4	0.02	57	110579	买盘
14:35:33	19.38	-0.01	101	195738	卖盘
14:35:27	19.39	0.01	7	13573	买盘
14:35:24	19.38	-0.02	137	265506	卖盘
14:35:21	19.4	0.02	5	11232	买盘
14:35:18	19.38	-0.01	53	102714	卖盘
14:35:15	19.39	0.01	10	19390	买盘
14:35:12	19.38	-0.02	1	1938	卖盘
14:35:06	19.4	--	36	69840	买盘
14:35:03	19.4	--	10	19400	买盘
14:34:57	19.4	0.01	28	54319	买盘
14:34:54	19.39	-0.01	30	58170	卖盘
14:34:48	19.4	--	41	79540	买盘
14:34:42	19.4	--	41	79947	卖盘
14:34:39	19.4	--	12	23280	卖盘
14:34:36	19.4	--	37	71780	卖盘
14:34:30	19.4	--	1	1939	卖盘
14:34:27	19.4	--	26	50439	卖盘
14:34:24	19.4	-0.02	5	9700	卖盘
14:34:21	19.42	0.02	75	145650	买盘
14:34:18	19.4	--	20	38800	卖盘
14:34:09	19.4	-0.02	18	34920	卖盘
14:34:06	19.42	--	8	15536	买盘
14:34:00	19.42	--	38	73796	卖盘
14:33:57	19.42	--	29	56318	卖盘
14:33:54	19.42	--	1	1942	卖盘
14:33:48	19.42	--	20	38840	卖盘
14:33:45	19.42	-0.01	7	13594	卖盘
14:33:42	19.43	--	12	23316	买盘
14:33:36	19.43	--	7	13601	买盘
14:33:33	19.43	-0.01	41	79663	卖盘
14:33:30	19.44	0.01	13	25272	买盘
14:33:27	19.43	--	59	114637	卖盘
14:33:21	19.43	--	5	9715	卖盘
14:33:18	19.43	-0.01	38	73834	卖盘
14:33:15	19.44	0.01	62	120528	买盘
14:33:12	19.43	--	38	73834	卖盘
14:33:09	19.43	-0.01	12	23316	卖盘
14:33:06	19.44	0.01	8	15552	买盘
14:33:03	19.43	--	8	15544	卖盘
14:32:57	19.43	--	29	56347	卖盘
14:32:54	19.43	--	13	25259	卖盘
14:32:48	19.43	--	26	50518	卖盘
14:32:45	19.43	0.01	96	187227	买盘
14:32:42	19.42	-0.01	53	102926	卖盘
14:32:39	19.43	--	24	46632	买盘
14:32:36	19.43	0.01	107	207901	中性盘
14:32:33	19.42	--	271	528088	卖盘
14:32:30	19.42	--	6	11652	卖盘
14:32:27	19.42	-0.01	19	36898	卖盘
14:32:24	19.43	0.01	1	1943	买盘
14:32:18	19.42	--	21	40782	卖盘
14:32:15	19.42	--	18	34956	卖盘
14:32:12	19.42	0.02	67	130114	卖盘
14:32:09	19.4	-0.03	20	38800	卖盘
14:32:03	19.43	0.03	30	58290	买盘
14:31:57	19.4	--	38	73720	卖盘
14:31:51	19.4	--	3	5820	卖盘
14:31:48	19.4	--	22	42680	卖盘
14:31:42	19.4	--	8	17052	买盘
14:31:39	19.4	--	50	97000	买盘
14:31:36	19.4	0.01	65	126099	买盘
14:31:33	19.39	--	5	9695	卖盘
14:31:27	19.39	-0.01	20	38780	卖盘
14:31:18	19.4	0.01	30	58199	买盘
14:31:15	19.39	--	69	133791	卖盘
14:31:09	19.39	-0.01	12	23268	卖盘
14:31:06	19.4	--	18	34920	买盘
14:31:03	19.4	--	3	5820	买盘
14:31:00	19.4	--	2	3879	买盘
14:30:57	19.4	--	7	13579	买盘
14:30:54	19.4	--	30	58607	卖盘
14:30:51	19.4	-0.01	20	38800	卖盘
14:30:48	19.41	0.01	20	38820	买盘
14:30:45	19.4	--	2	3879	卖盘
14:30:39	19.4	-0.01	12	23280	卖盘
14:30:36	19.41	0.01	7	13587	买盘
14:30:30	19.4	--	9	17460	卖盘
14:30:27	19.4	--	51	98940	卖盘
14:30:24	19.4	--	3	5820	卖盘
14:30:18	19.4	--	20	38800	卖盘
14:30:12	19.4	--	67	129979	卖盘
14:30:09	19.4	-0.02	12	23280	卖盘
14:30:06	19.42	0.02	7	13594	买盘
14:29:57	19.4	--	22	44212	卖盘
14:29:48	19.4	--	19	36860	卖盘
14:29:45	19.4	--	1	1939	卖盘
14:29:42	19.4	--	7	13579	卖盘
14:29:39	19.4	-0.02	13	25219	卖盘
14:29:36	19.42	0.02	17	33014	买盘
14:29:27	19.4	--	19	36860	卖盘
14:29:18	19.4	--	20	38800	卖盘
14:29:15	19.4	-0.01	7	13579	中性盘
14:29:09	19.41	--	79	153746	卖盘
14:29:06	19.41	--	24	48117	卖盘
14:28:57	19.41	--	21	40761	卖盘
14:28:54	19.41	-0.01	5	9705	中性盘
14:28:48	19.42	0.03	13	25246	中性盘
14:28:45	19.39	-0.02	86	166754	卖盘
14:28:42	19.41	-0.01	7	13587	买盘
14:28:39	19.42	-0.02	5	9710	卖盘
14:28:36	19.44	0.01	92	178848	买盘
14:28:33	19.43	--	2	3886	买盘
14:28:30	19.43	--	65	126295	买盘
14:28:27	19.43	--	22	42746	卖盘
14:28:24	19.43	--	22	42746	卖盘
14:28:18	19.43	--	21	40803	卖盘
14:28:12	19.43	--	2	3886	卖盘
14:28:09	19.43	--	26	50518	买盘
14:28:06	19.43	0.01	32	62176	买盘
14:28:00	19.42	--	12	23304	买盘
14:27:57	19.42	0.02	7	13594	买盘
14:27:54	19.4	-0.03	64	124159	卖盘
14:27:51	19.43	--	40	77720	卖盘
14:27:48	19.43	0.02	145	281735	买盘
14:27:42	19.41	0.01	5	9705	中性盘
14:27:39	19.4	-0.01	20	38800	卖盘
14:27:33	19.41	-0.01	3	5823	中性盘
14:27:27	19.42	0.02	88	170896	买盘
14:27:18	19.4	--	30	58199	卖盘
14:27:15	19.4	-0.02	10	19400	中性盘
14:27:09	19.42	--	14	27188	买盘
14:27:06	19.42	0.04	7	13594	买盘
14:27:00	19.38	-0.01	79	153102	卖盘
14:26:57	19.39	-0.03	19	36841	卖盘
14:26:51	19.42	0.03	32	62144	买盘
14:26:48	19.39	--	19	36841	卖盘
14:26:39	19.39	-0.02	5	9695	卖盘
14:26:36	19.41	0.02	7	13587	买盘
14:26:30	19.39	--	5	9695	买盘
14:26:27	19.39	--	20	38780	卖盘
14:26:24	19.39	-0.03	6	11634	卖盘
14:26:21	19.42	0.03	5	9710	买盘
14:26:18	19.39	--	69	133791	卖盘
14:26:12	19.39	-0.03	8	15512	卖盘
14:26:09	19.42	--	63	122346	买盘
14:26:06	19.42	0.03	7	13594	买盘
14:25:57	19.39	--	19	36841	卖盘
14:25:54	19.39	-0.03	69	133791	卖盘
14:25:48	19.42	0.01	53	102926	买盘
14:25:45	19.41	-0.01	50	97050	卖盘
14:25:42	19.42	0.03	5	9710	买盘
14:25:39	19.39	-0.02	13	25207	卖盘
14:25:36	19.41	0.02	7	13587	买盘
14:25:33	19.39	-0.03	35	67865	卖盘
14:25:30	19.42	0.03	4	7768	买盘
14:25:27	19.39	-0.02	20	38780	卖盘
14:25:24	19.41	-0.01	6	11646	中性盘
14:25:21	19.42	0.03	1	1942	买盘
14:25:18	19.39	--	19	36841	卖盘
14:25:09	19.39	--	20	38780	卖盘
14:25:03	19.39	0.01	1	1939	中性盘
14:24:57	19.38	-0.01	19	36822	卖盘
14:24:54	19.39	-0.03	2	3878	买盘
14:24:51	19.42	0.04	8	15536	买盘
14:24:48	19.38	--	19	36822	卖盘
14:24:39	19.38	-0.04	5	9690	卖盘
14:24:36	19.42	0.03	7	13594	买盘
14:24:27	19.39	0.01	49	95011	中性盘
14:24:18	19.38	-0.01	228	441864	卖盘
14:24:15	19.39	0.01	5	9695	卖盘
14:24:09	19.38	--	20	38760	卖盘
14:24:06	19.38	-0.02	52	100776	卖盘
14:24:03	19.4	0.02	9	17460	买盘
14:24:00	19.38	--	146	282948	卖盘
14:23:57	19.38	--	35	67830	卖盘
14:23:54	19.38	-0.02	31	60078	卖盘
14:23:51	19.4	0.02	10	19400	卖盘
14:23:48	19.38	-0.06	112	217056	卖盘
14:23:45	19.44	0.01	118	229392	买盘
14:23:42	19.43	--	32	62176	买盘
14:23:39	19.43	--	53	103892	卖盘
14:23:36	19.43	--	33	64119	卖盘
14:23:33	19.43	-0.01	120	233160	卖盘
14:23:30	19.44	0.01	25	48600	买盘
14:23:27	19.43	--	79	153497	卖盘
14:23:24	19.43	--	7	14630	卖盘
14:23:21	19.43	-0.02	3	5829	卖盘
14:23:18	19.45	0.01	107	208115	买盘
14:23:15	19.44	--	92	179761	卖盘
14:23:12	19.44	-0.01	2	3888	卖盘
14:23:09	19.45	--	113	219785	买盘
14:23:06	19.45	0.01	22	42790	买盘
14:23:03	19.44	--	100	194400	卖盘
14:22:57	19.44	-0.01	22	42768	卖盘
14:22:51	19.45	--	10	19450	买盘
14:22:48	19.45	--	35	68075	买盘
14:22:45	19.45	--	27	52515	买盘
14:22:42	19.45	0.01	1	1945	买盘
14:22:39	19.44	-0.01	19	36936	卖盘
14:22:36	19.45	0.01	16	31120	买盘
14:22:30	19.44	--	63	122472	卖盘
14:22:27	19.44	--	24	46656	卖盘
14:22:24	19.44	--	94	183766	买盘
14:22:21	19.44	--	128	248832	买盘
14:22:18	19.44	--	46	89424	买盘
14:22:15	19.44	--	11	21384	买盘
14:22:12	19.44	--	27	52488	买盘
14:22:09	19.44	0.01	48	93312	买盘
14:22:03	19.43	--	36	69948	买盘
14:22:00	19.43	0.01	10	19430	买盘
14:21:57	19.42	-0.01	69	133998	卖盘
14:21:51	19.43	0.03	7	13601	买盘
14:21:48	19.4	-0.04	19	36860	卖盘
14:21:42	19.44	0.04	39	75816	买盘
14:21:39	19.4	-0.02	13	25219	卖盘
14:21:36	19.42	--	7	13594	买盘
14:21:30	19.42	-0.01	206	400052	买盘
14:21:27	19.43	0.01	42	81606	买盘
14:21:18	19.42	--	19	36898	卖盘
14:21:15	19.42	--	11	21362	卖盘
14:21:12	19.42	--	17	33014	卖盘
14:21:09	19.42	0.01	24	46608	买盘
14:20:57	19.41	--	19	36879	卖盘
14:20:51	19.41	0.01	21	40761	买盘
14:20:48	19.4	0.01	22	42680	中性盘
14:20:39	19.39	-0.02	13	25207	卖盘
14:20:36	19.41	0.03	14	27174	买盘
14:20:27	19.38	-0.03	19	36822	卖盘
14:20:24	19.41	0.02	651	1263591	买盘
14:20:21	19.39	0.01	16	31024	买盘
14:20:18	19.38	--	19	36822	卖盘
14:20:15	19.38	--	79	153102	卖盘
14:20:12	19.38	--	5	9690	卖盘
14:20:09	19.38	-0.01	20	38760	卖盘
14:20:06	19.39	0.01	2	3878	买盘
14:20:03	19.38	--	10	19380	卖盘
14:19:57	19.38	--	342	662796	卖盘
14:19:54	19.38	-0.01	5	9690	卖盘
14:19:51	19.39	--	8	15512	买盘
14:19:48	19.39	0.01	23	44597	买盘
14:19:45	19.38	-0.01	10	19380	卖盘
14:19:42	19.39	--	8	15512	买盘
14:19:39	19.39	-0.01	40	77560	卖盘
14:19:36	19.4	--	7	13579	买盘
14:19:33	19.4	0.01	1	1939	中性盘
14:19:27	19.39	-0.02	19	36841	卖盘
14:19:21	19.41	--	1	1941	买盘
14:19:18	19.41	0.02	22	42702	中性盘
14:19:15	19.39	-0.02	61	118279	卖盘
14:19:12	19.41	-0.02	5	9705	卖盘
14:19:09	19.43	--	13	25259	买盘
14:19:06	19.43	0.04	7	13601	买盘
14:19:03	19.39	-0.01	15	29085	卖盘
14:19:00	19.4	--	5	9700	买盘
14:18:57	19.4	-0.03	75	145500	卖盘
14:18:51	19.43	--	3	5829	买盘
14:18:48	19.43	0.03	21	40803	买盘
14:18:45	19.4	-0.04	5	9700	中性盘
14:18:39	19.44	--	14	27216	买盘
14:18:36	19.44	0.01	7	13608	买盘
14:18:33	19.43	--	2	3886	买盘
14:18:30	19.43	0.05	29	56347	买盘
14:18:27	19.38	--	20	38760	卖盘
14:18:21	19.38	-0.06	60	116280	卖盘
14:18:18	19.44	--	69	134136	买盘
14:18:12	19.44	0.04	60	116640	买盘
14:18:09	19.4	-0.04	13	25219	中性盘
14:18:06	19.44	0.06	10	19440	买盘
14:18:00	19.38	--	477	924426	卖盘
14:17:57	19.38	--	78	151164	卖盘
14:17:54	19.38	--	467	905046	买盘
14:17:51	19.38	0.02	27	52326	买盘
14:17:48	19.36	--	19	36784	卖盘
14:17:39	19.36	-0.01	21	40656	卖盘
14:17:36	19.37	0.02	17	32929	中性盘
14:17:27	19.35	-0.02	25	48375	卖盘
14:17:24	19.37	--	14	27118	买盘
14:17:18	19.37	--	46	89102	买盘
14:17:15	19.37	--	25	48425	买盘
14:17:12	19.37	0.02	2	3874	买盘
14:17:09	19.35	-0.02	12	23220	卖盘
14:17:06	19.37	--	7	13559	买盘
14:17:00	19.37	0.02	20	38740	买盘
14:16:57	19.35	--	20	38700	卖盘
14:16:54	19.35	--	1	1935	卖盘
14:16:48	19.35	--	19	36765	卖盘
14:16:45	19.35	--	84	162675	买盘
14:16:42	19.35	0.03	1	1935	买盘
14:16:39	19.32	-0.03	12	23184	卖盘
14:16:36	19.35	--	7	13545	买盘
14:16:33	19.35	--	10	19350	买盘
14:16:30	19.35	0.03	24	46440	买盘
14:16:27	19.32	0.02	20	38640	中性盘
14:16:24	19.3	-0.05	5	9650	卖盘
14:16:21	19.35	0.05	820	1586700	买盘
14:16:18	19.3	--	19	36670	卖盘
14:16:15	19.3	--	7	13510	卖盘
14:16:12	19.3	--	15	28950	卖盘
14:16:09	19.3	-0.02	19	36670	卖盘
14:16:06	19.32	0.02	50	96600	买盘
14:16:00	19.3	--	354	684590	买盘
14:15:57	19.3	--	24	46320	买盘
14:15:54	19.3	--	10	19300	买盘
14:15:51	19.3	--	210	405300	买盘
14:15:48	19.3	--	732	1412760	买盘
14:15:45	19.3	0.01	32	61760	买盘
14:15:39	19.29	-0.01	12	23148	中性盘
14:15:36	19.3	0.01	21	40530	买盘
14:15:33	19.29	-0.01	2	3858	卖盘
14:15:30	19.3	0.02	1	1930	买盘
14:15:27	19.28	-0.02	20	38560	卖盘
14:15:18	19.3	0.02	35	67550	买盘
14:15:09	19.28	--	52	100256	买盘
14:15:06	19.28	0.02	102	196656	买盘
14:15:03	19.26	-0.02	115	221490	卖盘
14:15:00	19.28	--	6	11568	买盘
14:14:57	19.28	--	35	67480	买盘
14:14:54	19.28	--	278	535984	买盘
14:14:51	19.28	--	37	71336	买盘
14:14:48	19.28	--	103	198584	买盘
14:14:45	19.28	--	60	115680	买盘
14:14:42	19.28	--	5	9640	买盘
14:14:39	19.28	-0.04	186	358955	卖盘
14:14:36	19.32	--	7	13524	买盘
14:14:33	19.32	0.02	3	5796	买盘
14:14:27	19.3	0.03	87	169492	买盘
14:14:24	19.27	--	3	5781	卖盘
14:14:21	19.27	-0.01	120	231240	卖盘
14:14:18	19.28	-0.02	24	46272	中性盘
14:14:09	19.3	0.02	32	61760	买盘
14:14:06	19.28	--	10	19280	买盘
14:14:03	19.28	--	7	13496	买盘
14:14:00	19.28	--	15	28920	卖盘
14:13:57	19.28	--	20	38560	中性盘
14:13:54	19.28	--	4	7712	中性盘
14:13:51	19.28	--	4	7712	买盘
14:13:48	19.28	--	15	28920	买盘
14:13:45	19.28	-0.02	17	34569	卖盘
14:13:39	19.3	0.02	82	158260	买盘
14:13:36	19.28	-0.01	200	385600	卖盘
14:13:30	19.29	0.01	5	9645	买盘
14:13:27	19.28	-0.01	20	38560	卖盘
14:13:24	19.29	0.01	5	9645	买盘
14:13:21	19.28	0.01	15	29054	买盘
14:13:18	19.27	-0.01	64	123328	卖盘
14:13:15	19.28	--	25	48200	买盘
14:13:12	19.28	--	1	1928	买盘
14:13:09	19.28	--	30	57840	买盘
14:13:06	19.28	0.01	7	13496	买盘
14:13:00	19.27	--	23	44321	卖盘
14:12:57	19.27	--	83	159941	卖盘
14:12:48	19.27	-0.03	27	52029	卖盘
14:12:45	19.3	0.01	55	106150	买盘
14:12:39	19.29	--	24	46296	买盘
14:12:36	19.29	0.01	9	17361	买盘
14:12:27	19.28	0.01	22	42416	中性盘
14:12:18	19.27	--	19	36613	卖盘
14:12:09	19.27	-0.01	19	36613	卖盘
14:12:00	19.28	0.01	5	9640	买盘
14:11:57	19.27	-0.01	131	252437	卖盘
14:11:54	19.28	--	1	1928	卖盘
14:11:48	19.28	0.01	29	55912	中性盘
14:11:45	19.27	-0.01	73	140671	卖盘
14:11:39	19.28	-0.02	12	23136	卖盘
14:11:36	19.3	0.03	7	13510	买盘
14:11:27	19.27	--	20	38540	卖盘
14:11:21	19.27	--	3	5781	卖盘
14:11:18	19.27	-0.03	19	36613	卖盘
14:11:12	19.3	0.02	10	19300	买盘
14:11:09	19.28	--	19	36632	中性盘
14:10:57	19.28	--	20	38560	卖盘
14:10:51	19.28	--	131	252568	卖盘
14:10:48	19.28	-0.01	19	36632	卖盘
14:10:45	19.29	0.02	1	1929	买盘
14:10:39	19.27	-0.02	12	23124	卖盘
14:10:36	19.29	0.01	7	13503	买盘
14:10:33	19.28	--	82	158096	买盘
14:10:30	19.28	--	11	21208	买盘
14:10:27	19.28	0.01	11	21208	卖盘
14:10:18	19.27	-0.02	19	36613	卖盘
14:10:09	19.29	0.02	12	23148	中性盘
14:09:57	19.27	--	23	44321	卖盘
14:09:48	19.27	-0.01	19	36613	卖盘
14:09:45	19.28	0.01	9	17352	买盘
14:09:42	19.27	-0.01	2	3854	卖盘
14:09:39	19.28	-0.01	4	7712	卖盘
14:09:36	19.29	0.02	7	13503	买盘
14:09:33	19.27	-0.01	4	7708	卖盘
14:09:30	19.28	--	2	3856	买盘
14:09:27	19.28	0.01	17	32776	卖盘
14:09:18	19.27	--	28	53956	卖盘
14:09:15	19.27	--	29	55883	卖盘
14:09:12	19.27	-0.01	50	96350	卖盘
14:09:09	19.28	--	7	13496	买盘
14:09:06	19.28	0.01	1	1928	中性盘
14:09:03	19.27	--	82	158014	卖盘
14:09:00	19.27	--	1	1927	卖盘
14:08:57	19.27	-0.03	125	240875	卖盘
14:08:48	19.3	0.03	20	38600	买盘
14:08:42	19.27	-0.01	10	19270	卖盘
14:08:39	19.28	-0.01	12	23136	中性盘
14:08:36	19.29	0.02	92	177468	买盘
14:08:33	19.27	-0.02	73	140671	卖盘
14:08:30	19.29	0.01	1	1929	买盘
14:08:27	19.28	--	25	48200	卖盘
14:08:24	19.28	-0.01	1	1928	卖盘
14:08:21	19.29	0.01	15	28935	买盘
14:08:18	19.28	--	20	38560	卖盘
14:08:09	19.28	-0.01	188	362464	卖盘
14:08:06	19.29	--	7	13503	买盘
14:08:03	19.29	--	2	3858	买盘
14:08:00	19.29	--	43	82947	卖盘
14:07:57	19.29	--	19	36651	卖盘
14:07:54	19.29	--	4	7716	卖盘
14:07:48	19.29	--	20	38580	卖盘
14:07:45	19.29	--	3	5787	卖盘
14:07:42	19.29	--	5	9645	卖盘
14:07:39	19.29	-0.01	12	23148	卖盘
14:07:36	19.3	0.01	7	13510	买盘
14:07:33	19.29	--	1	1929	卖盘
14:07:27	19.29	-0.01	26	50154	卖盘
14:07:24	19.3	0.01	11	21230	买盘
14:07:21	19.29	--	3	5787	卖盘
14:07:18	19.29	-0.01	20	38580	卖盘
14:07:09	19.3	-0.02	21	40530	卖盘
14:07:06	19.32	0.03	7	13524	买盘
14:07:03	19.29	-0.01	152	293208	卖盘
14:06:57	19.3	-0.02	21	40530	卖盘
14:06:54	19.32	0.02	5	9660	买盘
14:06:51	19.3	--	7	13510	买盘
14:06:48	19.3	--	13	25090	卖盘
14:06:45	19.3	--	10	19300	卖盘
14:06:39	19.3	-0.02	12	23160	卖盘
14:06:36	19.32	0.02	7	13524	买盘
14:06:33	19.3	--	2	3860	卖盘
14:06:27	19.3	--	21	40530	卖盘
14:06:21	19.3	--	3	5790	卖盘
14:06:18	19.3	0.01	20	38600	中性盘
14:06:12	19.29	--	2	3858	卖盘
14:06:09	19.29	--	19	36651	卖盘
14:06:06	19.29	-0.04	10	19290	卖盘
14:06:03	19.33	0.04	32	61855	买盘
14:05:57	19.29	--	20	38580	卖盘
14:05:48	19.29	--	25	48225	卖盘
14:05:39	19.29	-0.04	8	15432	卖盘
14:05:36	19.33	0.04	10	19330	买盘
14:05:33	19.29	--	300	578700	卖盘
14:05:27	19.29	--	25	48225	卖盘
14:05:24	19.29	--	1	1929	卖盘
14:05:18	19.29	--	20	38580	卖盘
14:05:15	19.29	--	5	9645	卖盘
14:05:09	19.29	-0.03	12	23148	卖盘
14:05:06	19.32	0.03	7	13524	买盘
14:04:57	19.29	--	20	38580	卖盘
14:04:48	19.29	-0.03	22	42438	卖盘
14:04:39	19.32	0.02	127	245364	买盘
14:04:36	19.3	--	14	27020	买盘
14:04:33	19.3	--	29	55970	卖盘
14:04:30	19.3	0.01	1	1930	买盘
14:04:27	19.29	--	22	42438	卖盘
14:04:24	19.29	-0.01	2	3858	卖盘
14:04:18	19.3	--	61	117730	卖盘
14:04:09	19.3	-0.02	13	25090	卖盘
14:04:06	19.32	--	7	13524	买盘
14:04:03	19.32	0.02	21	40572	买盘
14:04:00	19.3	--	6	11580	卖盘
14:03:57	19.3	--	20	38600	卖盘
14:03:51	19.3	-0.02	1	1930	卖盘
14:03:48	19.32	0.02	25	48300	买盘
14:03:42	19.3	--	4	7720	卖盘
14:03:39	19.3	-0.02	15	28950	卖盘
14:03:36	19.32	0.02	10	19320	买盘
14:03:27	19.3	--	61	117730	卖盘
14:03:24	19.3	--	5	9650	卖盘
14:03:18	19.3	--	20	38600	卖盘
14:03:12	19.3	--	1	1930	卖盘
14:03:09	19.3	--	19	36670	卖盘
14:02:57	19.3	--	21	40530	卖盘
14:02:48	19.3	--	22	42460	卖盘
14:02:42	19.3	0.01	8	15440	买盘
14:02:39	19.29	-0.04	4	7716	卖盘
14:02:36	19.33	0.03	7	13530	买盘
14:02:33	19.3	--	32	61760	买盘
14:02:30	19.3	--	218	420740	卖盘
14:02:27	19.3	--	25	48250	卖盘
14:02:24	19.3	-0.03	1	1930	卖盘
14:02:21	19.33	0.02	28	54123	买盘
14:02:18	19.31	--	79	152549	卖盘
14:02:09	19.31	--	19	36689	卖盘
14:01:57	19.31	-0.02	86	166066	中性盘
14:01:51	19.33	0.03	10	19330	买盘
14:01:48	19.3	--	20	38600	卖盘
14:01:39	19.3	-0.03	8	15440	卖盘
14:01:36	19.33	0.03	7	13530	买盘
14:01:33	19.3	--	20	38600	卖盘
14:01:27	19.3	--	20	38600	卖盘
14:01:18	19.3	-0.03	20	38600	卖盘
14:01:12	19.33	0.03	10	19330	买盘
14:01:09	19.3	--	19	36670	卖盘
14:01:06	19.3	0.01	8	15440	买盘
14:00:57	19.29	--	20	38580	卖盘
14:00:51	19.29	-0.04	2	3858	卖盘
14:00:48	19.33	0.03	12	23195	买盘
14:00:45	19.3	--	5	9650	卖盘
14:00:39	19.3	-0.03	12	23160	卖盘
14:00:36	19.33	0.04	7	13530	买盘
14:00:30	19.29	--	1	1929	卖盘
14:00:27	19.29	--	19	36651	卖盘
14:00:24	19.29	--	17	32793	卖盘
14:00:18	19.29	--	20	38580	卖盘
14:00:09	19.29	--	19	36651	卖盘
14:00:03	19.29	-0.04	5	9645	卖盘
13:59:57	19.33	0.04	22	42525	买盘
13:59:54	19.29	--	1	1929	卖盘
13:59:48	19.29	--	21	40509	卖盘
13:59:39	19.29	--	19	36651	卖盘
13:59:36	19.29	-0.04	3	5787	卖盘
13:59:33	19.33	0.04	7	13530	买盘
13:59:30	19.29	-0.01	2	3858	买盘
13:59:27	19.3	--	17	32810	卖盘
13:59:24	19.3	-0.03	42	81060	买盘
13:59:18	19.33	0.04	12	23195	买盘
13:59:15	19.29	-0.01	10	19290	卖盘
13:59:12	19.3	0.01	2	3860	买盘
13:59:09	19.29	-0.01	24	46296	卖盘
13:59:03	19.3	0.01	5	9650	买盘
13:59:00	19.29	--	9	17361	卖盘
13:58:57	19.29	-0.01	19	36651	卖盘
13:58:51	19.3	--	7	13510	买盘
13:58:48	19.3	-0.03	14	27020	中性盘
13:58:39	19.33	--	21	40593	买盘
13:58:36	19.33	0.04	7	13530	买盘
13:58:27	19.29	--	60	115740	卖盘
13:58:18	19.29	-0.04	19	36651	卖盘
13:58:15	19.33	0.04	7	13530	买盘
13:58:09	19.29	-0.05	8	15432	卖盘
13:58:06	19.34	0.04	7	14775	买盘
13:58:03	19.3	-0.03	24	46320	卖盘
13:57:57	19.33	0.03	52	100515	买盘
13:57:54	19.3	-0.03	3	5790	卖盘
13:57:51	19.33	0.04	30	57989	买盘
13:57:48	19.29	-0.01	19	36651	卖盘
13:57:45	19.3	0.01	1	1930	买盘
13:57:42	19.29	--	3	5787	卖盘
13:57:39	19.29	--	8	15432	卖盘
13:57:36	19.29	--	69	133101	卖盘
13:57:33	19.29	--	55	106095	卖盘
13:57:27	19.29	-0.04	21	40509	卖盘
13:57:24	19.33	0.04	4	7731	买盘
13:57:18	19.29	-0.01	19	36651	卖盘
13:57:15	19.3	--	2	5712	买盘
13:57:09	19.3	-0.04	18	34817	卖盘
13:57:06	19.34	0.04	20	38680	买盘
13:57:03	19.3	-0.04	12	25012	卖盘
13:56:57	19.34	--	7	13538	买盘
13:56:54	19.34	0.01	50	96700	买盘
13:56:48	19.33	0.04	35	67655	买盘
13:56:39	19.29	-0.04	12	23148	卖盘
13:56:36	19.33	--	7	13530	买盘
13:56:30	19.33	0.04	25	48324	买盘
13:56:27	19.29	-0.01	19	36651	卖盘
13:56:18	19.3	-0.03	16	30880	卖盘
13:56:12	19.33	0.04	1	1932	买盘
13:56:09	19.29	-0.04	13	25077	卖盘
13:56:06	19.33	--	7	13530	买盘
13:56:03	19.33	--	13	25128	买盘
13:56:00	19.33	0.04	6	11597	买盘
13:55:57	19.29	-0.03	19	36651	卖盘
13:55:54	19.32	0.03	5	9660	中性盘
13:55:48	19.29	--	21	40509	卖盘
13:55:42	19.29	-0.03	97	187113	卖盘
13:55:39	19.32	-0.01	26	50232	卖盘
13:55:36	19.33	0.01	7	13530	买盘
13:55:33	19.32	0.03	1	1932	卖盘
13:55:30	19.29	-0.03	66	127314	卖盘
13:55:27	19.32	--	39	75348	卖盘
13:55:18	19.32	0.02	60	115920	买盘
13:55:09	19.3	-0.02	13	25090	卖盘
13:55:06	19.32	0.04	7	13524	买盘
13:55:03	19.28	-0.04	47	92428	卖盘
13:55:00	19.32	0.03	10	19320	买盘
13:54:57	19.29	-0.01	12	23148	卖盘
13:54:48	19.3	0.01	18	34740	卖盘
13:54:39	19.29	-0.03	22	42438	卖盘
13:54:36	19.32	0.03	7	13524	买盘
13:54:33	19.29	--	2	3858	卖盘
13:54:27	19.29	-0.01	19	36651	卖盘
13:54:24	19.3	--	3	5790	买盘
13:54:21	19.3	-0.02	4	7720	买盘
13:54:18	19.32	0.02	7	13524	买盘
13:54:09	19.3	-0.02	13	25090	卖盘
13:54:06	19.32	0.04	14	27048	买盘
13:54:03	19.28	--	28	54369	卖盘
13:53:57	19.28	--	37	71336	卖盘
13:53:54	19.28	--	3	5784	卖盘
13:53:48	19.28	-0.01	29	55912	卖盘
13:53:45	19.29	--	10	19290	卖盘
13:53:42	19.29	--	12	23148	买盘
13:53:39	19.29	-0.03	2	3858	卖盘
13:53:36	19.32	0.04	7	13524	买盘
13:53:30	19.28	--	3	5784	卖盘
13:53:27	19.28	0.01	20	38560	中性盘
13:53:21	19.27	-0.01	102	196554	卖盘
13:53:18	19.28	--	19	36632	卖盘
13:53:09	19.28	-0.04	13	25064	卖盘
13:53:06	19.32	0.04	7	13524	买盘
13:53:03	19.28	--	22	43572	卖盘
13:52:57	19.28	--	19	36632	卖盘
13:52:54	19.28	-0.01	1	1928	卖盘
13:52:48	19.29	0.01	9	17361	卖盘
13:52:39	19.28	-0.04	13	25064	卖盘
13:52:36	19.32	0.04	7	13524	买盘
13:52:33	19.28	--	3	5784	卖盘
13:52:30	19.28	--	7	13496	买盘
13:52:27	19.28	--	12	23136	卖盘
13:52:18	19.28	-0.03	19	36632	卖盘
13:52:09	19.31	--	12	23172	卖盘
13:52:03	19.31	--	10	19310	卖盘
13:51:57	19.31	0.03	19	36689	卖盘
13:51:51	19.28	--	9	17352	买盘
13:51:48	19.28	0.01	10	19280	卖盘
13:51:42	19.27	--	69	132963	卖盘
13:51:39	19.27	-0.06	23	44321	卖盘
13:51:36	19.33	0.06	7	13530	买盘
13:51:27	19.27	--	19	36613	卖盘
13:51:24	19.27	--	4	7708	卖盘
13:51:18	19.27	--	20	38540	卖盘
13:51:15	19.27	--	9	17343	卖盘
13:51:09	19.27	--	20	38540	卖盘
13:51:03	19.27	--	15	30061	卖盘
13:50:57	19.27	--	19	36613	卖盘
13:50:48	19.27	--	19	36613	卖盘
13:50:45	19.27	--	37	71299	卖盘
13:50:39	19.27	-0.03	14	26978	卖盘
13:50:36	19.3	0.03	9	17370	买盘
13:50:27	19.27	-0.01	18	34686	卖盘
13:50:18	19.28	0.01	16	30848	中性盘
13:50:09	19.27	-0.03	28	53956	卖盘
13:50:06	19.3	0.03	7	13510	买盘
13:50:03	19.27	--	47	90761	卖盘
13:50:00	19.27	--	52	100204	卖盘
13:49:57	19.27	--	19	36613	卖盘
13:49:48	19.27	--	19	36613	卖盘
13:49:45	19.27	--	71	136817	卖盘
13:49:42	19.27	--	10	19270	卖盘
13:49:39	19.27	-0.02	33	63591	卖盘
13:49:36	19.29	0.02	7	13503	买盘
13:49:30	19.27	-0.02	10	19270	卖盘
13:49:27	19.29	0.02	12	23148	卖盘
13:49:21	19.27	--	3	5781	卖盘
13:49:18	19.27	-0.03	19	36613	卖盘
13:49:12	19.3	0.02	151	291430	买盘
13:49:09	19.28	-0.02	48	93122	卖盘
13:49:06	19.3	--	267	516603	卖盘
13:49:03	19.3	--	94	183157	卖盘
13:49:00	19.3	--	51	99259	卖盘
13:48:57	19.3	-0.01	24	46320	卖盘
13:48:54	19.31	0.01	4	7723	买盘
13:48:51	19.3	--	5	9650	卖盘
13:48:48	19.3	--	34	65620	卖盘
13:48:42	19.3	-0.01	577	1113610	卖盘
13:48:39	19.31	-0.02	13	25103	卖盘
13:48:36	19.33	0.02	7	13530	买盘
13:48:27	19.31	--	19	36689	卖盘
13:48:18	19.31	--	19	36689	卖盘
13:48:09	19.31	-0.02	12	23172	卖盘
13:48:06	19.33	0.03	7	13530	买盘
13:48:03	19.3	-0.01	10	19300	卖盘
13:47:57	19.31	0.01	27	52137	卖盘
13:47:48	19.3	-0.03	19	36670	卖盘
13:47:39	19.33	--	71	137243	买盘
13:47:36	19.33	0.03	7	13530	买盘
13:47:27	19.3	-0.03	120	231600	卖盘
13:47:18	19.33	0.03	31	59922	买盘
13:47:15	19.3	--	3	5790	卖盘
13:47:09	19.3	-0.03	9	17370	卖盘
13:47:06	19.33	0.03	7	13530	买盘
13:47:03	19.3	--	101	194930	卖盘
13:46:57	19.3	--	20	38600	卖盘
13:46:48	19.3	--	28	54040	卖盘
13:46:45	19.3	0.02	6	11580	中性盘
13:46:39	19.28	-0.05	175	337400	卖盘
13:46:36	19.33	0.03	7	13530	买盘
13:46:30	19.3	--	16	30880	买盘
13:46:27	19.3	0.02	7	13510	中性盘
13:46:24	19.28	-0.02	77	148456	卖盘
13:46:18	19.3	--	20	38600	卖盘
13:46:09	19.3	-0.03	12	23160	卖盘
13:46:06	19.33	0.03	7	13530	买盘
13:46:03	19.3	--	14	28371	卖盘
13:45:57	19.3	--	20	38600	卖盘
13:45:54	19.3	--	2	3860	卖盘
13:45:48	19.3	--	19	36670	卖盘
13:45:42	19.3	--	6	11580	卖盘
13:45:39	19.3	--	12	23160	卖盘
13:45:36	19.3	--	40	77200	卖盘
13:45:33	19.3	--	13	25090	卖盘
13:45:27	19.3	--	20	38600	卖盘
13:45:18	19.3	--	19	36670	卖盘
13:45:09	19.3	-0.03	12	23160	卖盘
13:45:06	19.33	0.03	7	13530	买盘
13:45:03	19.3	--	83	160190	卖盘
13:45:00	19.3	--	1	1930	卖盘
13:44:57	19.3	--	145	279850	卖盘
13:44:54	19.3	--	3	5790	卖盘
13:44:48	19.3	--	19	36670	卖盘
13:44:45	19.3	--	9	17370	卖盘
13:44:42	19.3	--	78	150540	卖盘
13:44:39	19.3	-0.03	12	23160	卖盘
13:44:36	19.33	0.03	7	13530	买盘
13:44:33	19.3	--	100	193000	买盘
13:44:30	19.3	--	3	5790	买盘
13:44:27	19.3	--	171	330030	卖盘
13:44:21	19.3	--	80	154400	卖盘
13:44:18	19.3	-0.01	15	28950	卖盘
13:44:12	19.31	0.01	5	9655	买盘
13:44:09	19.3	-0.01	12	23160	卖盘
13:44:06	19.31	--	7	13517	买盘
13:44:00	19.31	-0.02	3	5793	买盘
13:43:57	19.33	0.03	77	148841	买盘
13:43:48	19.3	--	19	36670	卖盘
13:43:45	19.3	--	22	42460	卖盘
13:43:39	19.3	-0.03	12	23160	卖盘
13:43:36	19.33	0.03	7	13530	买盘
13:43:33	19.3	--	5	9650	卖盘
13:43:27	19.3	--	163	314590	买盘
13:43:24	19.3	--	350	675500	卖盘
13:43:21	19.3	--	6	11580	卖盘
13:43:18	19.3	--	19	36670	卖盘
13:43:15	19.3	-0.02	10	19300	卖盘
13:43:12	19.32	--	4	7728	买盘
13:43:09	19.32	--	13	25116	买盘
13:43:06	19.32	0.02	307	593124	买盘
13:43:03	19.3	0.02	14	27020	中性盘
13:43:00	19.28	--	10	19280	卖盘
13:42:57	19.28	--	20	38560	卖盘
13:42:48	19.28	0.01	48	92544	中性盘
13:42:39	19.27	--	12	23124	卖盘
13:42:36	19.27	--	10	19270	卖盘
13:42:30	19.27	--	30	57810	卖盘
13:42:27	19.27	-0.01	533	1027091	卖盘
13:42:24	19.28	0.01	5	9640	买盘
13:42:21	19.27	--	50	96350	卖盘
13:42:18	19.27	-0.01	29	55883	卖盘
13:42:15	19.28	--	12	23136	买盘
13:42:12	19.28	0.01	50	96400	买盘
13:42:09	19.27	--	25	48175	卖盘
13:42:06	19.27	--	109	210043	买盘
13:42:00	19.27	0.01	12	23124	买盘
13:41:57	19.26	-0.01	22	42372	卖盘
13:41:54	19.27	0.01	42	80934	买盘
13:41:48	19.26	-0.01	17	32742	卖盘
13:41:39	19.27	--	10	19270	卖盘
13:41:36	19.27	--	1	1927	卖盘
13:41:33	19.27	-0.01	6	11562	卖盘
13:41:30	19.28	0.01	2	3856	买盘
13:41:27	19.27	--	13	25051	卖盘
13:41:24	19.27	--	33	63591	卖盘
13:41:21	19.27	--	15	28905	卖盘
13:41:18	19.27	-0.01	40	77080	卖盘
13:41:15	19.28	0.01	2	3856	买盘
13:41:12	19.27	-0.01	55	105985	卖盘
13:41:09	19.28	--	30	57840	买盘
13:41:06	19.28	--	2	3856	买盘
13:41:03	19.28	--	33	64318	卖盘
13:41:00	19.28	--	50	96400	卖盘
13:40:57	19.28	--	73	140744	卖盘
13:40:54	19.28	--	14	28225	卖盘
13:40:51	19.28	-0.01	2	3856	卖盘
13:40:48	19.29	0.01	42	81018	买盘
13:40:45	19.28	-0.01	20	38560	卖盘
13:40:42	19.29	--	15	28935	卖盘
13:40:39	19.29	-0.01	59	113811	卖盘
13:40:36	19.3	0.01	63	121590	买盘
13:40:30	19.29	-0.01	48	92592	卖盘
13:40:27	19.3	--	17	32810	买盘
13:40:21	19.3	--	10	19300	买盘
13:40:18	19.3	--	432	835053	卖盘
13:40:12	19.3	--	60	115800	卖盘
13:40:09	19.3	-0.01	167	322310	卖盘
13:40:06	19.31	--	48	92688	买盘
13:40:03	19.31	0.01	2	3861	买盘
13:40:00	19.3	--	114	220020	卖盘
13:39:57	19.3	-0.02	34	65620	卖盘
13:39:54	19.32	0.02	10	19320	买盘
13:39:51	19.3	-0.01	75	144750	卖盘
13:39:48	19.31	-0.01	60	115859	卖盘
13:39:39	19.32	--	28	54096	买盘
13:39:33	19.32	-0.01	1096	2117472	卖盘
13:39:30	19.33	0.01	5	9665	买盘
13:39:27	19.32	-0.01	12	23184	卖盘
13:39:18	19.33	--	5	10476	卖盘
13:39:09	19.33	0.01	152	294937	买盘
13:38:57	19.32	-0.01	12	23184	卖盘
13:38:51	19.33	0.01	3	5798	买盘
13:38:48	19.32	0.01	20	38640	中性盘
13:38:42	19.31	-0.02	31	59860	卖盘
13:38:39	19.33	0.02	24	46391	买盘
13:38:36	19.31	--	1	1930	卖盘
13:38:33	19.31	-0.01	1	1930	卖盘
13:38:30	19.32	--	3	5796	买盘
13:38:27	19.32	0.01	5	9660	中性盘
13:38:18	19.31	-0.02	96	185376	卖盘
13:38:15	19.33	0.01	1	1932	买盘
13:38:09	19.32	-0.01	3	5969	卖盘
13:38:00	19.33	--	1	3692	买盘
13:37:57	19.33	--	10	19503	卖盘
13:37:51	19.33	--	2	3865	卖盘
13:37:48	19.33	--	22	44285	买盘
13:37:45	19.33	0.02	5	9665	买盘
13:37:39	19.31	--	14	27034	卖盘
13:37:27	19.31	-0.02	31	59860	卖盘
13:37:21	19.33	0.02	27	52190	买盘
13:37:18	19.31	-0.02	12	23172	卖盘
13:37:12	19.33	0.02	9	17397	买盘
13:37:09	19.31	-0.02	13	25103	卖盘
13:37:03	19.33	0.02	5	9665	买盘
13:36:57	19.31	--	22	42482	卖盘
13:36:51	19.31	--	1	1930	卖盘
13:36:48	19.31	-0.02	12	23172	卖盘
13:36:45	19.33	--	5	9665	买盘
13:36:39	19.33	0.02	21	40593	买盘
13:36:27	19.31	--	12	23172	卖盘
13:36:24	19.31	--	6	11586	卖盘
13:36:18	19.31	--	12	23172	卖盘
13:36:09	19.31	--	99	191169	卖盘
13:36:06	19.31	--	10	19310	卖盘
13:35:57	19.31	--	12	23172	卖盘
13:35:54	19.31	-0.01	2	3861	卖盘
13:35:51	19.32	--	10	19320	卖盘
13:35:48	19.32	0.01	12	23184	卖盘
13:35:39	19.31	--	13	25103	卖盘
13:35:33	19.31	--	36	70751	卖盘
13:35:27	19.31	--	12	23172	卖盘
13:35:18	19.31	-0.02	20	38620	卖盘
13:35:15	19.33	0.01	15	28994	买盘
13:35:12	19.32	--	1	1932	卖盘
13:35:09	19.32	0.01	33	65340	中性盘
13:34:57	19.31	-0.01	12	23172	卖盘
13:34:54	19.32	--	32	61824	买盘
13:34:51	19.32	0.01	30	57960	买盘
13:34:48	19.31	-0.01	12	23172	卖盘
13:34:42	19.32	0.01	1	1932	买盘
13:34:39	19.31	-0.01	56	108136	卖盘
13:34:27	19.32	--	3	5796	买盘
13:34:24	19.32	--	2	3864	卖盘
13:34:21	19.32	--	10	19320	卖盘
13:34:18	19.32	--	13	25116	卖盘
13:34:09	19.32	0.01	14	27048	中性盘
13:34:00	19.31	--	73	140963	卖盘
13:33:57	19.31	--	122	235581	卖盘
13:33:54	19.31	--	11	21241	卖盘
13:33:48	19.31	-0.02	12	23172	卖盘
13:33:45	19.33	0.02	162	313146	买盘
13:33:39	19.31	-0.01	13	25103	卖盘
13:33:36	19.32	0.01	1	1932	买盘
13:33:33	19.31	--	66	127445	卖盘
13:33:30	19.31	--	5	9655	卖盘
13:33:27	19.31	--	12	23172	卖盘
13:33:21	19.31	0.01	34	65769	买盘
13:33:18	19.3	-0.01	21	40530	卖盘
13:33:15	19.31	--	10	19310	买盘
13:33:12	19.31	0.01	4	7723	买盘
13:33:09	19.3	-0.01	13	25090	卖盘
13:33:06	19.31	--	131	252960	买盘
13:33:03	19.31	0.01	8	15447	买盘
13:33:00	19.3	-0.01	85	165034	卖盘
13:32:57	19.31	-0.01	12	23172	卖盘
13:32:48	19.32	0.01	17	32844	买盘
13:32:39	19.31	-0.01	103	198893	卖盘
13:32:36	19.32	0.01	5	9660	买盘
13:32:30	19.31	--	20	38620	卖盘
13:32:27	19.31	-0.01	70	135170	卖盘
13:32:24	19.32	0.01	76	146832	买盘
13:32:21	19.31	--	7	13517	卖盘
13:32:18	19.31	--	12	23172	卖盘
13:32:09	19.31	-0.01	23	46073	卖盘
13:32:06	19.32	0.01	100	193200	买盘
13:32:03	19.31	--	13	25103	卖盘
13:31:57	19.31	-0.01	12	23172	卖盘
13:31:48	19.32	0.01	13	25116	买盘
13:31:45	19.31	--	1	1930	卖盘
13:31:39	19.31	--	13	25103	卖盘
13:31:33	19.31	--	81	156411	卖盘
13:31:30	19.31	--	57	110066	卖盘
13:31:27	19.31	--	13	25103	卖盘
13:31:18	19.31	-0.01	12	23172	卖盘
13:31:15	19.32	0.01	40	77280	买盘
13:31:09	19.31	-0.01	13	25103	卖盘
13:31:03	19.32	0.01	61	117852	买盘
13:31:00	19.31	--	3	5793	卖盘
13:30:57	19.31	--	32	61791	卖盘
13:30:54	19.31	--	40	77240	卖盘
13:30:48	19.31	--	12	23172	卖盘
13:30:39	19.31	-0.01	12	23172	卖盘
13:30:33	19.32	0.01	4	7728	买盘
13:30:27	19.31	--	23	44413	卖盘
13:30:21	19.31	--	9	17379	卖盘
13:30:18	19.31	--	58	111997	卖盘
13:30:09	19.31	--	12	23172	卖盘
13:30:06	19.31	--	28	54068	卖盘
13:30:03	19.31	-0.01	20	38620	卖盘
13:30:00	19.32	0.01	20	38640	买盘
13:29:57	19.31	--	14	27034	卖盘
13:29:54	19.31	-0.01	40	77240	卖盘
13:29:48	19.32	0.01	14	27048	买盘
13:29:45	19.31	-0.01	94	181514	卖盘
13:29:36	19.32	--	9	17388	卖盘
13:29:27	19.32	--	15	28980	买盘
13:29:21	19.32	--	105	202860	卖盘
13:29:18	19.32	-0.01	12	23184	卖盘
13:29:15	19.33	0.01	6	11597	买盘
13:29:09	19.32	--	12	23184	卖盘
13:29:06	19.32	--	36	69552	卖盘
13:29:00	19.32	--	3	5796	卖盘
13:28:57	19.32	--	16	30912	卖盘
13:28:51	19.32	--	110	212520	卖盘
13:28:48	19.32	--	12	23184	卖盘
13:28:39	19.32	-0.01	12	23184	卖盘
13:28:33	19.33	0.01	6	11597	中性盘
13:28:30	19.32	-0.01	150	289800	卖盘
13:28:27	19.33	--	14	27061	卖盘
13:28:24	19.33	0.01	14	27061	买盘
13:28:18	19.32	--	12	23184	卖盘
13:28:09	19.32	-0.01	13	25116	卖盘
13:28:06	19.33	--	1	1932	买盘
13:28:03	19.33	--	7	13530	买盘
13:28:00	19.33	0.01	14	27061	中性盘
13:27:57	19.32	-0.02	13	25116	卖盘
13:27:54	19.34	0.01	110	212740	买盘
13:27:48	19.33	--	3	5798	卖盘
13:27:45	19.33	--	8	15463	卖盘
13:27:42	19.33	--	10	19330	卖盘
13:27:39	19.33	-0.01	12	23195	卖盘
13:27:30	19.34	0.01	36	69624	买盘
13:27:27	19.33	--	13	25128	卖盘
13:27:21	19.33	--	1	1932	卖盘
13:27:18	19.33	-0.01	12	23195	卖盘
13:27:12	19.34	0.02	3	5802	买盘
13:27:09	19.32	--	57	110124	卖盘
13:26:57	19.32	--	16	30912	卖盘
13:26:51	19.32	--	3	5796	卖盘
13:26:48	19.32	--	12	23184	卖盘
13:26:39	19.32	--	12	23184	卖盘
13:26:30	19.32	--	1	1932	卖盘
13:26:27	19.32	--	13	25116	卖盘
13:26:24	19.32	--	2	3864	卖盘
13:26:18	19.32	-0.01	13	25116	卖盘
13:26:15	19.33	0.01	2	3865	买盘
13:26:09	19.32	--	12	23184	卖盘
13:25:57	19.32	--	25	48300	卖盘
13:25:54	19.32	--	5	9660	卖盘
13:25:48	19.32	--	12	23184	卖盘
13:25:45	19.32	--	7	13524	卖盘
13:25:42	19.32	-0.01	13	26333	卖盘
13:25:39	19.33	0.01	12	23195	中性盘
13:25:27	19.32	-0.02	13	25116	卖盘
13:25:24	19.34	0.01	100	193400	买盘
13:25:18	19.33	--	2	3865	卖盘
13:25:15	19.33	--	100	193299	卖盘
13:25:09	19.33	--	12	24626	卖盘
13:25:00	19.33	0.01	38	73454	买盘
13:24:57	19.32	--	14	27048	卖盘
13:24:48	19.32	-0.01	12	23184	卖盘
13:24:45	19.33	0.01	2	3865	买盘
13:24:39	19.32	-0.01	17	32844	卖盘
13:24:30	19.33	0.01	3	5798	买盘
13:24:27	19.32	-0.01	13	25116	卖盘
13:24:18	19.33	--	78	150774	卖盘
13:24:15	19.33	--	110	212629	卖盘
13:24:09	19.33	--	13	25128	卖盘
13:24:06	19.33	--	105	202964	卖盘
13:23:57	19.33	--	20	38660	卖盘
13:23:51	19.33	--	7	13530	卖盘
13:23:48	19.33	--	13	25128	卖盘
13:23:45	19.33	--	60	115979	卖盘
13:23:42	19.33	--	10	19330	卖盘
13:23:39	19.33	--	13	25128	卖盘
13:23:36	19.33	-0.01	13	25128	卖盘
13:23:30	19.34	0.01	10	19340	买盘
13:23:27	19.33	--	26	50257	卖盘
13:23:21	19.33	--	90	173969	卖盘
13:23:18	19.33	--	12	23195	卖盘
13:23:09	19.33	-0.01	17	32861	卖盘
13:23:03	19.34	0.01	4	7736	买盘
13:22:57	19.33	--	16	30927	卖盘
13:22:51	19.33	--	62	119845	卖盘
13:22:48	19.33	--	72	139176	卖盘
13:22:39	19.33	--	12	23195	卖盘
13:22:36	19.33	-0.01	5	9665	卖盘
13:22:33	19.34	-0.01	19	36746	中性盘
13:22:30	19.35	0.02	11	21285	买盘
13:22:27	19.33	-0.01	62	119845	卖盘
13:22:24	19.34	0.01	7	13538	中性盘
13:22:18	19.33	--	13	25128	卖盘
13:22:15	19.33	-0.01	7	13530	卖盘
13:22:12	19.34	--	2	3868	卖盘
13:22:09	19.34	-0.01	13	25142	卖盘
13:22:03	19.35	0.01	3	5805	买盘
13:21:57	19.34	--	11	21274	卖盘
13:21:54	19.34	-0.01	1	1934	卖盘
13:21:42	19.35	0.01	35	69273	买盘
13:21:39	19.34	--	13	25142	买盘
13:21:36	19.34	-0.04	16	30944	卖盘
13:21:30	19.38	0.04	3	5814	买盘
13:21:27	19.34	0.01	14	27076	中性盘
13:21:18	19.33	-0.05	12	23195	卖盘
13:21:15	19.38	0.04	36	69768	买盘
13:21:09	19.34	--	4	7736	买盘
13:21:06	19.34	--	46	88964	卖盘
13:21:00	19.34	--	1	1934	卖盘
13:20:57	19.34	-0.06	13	25142	卖盘
13:20:54	19.4	0.06	240	465599	买盘
13:20:48	19.34	--	12	23208	卖盘
13:20:39	19.34	--	12	23208	卖盘
13:20:33	19.34	--	12	23208	卖盘
13:20:27	19.34	--	12	23208	卖盘
13:20:24	19.34	--	1	1934	买盘
13:20:18	19.34	--	18	34812	买盘
13:20:15	19.34	0.01	32	61888	买盘
13:20:09	19.33	-0.05	4	7731	卖盘
13:20:00	19.38	0.05	11	21318	买盘
13:19:57	19.33	--	67	129510	卖盘
13:19:54	19.33	--	5	9665	卖盘
13:19:48	19.33	-0.03	33	63788	卖盘
13:19:42	19.36	0.03	5	9680	买盘
13:19:39	19.33	-0.03	111	214562	卖盘
13:19:27	19.36	--	12	23232	中性盘
13:19:24	19.36	0.01	10	19360	买盘
13:19:21	19.35	-0.01	5	9675	买盘
13:19:18	19.36	0.01	10	19360	买盘
13:19:15	19.35	--	7	13545	卖盘
13:19:09	19.35	--	12	23220	卖盘
13:19:03	19.35	0.02	1	1935	中性盘
13:19:00	19.33	--	56	108247	卖盘
13:18:57	19.33	--	12	23195	卖盘
13:18:48	19.33	--	14	27061	卖盘
13:18:42	19.33	--	19	36727	卖盘
13:18:39	19.33	-0.01	118	228093	卖盘
13:18:36	19.34	--	2	3868	卖盘
13:18:30	19.34	--	3	5802	卖盘
13:18:27	19.34	-0.02	22	42548	卖盘
13:18:24	19.36	0.01	2	3872	买盘
13:18:21	19.35	--	116	224460	买盘
13:18:18	19.35	-0.01	13	25155	卖盘
13:18:09	19.36	--	5	9680	卖盘
13:17:57	19.36	--	12	23232	卖盘
13:17:48	19.36	--	13	25168	卖盘
13:17:42	19.36	0.01	8	15488	买盘
13:17:39	19.35	-0.01	8	15480	卖盘
13:17:36	19.36	0.01	7	13552	中性盘
13:17:27	19.35	-0.03	12	23220	卖盘
13:17:24	19.38	0.02	4	7752	买盘
13:17:18	19.36	-0.02	11	21296	卖盘
13:17:15	19.38	0.02	5	9690	买盘
13:17:12	19.36	--	3	5808	卖盘
13:17:09	19.36	-0.02	12	23232	卖盘
13:17:00	19.38	--	3	5814	买盘
13:16:57	19.38	-0.02	7	13566	卖盘
13:16:51	19.4	0.02	20	38800	买盘
13:16:48	19.38	--	13	25194	卖盘
13:16:39	19.38	--	4	7752	卖盘
13:16:36	19.38	--	10	19380	卖盘
13:16:27	19.38	--	16	31008	卖盘
13:16:18	19.38	--	13	25194	卖盘
13:16:09	19.38	--	61	118218	卖盘
13:16:03	19.38	0.04	47	91086	买盘
13:16:00	19.34	--	2	3868	卖盘
13:15:57	19.34	-0.01	12	23208	卖盘
13:15:51	19.35	0.01	13	25155	买盘
13:15:48	19.34	-0.01	13	25142	卖盘
13:15:45	19.35	0.01	10	19350	买盘
13:15:39	19.34	-0.01	13	25142	卖盘
13:15:36	19.35	--	13	25155	买盘
13:15:27	19.35	0.01	14	27090	买盘
13:15:21	19.34	--	2	3868	卖盘
13:15:18	19.34	-0.01	13	25142	卖盘
13:15:09	19.35	-0.03	8	15480	卖盘
13:15:06	19.38	0.03	5	9690	买盘
13:15:03	19.35	--	1	1935	卖盘
13:14:57	19.35	-0.03	12	23220	卖盘
13:14:48	19.38	--	11	21318	卖盘
13:14:45	19.38	--	1	1938	卖盘
13:14:39	19.38	--	50	96900	卖盘
13:14:27	19.38	--	12	23256	卖盘
13:14:18	19.38	-0.02	13	25194	卖盘
13:14:09	19.4	--	38	73720	卖盘
13:14:00	19.4	--	2	3879	卖盘
13:13:57	19.4	--	12	23280	卖盘
13:13:54	19.4	--	43	83420	卖盘
13:13:48	19.4	--	13	25219	卖盘
13:13:39	19.4	--	21	42272	买盘
13:13:33	19.4	0.02	1	1939	买盘
13:13:30	19.38	--	1	1938	卖盘
13:13:27	19.38	0.05	13	25194	中性盘
13:13:18	19.33	-0.02	495	956834	卖盘
13:13:09	19.35	--	12	23220	卖盘
13:13:06	19.35	--	9	17415	卖盘
13:13:03	19.35	--	1	1935	卖盘
13:12:57	19.35	0.02	13	25155	中性盘
13:12:48	19.33	--	13	25128	卖盘
13:12:39	19.33	-0.06	15	28994	卖盘
13:12:33	19.39	0.01	156	302484	买盘
13:12:30	19.38	--	5	9690	卖盘
13:12:27	19.38	--	63	122094	卖盘
13:12:24	19.38	-0.01	20	38760	卖盘
13:12:18	19.39	0.01	15	29085	买盘
13:12:12	19.38	--	20	38760	卖盘
13:12:09	19.38	-0.01	12	23256	卖盘
13:12:03	19.39	0.01	5	9695	买盘
13:11:57	19.38	-0.01	12	23256	卖盘
13:11:54	19.39	0.01	1	1939	买盘
13:11:48	19.38	--	12	23256	卖盘
13:11:39	19.38	--	15	29070	卖盘
13:11:33	19.38	0.04	115	222870	买盘
13:11:27	19.34	--	12	23208	卖盘
13:11:18	19.34	--	12	23208	卖盘
13:11:15	19.34	--	13	25142	卖盘
13:11:09	19.34	-0.02	13	25142	卖盘
13:11:00	19.36	0.02	3	5808	买盘
13:10:57	19.34	--	32	61888	卖盘
13:10:48	19.34	-0.02	13	25142	卖盘
13:10:45	19.36	0.03	33	63888	买盘
13:10:42	19.33	-0.01	114	220361	卖盘
13:10:39	19.34	-0.02	13	25142	卖盘
13:10:36	19.36	0.02	10	19360	买盘
13:10:27	19.34	--	16	30944	卖盘
13:10:18	19.34	-0.02	12	23208	卖盘
13:10:09	19.36	-0.02	8	15488	卖盘
13:10:06	19.38	--	1	1938	买盘
13:10:03	19.38	0.04	6	11628	买盘
13:09:57	19.34	--	12	23208	卖盘
13:09:54	19.34	-0.01	2	3868	卖盘
13:09:48	19.35	0.01	12	23220	中性盘
13:09:39	19.34	--	13	25142	卖盘
13:09:36	19.34	--	50	96700	卖盘
13:09:27	19.34	--	18	34812	卖盘
13:09:24	19.34	0.01	15	29010	买盘
13:09:18	19.33	--	22	42525	卖盘
13:09:15	19.33	-0.01	29	57158	卖盘
13:09:12	19.34	--	63	121842	买盘
13:09:09	19.34	--	3	5802	买盘
13:09:06	19.34	--	110	212740	卖盘
13:08:57	19.34	--	12	23208	卖盘
13:08:51	19.34	--	4	7736	买盘
13:08:48	19.34	--	8	15472	卖盘
13:08:42	19.34	-0.04	1	1934	卖盘
13:08:39	19.38	0.05	18	34884	买盘
13:08:36	19.33	--	1	1932	卖盘
13:08:27	19.33	-0.02	23	44458	卖盘
13:08:21	19.35	0.02	2	3870	买盘
13:08:18	19.33	-0.02	12	23195	卖盘
13:08:09	19.35	0.02	3	5805	中性盘
13:08:06	19.33	-0.05	86	166237	卖盘
13:08:03	19.38	0.03	1	1938	买盘
13:08:00	19.35	0.01	8	15480	买盘
13:07:57	19.34	--	12	23208	卖盘
13:07:51	19.34	--	3	5802	卖盘
13:07:48	19.34	--	14	27076	卖盘
13:07:39	19.34	--	5	9670	卖盘
13:07:33	19.34	--	88	170192	卖盘
13:07:27	19.34	--	12	23208	卖盘
13:07:24	19.34	--	1	1934	卖盘
13:07:18	19.34	--	12	23208	卖盘
13:07:15	19.34	--	6	11604	卖盘
13:07:09	19.34	--	23	44482	卖盘
13:07:03	19.34	0.01	14	27076	买盘
13:06:57	19.33	--	12	23195	卖盘
13:06:48	19.33	-0.01	2	3865	卖盘
13:06:39	19.34	--	13	25142	卖盘
13:06:36	19.34	--	2	3868	买盘
13:06:33	19.34	0.01	21	40614	中性盘
13:06:27	19.33	--	12	23195	卖盘
13:06:18	19.33	-0.01	85	164305	卖盘
13:06:09	19.34	-0.05	13	25142	卖盘
13:06:06	19.39	0.05	1	1939	买盘
13:06:03	19.34	--	11	21274	卖盘
13:05:57	19.34	--	13	25142	卖盘
13:05:48	19.34	-0.05	12	23208	卖盘
13:05:42	19.39	0.05	2	3878	买盘
13:05:39	19.34	--	13	25142	卖盘
13:05:30	19.34	--	9	17406	买盘
13:05:27	19.34	--	3	5802	卖盘
13:05:21	19.34	0.01	5	9670	买盘
13:05:18	19.33	-0.01	12	23195	卖盘
13:05:09	19.34	-0.05	8	15472	卖盘
13:05:03	19.39	0.05	20	38780	买盘
13:04:57	19.34	--	19	36746	卖盘
13:04:54	19.34	--	2	3868	卖盘
13:04:48	19.34	--	12	23208	卖盘
13:04:39	19.34	--	13	25142	卖盘
13:04:27	19.34	--	12	23208	卖盘
13:04:21	19.34	--	62	119908	卖盘
13:04:18	19.34	--	12	23208	卖盘
13:04:09	19.34	0.01	13	25142	中性盘
13:03:57	19.33	--	12	23195	卖盘
13:03:51	19.33	--	70	135310	卖盘
13:03:48	19.33	-0.01	12	23195	卖盘
13:03:39	19.34	0.01	5	9670	中性盘
13:03:27	19.33	--	12	23195	卖盘
13:03:18	19.33	--	12	23195	卖盘
13:03:09	19.33	--	13	25128	卖盘
13:03:06	19.33	--	60	115979	卖盘
13:02:57	19.33	--	13	25128	卖盘
13:02:48	19.33	-0.02	12	23195	卖盘
13:02:45	19.35	0.02	2	3947	买盘
13:02:42	19.33	-0.01	48	92783	卖盘
13:02:39	19.34	0.01	31	59954	中性盘
13:02:33	19.33	--	30	57989	卖盘
13:02:27	19.33	-0.01	12	23195	卖盘
13:02:24	19.34	0.01	4	7736	买盘
13:02:18	19.33	--	13	25128	卖盘
13:02:09	19.33	-0.01	13	25128	卖盘
13:02:06	19.34	--	5	9670	买盘
13:02:00	19.34	0.01	3	5802	买盘
13:01:57	19.33	--	1	1932	卖盘
13:01:54	19.33	-0.01	10	19330	卖盘
13:01:48	19.34	--	12	23208	卖盘
13:01:39	19.34	--	25	48350	卖盘
13:01:33	19.34	-0.01	10	19340	卖盘
13:01:30	19.35	0.01	2	3870	买盘
13:01:27	19.34	-0.01	12	23208	卖盘
13:01:24	19.35	0.02	10	19350	买盘
13:01:18	19.33	--	12	23195	卖盘
13:01:09	19.33	--	12	23195	卖盘
13:01:06	19.33	--	3	5798	卖盘
13:00:57	19.33	--	23	44458	卖盘
13:00:48	19.33	-0.01	17	32861	卖盘
13:00:45	19.34	0.01	10	19340	中性盘
13:00:36	19.33	-0.02	61	117912	卖盘
13:00:33	19.35	--	54	106347	卖盘
13:00:27	19.35	--	12	23220	卖盘
13:00:18	19.35	-0.05	12	23220	卖盘
13:00:12	19.4	--	10	19400	买盘
13:00:09	19.4	--	22	42680	买盘
13:00:06	19.4	-0.01	320	622468	卖盘
13:00:03	19.41	0.01	1	1941	买盘
11:30:03	19.4	--	15	29099	卖盘
11:29:57	19.4	--	4	7759	卖盘
11:29:54	19.4	--	8	15519	卖盘
11:29:48	19.4	--	4	7759	卖盘
11:29:45	19.4	--	94	182360	卖盘
11:29:42	19.4	--	17	32980	卖盘
11:29:39	19.4	0.05	471	914011	买盘
11:29:36	19.35	--	5	9675	卖盘
11:29:33	19.35	--	8	15480	卖盘
11:29:27	19.35	--	5	9675	卖盘
11:29:24	19.35	0.01	8	15480	卖盘
11:29:21	19.34	--	30	58097	买盘
11:29:18	19.34	0.01	10	19340	买盘
11:29:15	19.33	--	32	61855	卖盘
11:29:12	19.33	--	8	15463	卖盘
11:29:06	19.33	-0.01	14	27061	卖盘
11:29:03	19.34	--	11	21274	买盘
11:28:54	19.34	--	5	9670	卖盘
11:28:42	19.34	-0.03	107	206938	卖盘
11:28:39	19.37	0.01	4	7748	买盘
11:28:36	19.36	-0.01	9	17424	卖盘
11:28:30	19.37	--	39	75543	卖盘
11:28:27	19.37	--	4	7748	卖盘
11:28:24	19.37	--	8	15496	卖盘
11:28:18	19.37	--	4	7748	卖盘
11:28:12	19.37	--	18	34866	卖盘
11:28:06	19.37	--	5	9685	卖盘
11:28:03	19.37	--	8	15496	卖盘
11:27:57	19.37	--	6	11622	卖盘
11:27:54	19.37	--	8	15496	卖盘
11:27:48	19.37	--	4	7748	卖盘
11:27:42	19.37	--	8	15496	卖盘
11:27:39	19.37	--	35	67795	卖盘
11:27:36	19.37	--	4	7748	卖盘
11:27:33	19.37	--	8	15496	卖盘
11:27:30	19.37	--	50	96850	卖盘
11:27:27	19.37	--	6	11622	卖盘
11:27:24	19.37	--	13	25181	卖盘
11:27:21	19.37	--	64	123968	卖盘
11:27:15	19.37	--	17	32929	卖盘
11:27:12	19.37	--	8	15496	卖盘
11:27:06	19.37	--	4	7748	卖盘
11:27:03	19.37	--	8	15496	卖盘
11:27:00	19.37	--	3	5811	买盘
11:26:57	19.37	0.01	1	1937	中性盘
11:26:54	19.36	--	16	30976	卖盘
11:26:48	19.36	--	18	34848	卖盘
11:26:45	19.36	--	5	9680	卖盘
11:26:42	19.36	--	8	15488	卖盘
11:26:36	19.36	--	28	54208	卖盘
11:26:33	19.36	--	16	30976	卖盘
11:26:30	19.36	--	3	5808	买盘
11:26:27	19.36	0.01	1	1936	中性盘
11:26:24	19.35	--	7	13545	卖盘
11:26:18	19.35	--	16	30960	卖盘
11:26:12	19.35	-0.02	8	15480	卖盘
11:26:03	19.37	0.02	1	1937	卖盘
11:26:00	19.35	-0.02	97	187695	卖盘
11:25:57	19.37	--	4	7748	卖盘
11:25:54	19.37	-0.01	2	3874	卖盘
11:25:48	19.38	-0.01	2	3876	卖盘
11:25:45	19.39	0.01	2	3878	买盘
11:25:42	19.38	-0.01	8	15504	卖盘
11:25:36	19.39	0.01	11	21329	买盘
11:25:33	19.38	--	10	19380	卖盘
11:25:30	19.38	--	3	5814	卖盘
11:25:27	19.38	0.01	9	17442	卖盘
11:25:24	19.37	--	8	15496	卖盘
11:25:21	19.37	0.01	12	23244	买盘
11:25:15	19.36	-0.03	1	1936	卖盘
11:25:09	19.39	0.02	14	27146	买盘
11:25:06	19.37	-0.02	4	7748	卖盘
11:25:00	19.39	--	2	3878	卖盘
11:24:57	19.39	0.04	22	42658	买盘
11:24:54	19.35	--	10	19350	卖盘
11:24:51	19.35	0.01	29	56115	买盘
11:24:48	19.34	--	43	83162	卖盘
11:24:42	19.34	--	8	15472	卖盘
11:24:36	19.34	--	14	27076	卖盘
11:24:30	19.34	-0.01	24	47653	卖盘
11:24:27	19.35	-0.04	4	7740	中性盘
11:24:24	19.39	0.05	17	32963	买盘
11:24:18	19.34	--	4	7736	卖盘
11:24:15	19.34	--	16	30944	卖盘
11:24:12	19.34	0.01	12	23208	中性盘
11:24:06	19.33	--	139	268687	卖盘
11:24:03	19.33	--	8	15463	卖盘
11:23:57	19.33	--	20	38660	卖盘
11:23:54	19.33	-0.08	8	15463	卖盘
11:23:51	19.41	0.08	60	116460	买盘
11:23:48	19.33	0.01	20	38660	买盘
11:23:45	19.32	-0.01	19	36708	卖盘
11:23:42	19.33	--	83	160439	买盘
11:23:39	19.33	--	3	5798	买盘
11:23:36	19.33	--	7	13530	卖盘
11:23:33	19.33	-0.07	86	166237	卖盘
11:23:27	19.4	0.07	65	126099	买盘
11:23:24	19.33	--	8	15463	卖盘
11:23:21	19.33	0.01	2	3865	买盘
11:23:18	19.32	--	21	40572	卖盘
11:23:12	19.32	-0.01	8	15456	卖盘
11:23:09	19.33	-0.06	5	9665	买盘
11:23:06	19.39	--	60	116340	买盘
11:23:03	19.39	0.07	9	17451	买盘
11:22:57	19.32	-0.01	24	46368	卖盘
11:22:54	19.33	-0.06	8	15463	卖盘
11:22:51	19.39	0.07	89	172571	买盘
11:22:45	19.32	--	1004	1940481	买盘
11:22:42	19.32	0.01	14	27048	买盘
11:22:39	19.31	--	1	1930	卖盘
11:22:36	19.31	--	4	7723	卖盘
11:22:33	19.31	-0.01	8	15447	卖盘
11:22:30	19.32	0.01	23	44436	买盘
11:22:24	19.31	--	11	21241	卖盘
11:22:18	19.31	-0.01	4	7723	卖盘
11:22:15	19.32	--	2	3864	买盘
11:22:12	19.32	0.01	5	9660	中性盘
11:22:09	19.31	-0.01	127	245236	卖盘
11:22:06	19.32	--	104	200928	卖盘
11:22:03	19.32	--	8	15456	卖盘
11:21:57	19.32	-0.01	168	324576	卖盘
11:21:54	19.33	0.01	9	17397	买盘
11:21:48	19.32	--	104	200928	卖盘
11:21:45	19.32	--	103	198996	卖盘
11:21:42	19.32	--	8	15456	卖盘
11:21:36	19.32	--	6	11592	卖盘
11:21:33	19.32	-0.01	8	15456	卖盘
11:21:30	19.33	0.01	3	5798	买盘
11:21:27	19.32	-0.01	44	85008	卖盘
11:21:24	19.33	0.01	11	21262	买盘
11:21:21	19.32	--	16	30912	卖盘
11:21:18	19.32	-0.01	14	27048	卖盘
11:21:15	19.33	0.01	60	115979	买盘
11:21:12	19.32	--	161	311052	卖盘
11:21:06	19.32	--	15	28980	卖盘
11:21:03	19.32	-0.01	39	75348	卖盘
11:21:00	19.33	0.01	1	1932	买盘
11:20:57	19.32	--	13	25116	卖盘
11:20:54	19.32	--	19	36708	卖盘
11:20:48	19.32	--	20	38640	卖盘
11:20:45	19.32	0.01	39	75348	买盘
11:20:42	19.31	-0.01	8	15447	卖盘
11:20:36	19.32	--	22	42504	买盘
11:20:33	19.32	--	1	1932	买盘
11:20:30	19.32	--	199	384468	卖盘
11:20:27	19.32	--	4	7728	卖盘
11:20:24	19.32	--	11	21252	卖盘
11:20:15	19.32	--	5	9660	卖盘
11:20:12	19.32	0.01	8	15456	卖盘
11:20:06	19.31	-0.06	25	48275	卖盘
11:20:03	19.37	0.06	13	25181	买盘
11:19:57	19.31	--	64	123583	卖盘
11:19:54	19.31	-0.05	68	131308	卖盘
11:19:51	19.36	--	1	1936	买盘
11:19:48	19.36	-0.01	24	46464	卖盘
11:19:45	19.37	--	7	13559	卖盘
11:19:42	19.37	0.06	8	15496	中性盘
11:19:39	19.31	-0.07	606	1170186	卖盘
11:19:36	19.38	0.03	361	699618	买盘
11:19:33	19.35	--	142	274770	卖盘
11:19:30	19.35	--	20	38700	卖盘
11:19:27	19.35	--	5	9675	卖盘
11:19:24	19.35	-0.01	8	15480	卖盘
11:19:18	19.36	--	4	7744	买盘
11:19:15	19.36	--	46	89056	卖盘
11:19:12	19.36	0.01	8	15488	中性盘
11:19:06	19.35	-0.01	4	7740	卖盘
11:19:03	19.36	--	21	40656	买盘
11:18:54	19.36	-0.03	6	11616	卖盘
11:18:51	19.39	0.03	2	3878	买盘
11:18:48	19.36	0.01	4	7744	中性盘
11:18:42	19.35	-0.01	8	15480	卖盘
11:18:36	19.36	--	4	7744	卖盘
11:18:33	19.36	0.01	8	15488	中性盘
11:18:24	19.35	-0.06	42	81270	卖盘
11:18:18	19.41	0.02	65	126165	买盘
11:18:12	19.39	--	11	23190	买盘
11:18:09	19.39	--	11	21329	买盘
11:18:03	19.39	--	1	2016	卖盘
11:18:00	19.39	--	3	5817	卖盘
11:17:54	19.39	-0.01	16	31024	卖盘
11:17:48	19.4	0.01	38	75582	中性盘
11:17:45	19.39	--	4	7756	卖盘
11:17:42	19.39	0.03	20	38780	买盘
11:17:36	19.36	--	74	143264	卖盘
11:17:33	19.36	--	8	15488	卖盘
11:17:24	19.36	-0.06	105	203280	卖盘
11:17:21	19.42	--	39	75873	卖盘
11:17:18	19.42	0.01	167	326120	买盘
11:17:15	19.41	--	31	60171	卖盘
11:17:12	19.41	--	46	89286	卖盘
11:17:09	19.41	--	1	1941	卖盘
11:17:06	19.41	--	14	27174	卖盘
11:17:03	19.41	--	16	31056	卖盘
11:16:57	19.41	--	5	9705	卖盘
11:16:54	19.41	--	8	15528	卖盘
11:16:48	19.41	0.04	11	21739	买盘
11:16:45	19.37	0.01	5	9685	卖盘
11:16:39	19.36	-0.05	61	119644	卖盘
11:16:36	19.41	--	6	11646	卖盘
11:16:33	19.41	--	8	15528	卖盘
11:16:27	19.41	--	4	7764	卖盘
11:16:24	19.41	--	28	54348	卖盘
11:16:21	19.41	0.05	106	206134	买盘
11:16:18	19.36	--	120	232320	卖盘
11:16:12	19.36	--	7	13552	卖盘
11:16:06	19.36	--	4	7744	卖盘
11:16:03	19.36	-0.05	8	15488	卖盘
11:16:00	19.41	0.05	20	38820	买盘
11:15:54	19.36	-0.01	9	17424	卖盘
11:15:48	19.37	0.01	8	15496	买盘
11:15:45	19.36	--	4	7744	卖盘
11:15:42	19.36	-0.01	8	15488	卖盘
11:15:39	19.37	--	5	9685	买盘
11:15:33	19.37	0.01	5	9685	卖盘
11:15:30	19.36	-0.04	70	135520	卖盘
11:15:27	19.4	--	3	5820	买盘
11:15:24	19.4	-0.01	4	7759	卖盘
11:15:18	19.41	0.01	168	326088	买盘
11:15:15	19.4	--	6	11640	卖盘
11:15:12	19.4	--	8	15519	卖盘
11:15:09	19.4	--	2	3879	卖盘
11:15:06	19.4	--	23	44620	卖盘
11:15:03	19.4	--	14	27159	卖盘
11:14:57	19.4	--	5	9700	卖盘
11:14:54	19.4	--	8	15519	卖盘
11:14:51	19.4	--	37	71780	买盘
11:14:48	19.4	0.04	30	58199	买盘
11:14:42	19.36	-0.04	153	296208	卖盘
11:14:33	19.4	--	50	97000	卖盘
11:14:27	19.4	--	4	7759	卖盘
11:14:24	19.4	--	8	15519	卖盘
11:14:18	19.4	0.04	95	184300	买盘
11:14:15	19.36	--	5	9680	卖盘
11:14:12	19.36	--	8	15488	卖盘
11:14:09	19.36	--	7	13552	卖盘
11:14:06	19.36	--	5	9680	卖盘
11:14:03	19.36	--	7	13552	卖盘
11:13:57	19.36	--	4	7744	卖盘
11:13:54	19.36	-0.05	8	15488	卖盘
11:13:48	19.41	0.01	150	291150	买盘
11:13:45	19.4	--	27	53621	卖盘
11:13:42	19.4	--	19	36860	卖盘
11:13:36	19.4	-0.01	5	9700	卖盘
11:13:33	19.41	0.01	75	145575	买盘
11:13:27	19.4	--	4	7759	卖盘
11:13:24	19.4	--	8	15519	卖盘
11:13:21	19.4	--	36	69840	卖盘
11:13:18	19.4	0.04	22	42680	买盘
11:13:15	19.36	--	15	29040	卖盘
11:13:12	19.36	--	8	15488	卖盘
11:13:09	19.36	0.01	6	11616	买盘
11:13:06	19.35	-0.01	4	7740	卖盘
11:13:03	19.36	--	9	17424	中性盘
11:12:54	19.36	-0.06	8	15488	卖盘
11:12:48	19.42	0.01	150	291300	买盘
11:12:42	19.41	--	62	120342	卖盘
11:12:39	19.41	--	4	7764	卖盘
11:12:36	19.41	--	4	7764	卖盘
11:12:33	19.41	-0.01	18	34938	卖盘
11:12:30	19.42	0.01	64	124288	买盘
11:12:27	19.41	--	4	7764	卖盘
11:12:24	19.41	--	8	15528	卖盘
11:12:21	19.41	--	9	17469	卖盘
11:12:18	19.41	0.06	86	166926	买盘
11:12:15	19.35	--	5	9675	卖盘
11:12:12	19.35	--	13	25155	卖盘
11:12:06	19.35	0.01	4	7740	中性盘
11:12:03	19.34	--	8	15472	卖盘
11:11:57	19.34	--	8	15472	卖盘
11:11:54	19.34	-0.08	7	13538	中性盘
11:11:48	19.42	0.09	150	291300	买盘
11:11:45	19.33	-0.02	100	193299	卖盘
11:11:42	19.35	-0.07	8	15480	卖盘
11:11:39	19.42	0.08	2	3884	买盘
11:11:36	19.34	--	5	9670	卖盘
11:11:33	19.34	-0.08	8	15472	卖盘
11:11:24	19.42	--	97	188509	卖盘
11:11:21	19.42	--	5	9710	卖盘
11:11:18	19.42	0.08	63	124152	买盘
11:11:15	19.34	-0.01	4	7736	卖盘
11:11:06	19.35	0.02	4	7740	中性盘
11:11:03	19.33	-0.09	43	83118	卖盘
11:11:00	19.42	--	64	124288	卖盘
11:10:57	19.42	--	29	56318	卖盘
11:10:54	19.42	--	8	15536	卖盘
11:10:51	19.42	--	7	13594	卖盘
11:10:48	19.42	0.05	116	225272	买盘
11:10:45	19.37	--	20	38740	卖盘
11:10:42	19.37	--	8	15496	卖盘
11:10:39	19.37	--	11	21307	卖盘
11:10:36	19.37	--	4	7748	卖盘
11:10:33	19.37	--	9	17433	卖盘
11:10:24	19.37	-0.06	8	15496	卖盘
11:10:18	19.43	0.01	146	285484	买盘
11:10:15	19.42	--	3	5826	卖盘
11:10:12	19.42	-0.01	9	17478	中性盘
11:10:03	19.43	--	48	93264	卖盘
11:10:00	19.43	--	4	7772	卖盘
11:09:57	19.43	--	14	27202	卖盘
11:09:54	19.43	--	16	31088	卖盘
11:09:51	19.43	--	5	9715	卖盘
11:09:48	19.43	0.07	72	139896	买盘
11:09:45	19.36	--	9	17424	卖盘
11:09:42	19.36	--	7	13552	卖盘
11:09:39	19.36	--	5	9680	卖盘
11:09:36	19.36	--	5	9680	卖盘
11:09:33	19.36	--	10	19360	卖盘
11:09:30	19.36	--	7	13552	卖盘
11:09:27	19.36	0.04	4	7744	卖盘
11:09:21	19.32	-0.04	361	697452	卖盘
11:09:18	19.36	0.01	24	46464	买盘
11:09:09	19.35	-0.1	200	387000	卖盘
11:09:06	19.45	0.09	104	202280	买盘
11:08:57	19.36	--	26	50336	卖盘
11:08:51	19.36	-0.08	88	170503	卖盘
11:08:48	19.44	0.08	135	264247	买盘
11:08:45	19.36	-0.08	4	7744	卖盘
11:08:36	19.44	--	46	89560	卖盘
11:08:30	19.44	--	51	99144	卖盘
11:08:27	19.44	--	34	66096	卖盘
11:08:24	19.44	--	5	9720	卖盘
11:08:18	19.44	0.09	21	42631	买盘
11:08:15	19.35	--	1	1935	卖盘
11:08:09	19.35	--	1	1935	卖盘
11:08:06	19.35	-0.08	4	7740	卖盘
11:08:03	19.43	0.08	1	1943	买盘
11:08:00	19.35	0.01	15	29025	中性盘
11:07:57	19.34	--	4	7736	卖盘
11:07:51	19.34	-0.12	2	3868	卖盘
11:07:48	19.46	0.03	150	291900	买盘
11:07:42	19.43	--	82	159326	卖盘
11:07:39	19.43	--	6	11658	卖盘
11:07:36	19.43	--	19	36917	卖盘
11:07:30	19.43	--	15	29145	卖盘
11:07:27	19.43	--	4	7772	卖盘
11:07:24	19.43	--	2	3886	卖盘
11:07:18	19.43	0.02	57	110751	买盘
11:07:15	19.41	-0.02	1	1941	卖盘
11:07:09	19.43	0.05	100	194300	买盘
11:07:06	19.38	-0.02	13	25194	卖盘
11:07:03	19.4	-0.01	10	19400	买盘
11:07:00	19.41	0.01	7	13587	买盘
11:06:57	19.4	-0.01	9	17460	卖盘
11:06:54	19.41	--	4	7764	卖盘
11:06:48	19.41	0.03	24	46584	买盘
11:06:45	19.38	-0.03	4	7752	卖盘
11:06:36	19.41	0.03	76	147516	买盘
11:06:33	19.38	--	17	33915	卖盘
11:06:27	19.38	--	4	7752	卖盘
11:06:24	19.38	--	16	31008	卖盘
11:06:18	19.38	--	109	212753	买盘
11:06:15	19.38	--	44	85272	买盘
11:06:12	19.38	--	5	9690	买盘
11:06:09	19.38	0.01	5	9690	买盘
11:06:06	19.37	-0.01	4	7748	卖盘
11:06:00	19.38	--	75	145776	卖盘
11:05:57	19.38	--	4	7752	卖盘
11:05:51	19.38	--	1	1938	卖盘
11:05:48	19.38	--	99	191862	卖盘
11:05:42	19.38	-0.02	136	263568	卖盘
11:05:39	19.4	-0.01	16	31039	卖盘
11:05:36	19.41	0.01	9	17469	中性盘
11:05:33	19.4	--	256	496639	卖盘
11:05:27	19.4	-0.04	64	124159	卖盘
11:05:24	19.44	0.03	17	33048	买盘
11:05:21	19.41	-0.03	61	118401	卖盘
11:05:15	19.44	-0.01	9	17496	卖盘
11:05:12	19.45	--	1	1945	买盘
11:05:09	19.45	0.04	5	9725	买盘
11:05:06	19.41	-0.02	296	574536	卖盘
11:04:57	19.43	-0.04	5	9715	卖盘
11:04:48	19.47	0.04	155	301785	买盘
11:04:45	19.43	-0.02	24	46632	卖盘
11:04:36	19.45	-0.02	4	7780	卖盘
11:04:33	19.47	0.02	14	27258	买盘
11:04:27	19.45	-0.03	10	19450	卖盘
11:04:21	19.48	--	6	11688	买盘
11:04:18	19.48	0.02	150	292200	买盘
11:04:15	19.46	-0.02	194	377524	卖盘
11:04:12	19.48	0.02	21	40908	买盘
11:04:09	19.46	--	2	3892	卖盘
11:04:06	19.46	-0.02	23	44758	卖盘
11:04:03	19.48	0.01	10	19480	买盘
11:04:00	19.47	0.01	2	3894	买盘
11:03:57	19.46	--	4	7784	卖盘
11:03:48	19.46	0.01	2	3892	买盘
11:03:45	19.45	--	4	7780	卖盘
11:03:39	19.45	-0.01	45	87525	卖盘
11:03:36	19.46	-0.02	3	5838	卖盘
11:03:30	19.48	0.03	2	3896	买盘
11:03:27	19.45	--	4	7780	卖盘
11:03:24	19.45	0.02	61	118645	中性盘
11:03:15	19.43	--	22	42746	卖盘
11:03:09	19.43	--	1	2836	卖盘
11:03:06	19.43	-0.05	4	7772	卖盘
11:02:57	19.48	0.01	35	68180	买盘
11:02:51	19.47	-0.01	1	1947	买盘
11:02:48	19.48	0.01	158	307784	买盘
11:02:45	19.47	-0.01	11	21417	卖盘
11:02:39	19.48	0.01	5	9740	买盘
11:02:36	19.47	-0.01	9	17523	卖盘
11:02:30	19.48	--	16	31168	买盘
11:02:27	19.48	0.01	23	44804	买盘
11:02:18	19.47	0.04	78	151866	买盘
11:02:09	19.43	-0.03	50	97150	卖盘
11:02:06	19.46	--	10	19460	卖盘
11:01:57	19.46	-0.02	11	21406	中性盘
11:01:48	19.48	0.01	178	347367	买盘
11:01:42	19.47	0.04	1	1947	中性盘
11:01:39	19.43	-0.05	62	120466	卖盘
11:01:36	19.48	0.02	37	72076	买盘
11:01:33	19.46	--	10	19460	买盘
11:01:30	19.46	--	1	1946	买盘
11:01:24	19.46	--	16	31136	买盘
11:01:21	19.46	--	77	149842	卖盘
11:01:18	19.46	--	6	11676	买盘
11:01:09	19.46	-0.02	3	5838	中性盘
11:01:03	19.48	0.07	80	155840	买盘
11:01:00	19.41	-0.06	121	234861	卖盘
11:00:57	19.47	0.01	10	19470	买盘
11:00:51	19.46	-0.02	48	93875	卖盘
11:00:48	19.48	0.01	177	344796	买盘
11:00:45	19.47	--	47	91509	买盘
11:00:42	19.47	--	65	126554	卖盘
11:00:36	19.47	--	10	19470	卖盘
11:00:33	19.47	-0.01	2	3894	卖盘
11:00:30	19.48	--	17	33116	买盘
11:00:27	19.48	--	116	225968	买盘
11:00:24	19.48	0.01	10	19480	买盘
11:00:18	19.47	--	45	87615	买盘
11:00:15	19.47	--	18	35046	买盘
11:00:12	19.47	--	2	3894	买盘
11:00:06	19.47	--	81	157707	买盘
11:00:00	19.47	--	152	295944	买盘
10:59:57	19.47	0.01	18	35046	买盘
10:59:54	19.46	0.03	261	509384	买盘
10:59:51	19.43	--	13	25259	买盘
10:59:48	19.43	0.02	52	101036	买盘
10:59:45	19.41	-0.02	1	1941	卖盘
10:59:39	19.43	--	26	50518	卖盘
10:59:36	19.43	-0.02	10	19430	卖盘
10:59:30	19.45	--	2	3890	买盘
10:59:27	19.45	0.02	15	29175	买盘
10:59:21	19.43	-0.02	30	58290	卖盘
10:59:18	19.45	--	150	291750	买盘
10:59:12	19.45	-0.01	18	35010	中性盘
10:59:00	19.46	0.06	21	40866	买盘
10:58:57	19.4	-0.06	136	264305	卖盘
10:58:54	19.46	--	7	13622	卖盘
10:58:48	19.46	0.05	95	186348	买盘
10:58:45	19.41	-0.05	50	97050	卖盘
10:58:39	19.46	0.05	25	48650	买盘
10:58:24	19.41	-0.06	80	155280	卖盘
10:58:21	19.47	--	19	37460	卖盘
10:58:18	19.47	0.01	151	295476	买盘
10:58:12	19.46	--	65	126490	卖盘
10:58:09	19.46	--	2	3892	卖盘
10:58:06	19.46	-0.01	29	56434	卖盘
10:58:00	19.47	0.01	13	25311	买盘
10:57:57	19.46	--	12	23352	买盘
10:57:54	19.46	-0.01	3	5838	中性盘
10:57:51	19.47	--	56	109032	买盘
10:57:48	19.47	0.01	150	292050	买盘
10:57:45	19.46	--	6	11676	买盘
10:57:42	19.46	--	23	46120	卖盘
10:57:39	19.46	--	9	17514	卖盘
10:57:36	19.46	-0.01	18	35028	卖盘
10:57:33	19.47	0.01	10	19470	买盘
10:57:24	19.46	--	40	77840	卖盘
10:57:18	19.46	0.01	103	201021	买盘
10:57:15	19.45	-0.01	1	1945	卖盘
10:57:09	19.46	--	27	52542	买盘
10:57:06	19.46	--	12	23352	买盘
10:56:57	19.46	0.01	10	19460	买盘
10:56:54	19.45	--	5	9725	卖盘
10:56:48	19.45	--	41	79745	买盘
10:56:45	19.45	--	13	25285	买盘
10:56:42	19.45	0.02	5	9725	买盘
10:56:39	19.43	--	5	9715	卖盘
10:56:33	19.43	--	4	7772	卖盘
10:56:30	19.43	--	10	19430	卖盘
10:56:24	19.43	--	3	5829	卖盘
10:56:18	19.43	--	44	85492	买盘
10:56:12	19.43	0.01	18	34974	买盘
10:56:03	19.42	-0.01	5	9710	卖盘
10:56:00	19.43	--	5	9715	卖盘
10:55:48	19.43	--	7	13601	卖盘
10:55:36	19.43	--	6	11658	卖盘
10:55:27	19.43	--	5	9715	卖盘
10:55:24	19.43	0.01	22	42746	买盘
10:55:21	19.42	-0.01	50	97100	卖盘
10:55:00	19.43	-0.03	57	110751	卖盘
10:54:57	19.46	0.05	19	36974	买盘
10:54:51	19.41	-0.05	25	48525	卖盘
10:54:36	19.46	--	5	9730	买盘
10:54:33	19.46	0.06	19	36974	买盘
10:54:24	19.4	-0.06	82	159080	卖盘
10:54:12	19.46	-0.01	71	139528	卖盘
10:54:09	19.47	0.01	70	136290	买盘
10:54:06	19.46	-0.01	36	70056	卖盘
10:54:03	19.47	--	3	5841	买盘
10:53:51	19.47	--	1	1947	买盘
10:53:48	19.47	--	100	194700	买盘
10:53:45	19.47	--	21	40887	买盘
10:53:42	19.47	--	14	27258	买盘
10:53:39	19.47	--	42	81774	买盘
10:53:36	19.47	0.01	108	210276	买盘
10:53:24	19.46	--	83	161518	卖盘
10:53:21	19.46	-0.01	1	1946	卖盘
10:53:18	19.47	--	1	1947	买盘
10:53:12	19.47	0.01	19	36993	买盘
10:53:09	19.46	--	1	1946	卖盘
10:53:06	19.46	--	10	19460	卖盘
10:53:03	19.46	--	7	13622	卖盘
10:52:57	19.46	-0.01	38	73948	卖盘
10:52:51	19.47	0.01	84	164132	买盘
10:52:39	19.46	--	130	252980	买盘
10:52:36	19.46	--	23	44758	买盘
10:52:33	19.46	--	2	3892	买盘
10:52:27	19.46	--	21	40866	买盘
10:52:24	19.46	0.01	60	116760	买盘
10:52:21	19.45	--	86	167270	卖盘
10:52:18	19.45	-0.01	10	19450	卖盘
10:52:12	19.46	--	9	17514	买盘
10:52:09	19.46	--	10	19460	买盘
10:52:06	19.46	--	5	9730	买盘
10:52:03	19.46	--	60	116760	买盘
10:51:54	19.46	0.01	60	116760	买盘
10:51:51	19.45	0.01	33	64185	买盘
10:51:45	19.44	-0.01	2	3888	卖盘
10:51:42	19.45	-0.01	3	5835	中性盘
10:51:33	19.46	--	16	31136	买盘
10:51:30	19.46	0.02	100	194600	买盘
10:51:24	19.44	-0.01	85	165240	卖盘
10:51:21	19.45	--	19	36955	买盘
10:51:12	19.45	--	44	85580	卖盘
10:51:09	19.45	-0.01	12	23340	卖盘
10:51:06	19.46	0.01	21	40866	买盘
10:51:00	19.45	--	8	15560	卖盘
10:50:57	19.45	--	1	1945	卖盘
10:50:54	19.45	0.01	70	136150	买盘
10:50:51	19.44	0.04	2	3888	中性盘
10:50:45	19.4	-0.05	41	79540	卖盘
10:50:39	19.45	--	13	25285	买盘
10:50:36	19.45	--	40	77800	买盘
10:50:30	19.45	0.03	1	1945	买盘
10:50:27	19.42	-0.04	84	163128	卖盘
10:50:24	19.46	--	204	396984	买盘
10:50:21	19.46	0.01	150	291900	买盘
10:50:15	19.45	-0.01	7	13615	卖盘
10:50:12	19.46	--	65	126490	买盘
10:50:06	19.46	0.01	25	48650	买盘
10:50:03	19.45	--	8	15560	卖盘
10:49:57	19.45	--	60	116700	卖盘
10:49:54	19.45	--	44	85580	买盘
10:49:51	19.45	--	4	7780	买盘
10:49:48	19.45	--	19	36955	买盘
10:49:45	19.45	--	20	38900	卖盘
10:49:39	19.45	--	24	46680	卖盘
10:49:36	19.45	--	10	19450	卖盘
10:49:33	19.45	-0.01	20	38900	卖盘
10:49:30	19.46	0.01	50	97300	买盘
10:49:27	19.45	--	95	184775	卖盘
10:49:24	19.45	0.01	46	89470	买盘
10:49:21	19.44	-0.01	52	101088	卖盘
10:49:18	19.45	--	1	1945	买盘
10:49:15	19.45	--	9	17505	买盘
10:49:09	19.45	--	6	11670	买盘
10:49:06	19.45	--	74	143930	卖盘
10:49:03	19.45	-0.01	1	1945	卖盘
10:48:57	19.46	0.01	26	50596	买盘
10:48:54	19.45	--	146	283970	买盘
10:48:48	19.45	-0.01	204	396780	中性盘
10:48:42	19.46	--	3	5838	买盘
10:48:39	19.46	0.01	36	70056	买盘
10:48:36	19.45	--	35	68075	卖盘
10:48:33	19.45	--	10	19450	卖盘
10:48:30	19.45	-0.01	50	97250	卖盘
10:48:27	19.46	--	10	19460	买盘
10:48:21	19.46	--	19	36974	买盘
10:48:18	19.46	-0.01	88	172610	卖盘
10:48:15	19.47	--	2	3894	卖盘
10:48:12	19.47	--	13	25311	卖盘
10:48:09	19.47	--	26	50622	卖盘
10:48:06	19.47	--	3	5841	卖盘
10:48:03	19.47	--	28	54710	卖盘
10:48:00	19.47	-0.01	58	112926	卖盘
10:47:57	19.48	--	5	9740	买盘
10:47:54	19.48	0.01	3	5844	买盘
10:47:45	19.47	--	11	21417	卖盘
10:47:42	19.47	--	8	15576	买盘
10:47:39	19.47	0.01	10	19470	买盘
10:47:36	19.46	-0.01	9	17514	卖盘
10:47:33	19.47	0.01	45	87615	买盘
10:47:30	19.46	-0.01	5	9730	卖盘
10:47:27	19.47	-0.01	17	33099	卖盘
10:47:24	19.48	-0.01	28	54544	中性盘
10:47:21	19.49	0.01	200	389799	买盘
10:47:18	19.48	0.01	550	1071400	买盘
10:47:15	19.47	--	10	19470	买盘
10:47:12	19.47	0.01	2	3894	买盘
10:47:06	19.46	--	43	83678	卖盘
10:47:00	19.46	-0.01	326	634396	卖盘
10:46:57	19.47	--	49	95403	卖盘
10:46:54	19.47	-0.01	1	1947	卖盘
10:46:51	19.48	0.02	28	54544	买盘
10:46:48	19.46	--	19	37363	买盘
10:46:45	19.46	--	72	140112	买盘
10:46:42	19.46	0.01	113	219898	买盘
10:46:36	19.45	-0.01	1	1945	中性盘
10:46:33	19.46	--	41	79786	买盘
10:46:30	19.46	0.03	18	35028	买盘
10:46:24	19.43	-0.03	151	293393	卖盘
10:46:21	19.46	0.03	1	1946	买盘
10:46:18	19.43	-0.03	10	19430	卖盘
10:46:15	19.46	0.03	100	194600	买盘
10:46:12	19.43	-0.03	383	744169	卖盘
10:46:09	19.46	--	18	35028	买盘
10:46:06	19.46	0.03	1249	2430554	买盘
10:46:03	19.43	--	127	248315	卖盘
10:46:00	19.43	--	10	19430	卖盘
10:45:57	19.43	--	22	42746	卖盘
10:45:48	19.43	--	8	15544	卖盘
10:45:45	19.43	--	4	7772	卖盘
10:45:42	19.43	0.01	47	91709	买盘
10:45:39	19.42	--	20	38840	买盘
10:45:36	19.42	0.01	1	1942	买盘
10:45:33	19.41	-0.02	10	19410	卖盘
10:45:30	19.43	0.02	33	64119	买盘
10:45:27	19.41	-0.01	87	168867	卖盘
10:45:15	19.42	--	10	19420	卖盘
10:45:12	19.42	0.02	27	54240	买盘
10:45:06	19.4	-0.02	10	19400	卖盘
10:45:03	19.42	--	2	4019	卖盘
10:45:00	19.42	--	4	7768	卖盘
10:44:57	19.42	--	33	64086	卖盘
10:44:54	19.42	0.01	310	603826	买盘
10:44:48	19.41	0.01	520	1009320	中性盘
10:44:45	19.4	-0.02	19	36860	卖盘
10:44:42	19.42	0.02	200	388400	买盘
10:44:39	19.4	-0.01	20	38800	卖盘
10:44:36	19.41	--	90	174690	卖盘
10:44:33	19.41	--	9	17469	卖盘
10:44:30	19.41	--	12	23292	卖盘
10:44:27	19.41	--	10	19410	卖盘
10:44:15	19.41	--	8	15528	卖盘
10:44:12	19.41	0.01	101	196041	买盘
10:44:06	19.4	-0.02	154	298760	中性盘
10:43:54	19.42	0.02	200	388400	买盘
10:43:51	19.4	-0.01	88	170720	卖盘
10:43:48	19.41	--	40	77640	卖盘
10:43:45	19.41	--	11	21351	卖盘
10:43:42	19.41	--	155	300855	买盘
10:43:39	19.41	0.01	20	38820	买盘
10:43:36	19.4	--	20	38800	卖盘
10:43:30	19.4	--	1	1939	卖盘
10:43:18	19.4	--	12	23280	卖盘
10:43:15	19.4	-0.01	21	40740	买盘
10:43:12	19.41	0.05	200	388200	买盘
10:43:09	19.36	-0.04	87	168432	卖盘
10:43:06	19.4	--	121	234739	卖盘
10:43:03	19.4	--	302	585880	卖盘
10:43:00	19.4	-0.02	7	13579	卖盘
10:42:57	19.42	0.02	7	13594	买盘
10:42:54	19.4	-0.02	8	15519	卖盘
10:42:51	19.42	--	9	17478	买盘
10:42:48	19.42	-0.01	10	19420	买盘
10:42:45	19.43	--	5	11269	卖盘
10:42:42	19.43	0.01	182	354014	买盘
10:42:39	19.42	--	32	62144	卖盘
10:42:36	19.42	--	123	238866	卖盘
10:42:33	19.42	--	23	44666	卖盘
10:42:30	19.42	--	15	29130	卖盘
10:42:27	19.42	--	1	1942	卖盘
10:42:24	19.42	-0.01	30	58260	卖盘
10:42:21	19.43	0.01	21	40803	买盘
10:42:18	19.42	--	9	17478	卖盘
10:42:15	19.42	0.01	2	3884	卖盘
10:42:12	19.41	-0.02	5	9705	中性盘
10:42:09	19.43	0.01	36	69948	买盘
10:42:06	19.42	-0.01	7	13594	买盘
10:42:03	19.43	--	62	120466	买盘
10:42:00	19.43	--	21	40803	买盘
10:41:57	19.43	--	10	19430	买盘
10:41:54	19.43	0.02	55	106865	买盘
10:41:51	19.41	-0.01	10	19410	卖盘
10:41:45	19.42	--	29	56318	卖盘
10:41:42	19.42	0.02	47	91274	买盘
10:41:39	19.4	--	5	9700	卖盘
10:41:36	19.4	-0.02	213	413219	卖盘
10:41:33	19.42	0.01	9	17478	买盘
10:41:30	19.41	0.01	10	19410	中性盘
10:41:21	19.4	--	5	9700	卖盘
10:41:15	19.4	--	3	5820	卖盘
10:41:12	19.4	0.01	41	79540	中性盘
10:41:09	19.39	-0.01	572	1109961	卖盘
10:41:06	19.4	--	24	46560	买盘
10:41:00	19.4	0.02	11	21340	买盘
10:40:57	19.38	-0.01	8	15504	卖盘
10:40:54	19.39	--	53	102767	卖盘
10:40:48	19.39	-0.01	18	34902	卖盘
10:40:42	19.4	0.01	217	420979	买盘
10:40:39	19.39	--	5	9695	买盘
10:40:36	19.39	-0.01	1	1939	卖盘
10:40:33	19.4	0.03	20	38800	买盘
10:40:30	19.37	-0.03	1	1937	卖盘
10:40:27	19.4	--	20	38800	买盘
10:40:21	19.4	0.04	29	56259	买盘
10:40:18	19.36	-0.03	298	576928	卖盘
10:40:12	19.39	0.03	168	325752	买盘
10:40:09	19.36	--	210	406560	卖盘
10:40:03	19.36	0.01	451	873136	买盘
10:40:00	19.35	--	101	195435	买盘
10:39:51	19.35	0.01	38	73530	买盘
10:39:42	19.34	0.04	70	135380	买盘
10:39:39	19.3	--	18	35357	卖盘
10:39:33	19.3	-0.03	253	488290	卖盘
10:39:30	19.33	0.02	12	23195	买盘
10:39:27	19.31	--	1	1930	买盘
10:39:24	19.31	0.01	1	1930	买盘
10:39:12	19.3	-0.01	5	9650	卖盘
10:39:09	19.31	0.01	3	5793	买盘
10:39:06	19.3	--	61	117730	卖盘
10:39:03	19.3	--	1	1930	卖盘
10:38:57	19.3	--	72	138960	卖盘
10:38:54	19.3	--	1	1930	卖盘
10:38:51	19.3	--	20	38600	卖盘
10:38:48	19.3	--	10	19300	卖盘
10:38:45	19.3	-0.03	2	3860	卖盘
10:38:42	19.33	0.02	17	32861	买盘
10:38:39	19.31	0.01	10	19310	买盘
10:38:30	19.3	--	20	38600	卖盘
10:38:27	19.3	--	60	115800	卖盘
10:38:24	19.3	-0.01	1	1930	卖盘
10:38:12	19.31	0.01	67	129376	买盘
10:38:09	19.3	--	19	36670	卖盘
10:38:06	19.3	-0.03	5	9650	卖盘
10:37:51	19.33	0.03	23	44458	买盘
10:37:48	19.3	--	9	17370	卖盘
10:37:36	19.3	-0.03	100	193000	卖盘
10:37:30	19.33	--	100	193299	买盘
10:37:24	19.33	0.02	189	365336	买盘
10:37:18	19.31	--	10	19310	卖盘
10:37:06	19.31	--	6	11586	卖盘
10:37:03	19.31	-0.01	74	142894	卖盘
10:36:54	19.32	0.01	5	9660	买盘
10:36:51	19.31	--	29	55998	卖盘
10:36:27	19.31	-0.02	5	9655	卖盘
10:36:24	19.33	0.01	7	13530	买盘
10:36:18	19.32	--	3	5796	卖盘
10:36:15	19.32	--	27	52164	卖盘
10:36:09	19.32	--	91	175812	买盘
10:36:03	19.32	0.01	93	179676	买盘
10:36:00	19.31	--	3	5793	卖盘
10:35:48	19.31	--	20	38620	卖盘
10:35:39	19.31	--	12	23172	卖盘
10:35:30	19.31	--	8	15447	卖盘
10:35:21	19.31	--	53	103656	卖盘
10:35:18	19.31	--	42	81102	卖盘
10:35:12	19.31	-0.01	46	88826	卖盘
10:35:09	19.32	0.02	22	42504	买盘
10:35:06	19.3	--	340	656200	卖盘
10:35:03	19.3	--	60	115800	卖盘
10:34:57	19.3	--	63	121590	卖盘
10:34:27	19.3	-0.01	20	38600	卖盘
10:34:24	19.31	--	21	40551	卖盘
10:34:21	19.31	0.01	35	67585	买盘
10:34:15	19.3	--	7	13510	卖盘
10:34:09	19.3	--	1	1930	卖盘
10:34:06	19.3	--	1	1930	卖盘
10:34:03	19.3	--	5	9650	卖盘
10:33:57	19.3	--	2	3860	卖盘
10:33:54	19.3	--	141	272130	卖盘
10:33:51	19.3	-0.01	2	3860	卖盘
10:33:45	19.31	--	10	19310	买盘
10:33:42	19.31	0.01	20	38620	买盘
10:33:39	19.3	--	10	19300	卖盘
10:33:36	19.3	--	10	19300	卖盘
10:33:09	19.3	-0.02	257	496762	卖盘
10:33:03	19.32	-0.01	2	3864	卖盘
10:32:48	19.33	--	100	193299	买盘
10:32:45	19.33	0.01	2	3865	买盘
10:32:42	19.32	--	57	111766	卖盘
10:32:39	19.32	-0.01	14	27048	卖盘
10:32:33	19.33	--	4	7731	买盘
10:32:30	19.33	--	1	1932	买盘
10:32:27	19.33	--	20	38660	买盘
10:32:21	19.33	0.01	2	3865	买盘
10:32:12	19.32	-0.01	8	15456	卖盘
10:32:03	19.33	0.01	10	19330	买盘
10:32:00	19.32	--	1	1932	卖盘
10:31:33	19.32	-0.01	10	19320	卖盘
10:31:27	19.33	0.03	1	1932	买盘
10:31:21	19.3	-0.03	95	183350	卖盘
10:31:12	19.33	0.01	109	210696	买盘
10:31:09	19.32	-0.01	69	133308	卖盘
10:31:03	19.33	--	5	9665	买盘
10:31:00	19.33	0.03	6	11597	中性盘
10:30:51	19.3	-0.04	261	503730	卖盘
10:30:45	19.34	0.04	10	19340	买盘
10:30:42	19.3	-0.04	5	9650	卖盘
10:30:39	19.34	0.02	20	38680	买盘
10:30:24	19.32	-0.01	343	662676	卖盘
10:30:09	19.33	-0.01	18	34794	卖盘
10:30:06	19.34	--	5	9670	卖盘
10:29:57	19.34	--	29	56086	买盘
10:29:54	19.34	0.02	1	1934	买盘
10:29:51	19.32	-0.02	1	1932	卖盘
10:29:48	19.34	0.02	105	203070	买盘
10:29:45	19.32	--	20	38640	卖盘
10:29:42	19.32	--	10	19320	卖盘
10:29:39	19.32	--	3	5796	卖盘
10:29:36	19.32	--	4	7728	卖盘
10:29:27	19.32	--	104	200928	买盘
10:29:24	19.32	0.01	401	774732	买盘
10:29:21	19.31	--	60	115859	卖盘
10:29:18	19.31	--	8	15447	卖盘
10:29:09	19.31	--	9	17379	卖盘
10:29:03	19.31	--	38	73378	卖盘
10:28:57	19.31	--	71	138819	买盘
10:28:54	19.31	--	300	579300	买盘
10:28:51	19.31	0.01	11	21241	买盘
10:28:48	19.3	-0.01	1	1930	卖盘
10:28:45	19.31	0.01	5	9655	买盘
10:28:39	19.3	-0.01	17	32810	卖盘
10:28:36	19.31	--	15	28964	买盘
10:28:30	19.31	--	27	52137	买盘
10:28:24	19.31	0.01	200	386200	买盘
10:28:18	19.3	--	30	57900	卖盘
10:28:06	19.3	-0.01	57	110010	卖盘
10:28:03	19.31	-0.03	5	9655	卖盘
10:27:57	19.34	0.03	5	9670	买盘
10:27:51	19.31	--	77	148687	卖盘
10:27:45	19.31	-0.01	21	40551	卖盘
10:27:36	19.32	0.02	3	5796	中性盘
10:27:24	19.3	-0.03	354	683220	卖盘
10:27:18	19.33	0.03	290	560570	买盘
10:27:12	19.3	-0.02	232	447760	卖盘
10:27:06	19.32	0.01	5	9660	买盘
10:26:57	19.31	--	100	193100	卖盘
10:26:45	19.31	--	347	670057	买盘
10:26:42	19.31	--	7	13517	买盘
10:26:39	19.31	--	12	24060	买盘
10:26:36	19.31	0.01	18	34758	买盘
10:26:33	19.3	--	11	21230	卖盘
10:26:27	19.3	-0.01	691	1333630	卖盘
10:26:24	19.31	0.01	5	9655	买盘
10:26:18	19.3	--	100	193000	卖盘
10:26:12	19.3	--	10	19300	卖盘
10:26:09	19.3	--	5	9650	卖盘
10:26:06	19.3	--	10	19300	卖盘
10:26:03	19.3	--	10	19300	卖盘
10:26:00	19.3	0.03	1555	3002250	买盘
10:25:54	19.27	--	8	15416	卖盘
10:25:48	19.27	--	87	167649	卖盘
10:25:45	19.27	--	10	19270	卖盘
10:25:42	19.27	0.02	295	568465	买盘
10:25:39	19.25	-0.01	406	781550	卖盘
10:25:36	19.26	-0.01	1	1926	卖盘
10:25:33	19.27	--	1	1927	买盘
10:25:30	19.27	0.02	303	583881	买盘
10:25:24	19.25	-0.01	821	1582273	卖盘
10:25:21	19.26	--	44	84744	买盘
10:25:18	19.26	--	24	46224	买盘
10:25:15	19.26	0.01	372	716472	买盘
10:25:12	19.25	--	21	40425	卖盘
10:25:09	19.25	-0.01	60	115500	卖盘
10:25:06	19.26	0.01	2	3852	买盘
10:25:03	19.25	--	6	11550	卖盘
10:25:00	19.25	--	39	75075	卖盘
10:24:57	19.25	-0.01	121	232925	卖盘
10:24:54	19.26	0.01	40	77040	买盘
10:24:45	19.25	--	10	19250	卖盘
10:24:39	19.25	0.01	241	463925	买盘
10:24:36	19.24	--	4	7695	买盘
10:24:33	19.24	-0.01	5	9620	中性盘
10:24:30	19.25	0.01	108	207900	买盘
10:24:27	19.24	--	5	9620	卖盘
10:24:24	19.24	--	1	1923	卖盘
10:24:21	19.24	--	7	13467	卖盘
10:24:18	19.24	-0.01	1	1923	卖盘
10:24:12	19.25	0.02	45	86625	买盘
10:24:06	19.23	-0.01	106	203838	卖盘
10:24:03	19.24	--	10	19240	买盘
10:24:00	19.24	--	10	19240	买盘
10:23:57	19.24	--	1	1923	买盘
10:23:54	19.24	--	15	28859	买盘
10:23:51	19.24	--	1	1923	买盘
10:23:48	19.24	-0.01	6	11543	卖盘
10:23:45	19.25	--	14	26950	买盘
10:23:42	19.25	--	13	25025	买盘
10:23:39	19.25	--	4	7700	卖盘
10:23:36	19.25	--	56	107800	卖盘
10:23:33	19.25	--	10	19250	卖盘
10:23:30	19.25	--	13	25025	卖盘
10:23:27	19.25	--	16	30800	卖盘
10:23:24	19.25	0.02	41	78925	买盘
10:23:21	19.23	--	5	9615	卖盘
10:23:18	19.23	-0.02	475	913425	卖盘
10:23:15	19.25	--	160	308000	买盘
10:23:12	19.25	--	4	7700	买盘
10:23:09	19.25	-0.01	827	1591975	卖盘
10:23:06	19.26	--	5	9630	买盘
10:23:03	19.26	--	13	25038	买盘
10:23:00	19.26	--	1	1926	买盘
10:22:54	19.26	--	23	44298	买盘
10:22:51	19.26	--	10	19260	买盘
10:22:48	19.26	--	159	306234	卖盘
10:22:45	19.26	-0.01	120	231120	卖盘
10:22:36	19.27	--	1	1927	买盘
10:22:33	19.27	0.01	2	3854	买盘
10:22:30	19.26	-0.01	241	464166	卖盘
10:22:27	19.27	-0.01	20	38540	卖盘
10:22:21	19.28	0.01	1	1928	买盘
10:22:12	19.27	-0.01	59	113693	卖盘
10:22:09	19.28	0.01	5	9640	买盘
10:22:06	19.27	-0.01	8	15416	卖盘
10:22:03	19.28	--	4	7712	买盘
10:22:00	19.28	--	1	1928	买盘
10:21:57	19.28	0.01	43	82904	买盘
10:21:54	19.27	-0.01	5	9635	卖盘
10:21:45	19.28	0.01	100	192800	买盘
10:21:42	19.27	-0.01	12	23124	卖盘
10:21:24	19.28	--	92	178552	卖盘
10:21:21	19.28	--	11	21208	卖盘
10:21:18	19.28	-0.01	11	21208	卖盘
10:21:09	19.29	0.01	10	19290	买盘
10:21:03	19.28	--	29	55912	卖盘
10:21:00	19.28	-0.01	7	14247	卖盘
10:20:54	19.29	0.01	66	127314	买盘
10:20:48	19.28	-0.01	9	17352	卖盘
10:20:45	19.29	--	10	19290	买盘
10:20:36	19.29	--	1	1929	买盘
10:20:21	19.29	0.01	5	9645	买盘
10:20:18	19.28	--	314	607107	卖盘
10:20:06	19.28	0.02	44	85044	买盘
10:20:03	19.26	-0.02	60	115560	卖盘
10:20:00	19.28	0.01	1	1928	买盘
10:19:48	19.27	--	120	231240	买盘
10:19:45	19.27	-0.03	74	142598	卖盘
10:19:39	19.3	0.03	700	1351000	买盘
10:19:36	19.27	-0.01	2	3854	卖盘
10:19:33	19.28	0.01	4	7712	买盘
10:19:24	19.27	-0.01	10	19270	卖盘
10:19:21	19.28	0.01	5	9640	中性盘
10:19:12	19.27	--	16	30832	卖盘
10:19:09	19.27	-0.01	60	115620	卖盘
10:19:03	19.28	--	47	90616	卖盘
10:19:00	19.28	--	28	53984	卖盘
10:18:54	19.28	--	10	19280	卖盘
10:18:51	19.28	--	1	1928	卖盘
10:18:45	19.28	0.01	21	40488	卖盘
10:18:42	19.27	-0.03	5	9635	卖盘
10:18:36	19.3	0.03	37	71410	买盘
10:18:27	19.27	--	34	65518	卖盘
10:18:24	19.27	--	50	96350	卖盘
10:18:21	19.27	--	182	350714	卖盘
10:18:15	19.27	-0.01	5	9635	卖盘
10:18:12	19.28	0.01	27	52056	买盘
10:18:09	19.27	--	5	9635	卖盘
10:18:06	19.27	-0.01	102	196554	卖盘
10:18:00	19.28	--	11	21208	买盘
10:17:57	19.28	--	2	3856	买盘
10:17:51	19.28	--	2	3856	买盘
10:17:45	19.28	0.01	2	3856	买盘
10:17:42	19.27	-0.02	134	259258	卖盘
10:17:39	19.29	--	3	5787	买盘
10:17:36	19.29	0.01	60	115740	买盘
10:17:30	19.28	-0.01	2	3856	卖盘
10:17:18	19.29	--	17	32793	买盘
10:17:15	19.29	0.01	5	9645	买盘
10:17:12	19.28	-0.01	1	1928	卖盘
10:17:09	19.29	0.01	13	25077	买盘
10:17:06	19.28	-0.01	11	21208	卖盘
10:16:57	19.29	--	21	40509	买盘
10:16:51	19.29	0.01	10	19290	买盘
10:16:48	19.28	--	100	192800	卖盘
10:16:45	19.28	-0.01	14	26992	卖盘
10:16:42	19.29	0.01	4	7716	买盘
10:16:30	19.28	--	7	13496	卖盘
10:16:27	19.28	--	60	116566	买盘
10:16:24	19.28	--	5	9640	买盘
10:16:18	19.28	--	12	23136	买盘
10:16:15	19.28	--	14	26992	买盘
10:16:12	19.28	--	180	347040	买盘
10:16:09	19.28	--	11	21208	买盘
10:16:06	19.28	--	21	40488	买盘
10:16:03	19.28	--	12	23136	买盘
10:16:00	19.28	-0.01	316	610289	卖盘
10:15:57	19.29	0.01	24	46296	买盘
10:15:54	19.28	--	0	886	卖盘
10:15:45	19.28	-0.01	123	237144	卖盘
10:15:42	19.29	--	12	23148	买盘
10:15:39	19.29	0.01	11	21219	买盘
10:15:36	19.28	-0.01	28	53984	卖盘
10:15:30	19.29	--	26	50154	买盘
10:15:24	19.29	--	22	42438	买盘
10:15:21	19.29	--	10	19290	买盘
10:15:18	19.29	0.01	13	25077	中性盘
10:15:15	19.28	-0.02	2	3856	卖盘
10:15:03	19.3	0.01	44	84920	买盘
10:15:00	19.29	0.01	1	1929	卖盘
10:14:57	19.28	--	30	57840	卖盘
10:14:54	19.28	-0.02	1	1928	卖盘
10:14:48	19.3	--	2	3860	买盘
10:14:45	19.3	--	15	28950	买盘
10:14:42	19.3	--	1	1930	买盘
10:14:39	19.3	--	60	115800	买盘
10:14:30	19.3	--	9	17370	买盘
10:14:24	19.3	-0.01	291	561630	卖盘
10:14:15	19.31	-0.04	6	11586	卖盘
10:14:12	19.35	--	10	19350	买盘
10:14:06	19.35	--	110	212850	买盘
10:14:00	19.35	0.03	1	1935	买盘
10:13:57	19.32	-0.03	10	19320	卖盘
10:13:54	19.35	--	1	1935	买盘
10:13:48	19.35	-0.01	6	12790	卖盘
10:13:45	19.36	--	10	19360	买盘
10:13:42	19.36	--	6	11616	买盘
10:13:33	19.36	0.01	5	9680	买盘
10:13:30	19.35	--	52	100620	卖盘
10:13:24	19.35	--	357	691685	卖盘
10:13:21	19.35	--	6	11610	卖盘
10:13:18	19.35	0.03	83	162404	买盘
10:13:15	19.32	--	3	5796	买盘
10:13:12	19.32	--	13	25116	买盘
10:13:03	19.32	-0.02	4	7728	买盘
10:12:51	19.34	--	0	135	卖盘
10:12:42	19.34	0.05	7	15336	买盘
10:12:39	19.29	--	22	42438	卖盘
10:12:36	19.29	-0.01	2	3858	卖盘
10:12:33	19.3	--	10	19300	卖盘
10:12:30	19.3	--	2	3860	卖盘
10:12:21	19.3	--	212	409160	中性盘
10:12:18	19.3	0.01	2	3860	买盘
10:12:15	19.29	--	25	48225	卖盘
10:12:09	19.29	-0.04	41	79089	卖盘
10:12:06	19.33	0.04	4	7731	买盘
10:12:03	19.29	-0.01	84	162036	卖盘
10:11:54	19.3	--	2	3860	买盘
10:11:51	19.3	--	213	411090	买盘
10:11:39	19.3	0.02	11	21230	中性盘
10:11:21	19.28	--	69	133032	卖盘
10:11:15	19.28	--	4	7712	卖盘
10:11:06	19.28	--	9	17352	卖盘
10:10:57	19.28	-0.02	141	271848	卖盘
10:10:54	19.3	--	30	57900	买盘
10:10:48	19.3	--	41	79130	买盘
10:10:45	19.3	0.02	13	25090	买盘
10:10:39	19.28	--	1	1928	卖盘
10:10:33	19.28	--	181	348968	卖盘
10:10:30	19.28	--	74	142672	卖盘
10:10:27	19.28	-0.02	80	154240	卖盘
10:10:21	19.3	0.02	1	1930	买盘
10:10:12	19.28	-0.02	4	7712	卖盘
10:10:06	19.3	0.02	50	96500	买盘
10:10:03	19.28	-0.02	5	11298	卖盘
10:09:51	19.3	--	3	5790	买盘
10:09:48	19.3	--	5	9650	买盘
10:09:45	19.3	0.02	10	19300	买盘
10:09:42	19.28	--	111	214008	卖盘
10:09:39	19.28	-0.02	35	67480	卖盘
10:09:36	19.3	--	10	19300	买盘
10:09:33	19.3	--	3	5790	买盘
10:09:30	19.3	0.02	50	96500	买盘
10:09:27	19.28	--	11	21208	卖盘
10:09:21	19.28	-0.02	10	19280	卖盘
10:09:18	19.3	0.02	5	9650	买盘
10:09:15	19.28	-0.02	10	19280	中性盘
10:09:00	19.3	0.03	4	7720	买盘
10:08:57	19.27	-0.07	144	277488	卖盘
10:08:48	19.34	0.07	5	9670	买盘
10:08:45	19.27	-0.03	250	481750	卖盘
10:08:42	19.3	--	63	121590	卖盘
10:08:36	19.3	--	13	25090	卖盘
10:08:30	19.3	--	9	17370	卖盘
10:08:24	19.3	--	146	281780	卖盘
10:08:21	19.3	-0.02	2	3860	卖盘
10:08:18	19.32	0.02	60	115920	买盘
10:08:09	19.3	--	85	164050	卖盘
10:08:06	19.3	0.02	149	287570	买盘
10:08:03	19.28	--	37	71336	卖盘
10:08:00	19.28	-0.02	15	28920	中性盘
10:07:54	19.3	0.03	60	115800	买盘
10:07:48	19.27	-0.01	21	40467	卖盘
10:07:45	19.28	--	3	5784	卖盘
10:07:42	19.28	-0.02	61	117608	中性盘
10:07:39	19.3	0.03	65	125450	买盘
10:07:36	19.27	-0.01	237	456699	卖盘
10:07:33	19.28	--	10	19280	卖盘
10:07:24	19.28	0.01	4	7712	中性盘
10:07:09	19.27	-0.03	129	248583	卖盘
10:07:06	19.3	-0.01	31	59830	卖盘
10:07:03	19.31	0.01	1	1930	买盘
10:07:00	19.3	--	15	28950	卖盘
10:06:57	19.3	--	3	5790	卖盘
10:06:54	19.3	--	93	179490	卖盘
10:06:51	19.3	--	3	7584	卖盘
10:06:45	19.3	--	17	32810	卖盘
10:06:42	19.3	--	53	102290	卖盘
10:06:36	19.3	--	5	9650	卖盘
10:06:33	19.3	--	7	13510	卖盘
10:06:30	19.3	--	10	19300	卖盘
10:06:24	19.3	--	6	11580	卖盘
10:06:21	19.3	--	109	210601	买盘
10:06:15	19.3	0.02	19	36670	买盘
10:06:09	19.28	-0.02	576	1112224	卖盘
10:06:03	19.3	-0.01	20	38600	卖盘
10:06:00	19.31	--	10	19310	卖盘
10:05:57	19.31	--	6	11586	卖盘
10:05:54	19.31	0.01	52	100643	买盘
10:05:51	19.3	--	15	28950	卖盘
10:05:48	19.3	--	3	5790	卖盘
10:05:42	19.3	--	14	27020	卖盘
10:05:39	19.3	--	239	461270	卖盘
10:05:36	19.3	--	19	36670	卖盘
10:05:30	19.3	--	7	13510	卖盘
10:05:27	19.3	-0.01	11	21230	卖盘
10:05:15	19.31	0.03	16	30895	买盘
10:05:09	19.28	-0.02	38	74150	卖盘
10:05:06	19.3	--	5	9650	买盘
10:05:03	19.3	--	1	1930	买盘
10:05:00	19.3	--	4	7720	买盘
10:04:54	19.3	--	9	19145	卖盘
10:04:51	19.3	--	20	38600	卖盘
10:04:48	19.3	--	2	3860	卖盘
10:04:45	19.3	--	6	11580	卖盘
10:04:42	19.3	--	400	772000	卖盘
10:04:36	19.3	--	112	216160	卖盘
10:04:33	19.3	--	18	34740	卖盘
10:04:30	19.3	--	4	7720	卖盘
10:04:27	19.3	-0.01	7	13510	卖盘
10:04:24	19.31	--	13	26551	卖盘
10:04:21	19.31	-0.01	66	127445	卖盘
10:04:15	19.32	0.01	8	15456	买盘
10:04:12	19.31	-0.01	145	279995	卖盘
10:04:09	19.32	--	6	11592	买盘
10:04:03	19.32	--	14	27048	卖盘
10:03:57	19.32	-0.01	59	113988	卖盘
10:03:51	19.33	0.02	1	1932	中性盘
10:03:36	19.31	-0.02	171	330201	卖盘
10:03:30	19.33	-0.01	6	12081	卖盘
10:03:27	19.34	--	33	63822	买盘
10:03:12	19.34	--	10	19340	买盘
10:03:06	19.34	--	3	5802	买盘
10:03:03	19.34	0.01	1	1934	买盘
10:02:51	19.33	0.03	21	40593	中性盘
10:02:48	19.3	-0.01	68	132340	卖盘
10:02:42	19.31	--	9	17379	买盘
10:02:39	19.31	-0.02	2	3861	买盘
10:02:33	19.33	0.02	147	284151	买盘
10:02:18	19.31	-0.02	8	15447	卖盘
10:02:09	19.33	--	1	1932	卖盘
10:02:06	19.33	0.03	13	25128	买盘
10:02:03	19.3	--	54	104220	卖盘
10:02:00	19.3	-0.03	20	38600	卖盘
10:01:57	19.33	--	1	1932	买盘
10:01:54	19.33	0.03	17	32861	买盘
10:01:48	19.3	-0.04	77	148610	卖盘
10:01:42	19.34	0.01	5	9670	买盘
10:01:39	19.33	0.03	1	1932	买盘
10:01:36	19.3	--	2	3860	卖盘
10:01:30	19.3	-0.03	70	135100	卖盘
10:01:24	19.33	0.02	60	115979	买盘
10:01:21	19.31	0.01	8	15447	买盘
10:01:18	19.3	--	105	202650	卖盘
10:01:15	19.3	--	4	7720	卖盘
10:01:12	19.3	--	17	32810	卖盘
10:01:09	19.3	0.02	639	1234254	买盘
10:01:06	19.28	--	5	9640	买盘
10:01:03	19.28	--	57	109896	买盘
10:01:00	19.28	--	16	30848	买盘
10:00:57	19.28	--	30	57840	买盘
10:00:45	19.28	-0.02	139	268936	卖盘
10:00:39	19.3	--	20	38600	卖盘
10:00:36	19.3	0.01	349	674554	买盘
10:00:33	19.29	0.01	414	798606	买盘
10:00:30	19.28	--	41	79048	卖盘
10:00:27	19.28	--	25	48200	卖盘
10:00:24	19.28	--	12	23136	卖盘
10:00:21	19.28	-0.02	37	71336	卖盘
10:00:15	19.3	0.02	2	3860	买盘
10:00:12	19.28	--	9	17352	卖盘
10:00:09	19.28	-0.01	10	19280	卖盘
10:00:06	19.29	-0.01	33	63657	卖盘
10:00:03	19.3	--	19	37615	卖盘
10:00:00	19.3	--	31	59830	卖盘
09:59:57	19.3	--	247	476710	卖盘
09:59:54	19.3	--	55	106150	卖盘
09:59:51	19.3	-0.01	5	9650	卖盘
09:59:48	19.31	--	10	19310	买盘
09:59:45	19.31	0.01	3	5793	买盘
09:59:42	19.3	--	899	1736228	卖盘
09:59:36	19.3	-0.01	1	1930	卖盘
09:59:33	19.31	--	10	19310	买盘
09:59:27	19.31	0.01	5	9655	买盘
09:59:24	19.3	-0.01	105	202650	卖盘
09:59:21	19.31	0.01	35	67585	买盘
09:59:18	19.3	--	8	15440	卖盘
09:59:15	19.3	-0.01	61	117730	卖盘
09:59:09	19.31	--	10	19310	买盘
09:59:06	19.31	0.01	7	13517	买盘
09:59:03	19.3	--	70	135100	卖盘
09:58:57	19.3	--	52	100360	卖盘
09:58:54	19.3	-0.01	44	84920	卖盘
09:58:48	19.31	-0.01	29	55998	中性盘
09:58:42	19.32	--	2	3864	卖盘
09:58:33	19.32	0.02	2	3864	买盘
09:58:27	19.3	-0.01	56	108080	卖盘
09:58:24	19.31	--	2	3861	卖盘
09:58:21	19.31	--	9	17379	买盘
09:58:18	19.31	--	4	7723	买盘
09:58:15	19.31	--	60	115859	买盘
09:58:12	19.31	--	20	38620	买盘
09:58:09	19.31	0.01	140	270340	买盘
09:58:03	19.3	-0.01	10	19300	卖盘
09:58:00	19.31	--	20	38620	买盘
09:57:57	19.31	--	20	38620	买盘
09:57:54	19.31	--	26	50206	卖盘
09:57:48	19.31	-0.03	11	21241	卖盘
09:57:45	19.34	--	9	17406	买盘
09:57:42	19.34	0.03	15	29010	买盘
09:57:39	19.31	0.01	1	1930	卖盘
09:57:36	19.3	-0.01	50	96500	卖盘
09:57:30	19.31	0.01	7	14270	卖盘
09:57:27	19.3	--	4	7720	卖盘
09:57:24	19.3	-0.01	63	121590	卖盘
09:57:21	19.31	--	1	1930	买盘
09:57:18	19.31	0.01	10	19310	买盘
09:57:15	19.3	-0.01	8	15440	卖盘
09:57:09	19.31	--	10	19310	买盘
09:57:06	19.31	--	2	3861	买盘
09:57:03	19.31	--	150	289650	买盘
09:57:00	19.31	0.01	10	19310	买盘
09:56:57	19.3	-0.01	6	11580	卖盘
09:56:51	19.31	0.01	28	54068	买盘
09:56:48	19.3	--	34	65620	卖盘
09:56:45	19.3	--	0	1794	卖盘
09:56:42	19.3	-0.01	11	21230	卖盘
09:56:39	19.31	--	12	23172	买盘
09:56:36	19.31	0.01	17	32827	买盘
09:56:33	19.3	-0.01	34	65620	卖盘
09:56:30	19.31	0.01	10	19310	买盘
09:56:27	19.3	--	2	3860	卖盘
09:56:21	19.3	-0.01	6	11580	卖盘
09:56:18	19.31	--	89	171859	卖盘
09:56:12	19.31	--	45	86895	卖盘
09:56:03	19.31	--	15	28964	买盘
09:56:00	19.31	-0.02	29	55998	买盘
09:55:57	19.33	0.03	15	28994	买盘
09:55:54	19.3	-0.01	56	108080	卖盘
09:55:51	19.31	--	3	5793	买盘
09:55:48	19.31	--	113	218203	卖盘
09:55:45	19.31	-0.03	1	1930	卖盘
09:55:39	19.34	0.03	1	1934	买盘
09:55:30	19.31	-0.03	459	886328	卖盘
09:55:27	19.34	-0.02	9	17406	卖盘
09:55:21	19.36	0.01	30	58080	买盘
09:55:18	19.35	--	5	9675	卖盘
09:55:15	19.35	--	3	5805	卖盘
09:55:09	19.35	-0.01	4	7740	卖盘
09:55:06	19.36	0.01	9	17424	买盘
09:55:03	19.35	-0.01	2	3870	中性盘
09:54:33	19.36	--	10	19360	买盘
09:54:30	19.36	--	9	17424	买盘
09:54:27	19.36	0.03	9	17424	买盘
09:54:18	19.33	--	7	13530	卖盘
09:54:15	19.33	0.01	68	131444	卖盘
09:54:12	19.32	--	20	38640	卖盘
09:54:09	19.32	-0.01	10	19320	卖盘
09:53:57	19.33	--	3	5798	买盘
09:53:54	19.33	0.01	9	17397	买盘
09:53:48	19.32	--	16	30912	卖盘
09:53:45	19.32	0.01	45	86940	买盘
09:53:42	19.31	-0.01	11	21241	卖盘
09:53:36	19.32	--	3	5796	买盘
09:53:33	19.32	--	7	13524	买盘
09:53:30	19.32	0.02	22	42504	中性盘
09:53:24	19.3	-0.02	57	110010	卖盘
09:53:21	19.32	--	9	17388	卖盘
09:53:15	19.32	-0.05	30	57960	卖盘
09:53:12	19.37	0.05	15	29055	买盘
09:53:09	19.32	--	14	27048	卖盘
09:53:03	19.32	0.02	2	3864	中性盘
09:52:57	19.3	-0.07	8	15440	卖盘
09:52:54	19.37	0.07	31	60047	买盘
09:52:51	19.3	-0.07	500	965000	卖盘
09:52:48	19.37	--	5	9685	买盘
09:52:45	19.37	--	1	1937	买盘
09:52:36	19.37	--	3	5811	买盘
09:52:30	19.37	--	27	52299	买盘
09:52:27	19.37	0.05	65	125905	买盘
09:52:21	19.32	-0.03	209	403788	卖盘
09:52:18	19.35	-0.02	10	19350	卖盘
09:52:03	19.37	0.03	3	5811	买盘
09:51:57	19.34	0.02	17	32878	卖盘
09:51:51	19.32	-0.02	141	272412	卖盘
09:51:48	19.34	-0.05	7	13538	卖盘
09:51:45	19.39	--	41	79499	买盘
09:51:30	19.39	--	52	100828	买盘
09:51:27	19.39	0.07	20	38780	买盘
09:51:15	19.32	-0.07	148	285936	卖盘
09:51:09	19.39	--	3	5817	买盘
09:51:06	19.39	-0.01	7	13573	中性盘
09:51:00	19.4	0.05	98	190120	买盘
09:50:57	19.35	-0.04	59	114165	卖盘
09:50:54	19.39	-0.01	7	13573	中性盘
09:50:51	19.4	--	3	5820	买盘
09:50:48	19.4	--	33	64019	买盘
09:50:45	19.4	-0.01	175	341304	卖盘
09:50:39	19.41	0.01	16	31056	买盘
09:50:33	19.4	--	10	19400	卖盘
09:50:30	19.4	--	10	19400	卖盘
09:50:27	19.4	--	25	48500	卖盘
09:50:24	19.4	0.08	779	1511395	买盘
09:50:21	19.32	--	10	19320	卖盘
09:50:15	19.32	-0.04	58	112056	卖盘
09:50:12	19.36	--	42	82202	买盘
09:49:57	19.36	0.01	20	38720	买盘
09:49:54	19.35	0.03	29	56115	买盘
09:49:36	19.32	--	3	5796	卖盘
09:49:33	19.32	-0.01	501	967932	卖盘
09:49:30	19.33	0.01	2	3865	中性盘
09:49:24	19.32	-0.02	40	77280	卖盘
09:49:21	19.34	--	6	11604	买盘
09:49:18	19.34	0.02	7	13538	买盘
09:49:15	19.32	-0.02	4	7728	中性盘
09:49:09	19.34	0.03	3	5802	买盘
09:49:06	19.31	--	189	364959	卖盘
09:48:57	19.31	--	5	9655	卖盘
09:48:54	19.31	--	20	38620	卖盘
09:48:51	19.31	--	1	1930	卖盘
09:48:45	19.31	--	20	38620	卖盘
09:48:39	19.31	-0.09	63	121652	卖盘
09:48:30	19.4	0.04	351	680940	买盘
09:48:27	19.36	-0.02	67	129712	卖盘
09:48:24	19.38	0.01	1	1938	买盘
09:48:21	19.37	-0.03	1	1937	卖盘
09:48:18	19.4	--	16	31039	买盘
09:48:15	19.4	0.01	46	90307	买盘
09:48:12	19.39	--	5	9695	卖盘
09:48:09	19.39	-0.01	117	226863	卖盘
09:48:06	19.4	-0.02	53	102819	卖盘
09:48:03	19.42	--	47	91274	买盘
09:48:00	19.42	0.02	84	163128	买盘
09:47:57	19.4	-0.01	157	304580	卖盘
09:47:54	19.41	-0.01	18	34938	卖盘
09:47:51	19.42	--	28	54376	买盘
09:47:48	19.42	-0.01	4	7768	中性盘
09:47:45	19.43	--	81	157383	卖盘
09:47:42	19.43	--	197	384694	卖盘
09:47:39	19.43	--	2	3886	卖盘
09:47:36	19.43	--	16	31088	卖盘
09:47:33	19.43	--	74	143782	买盘
09:47:27	19.43	--	50	97150	买盘
09:47:24	19.43	--	71	137953	买盘
09:47:21	19.43	0.01	10	19430	买盘
09:47:18	19.42	-0.01	10	19420	卖盘
09:47:12	19.43	--	1013	1968259	买盘
09:47:09	19.43	-0.01	70	136010	卖盘
09:47:06	19.44	0.01	75	145800	买盘
09:47:03	19.43	--	18	34974	卖盘
09:47:00	19.43	--	23	44689	卖盘
09:46:54	19.43	--	315	612045	买盘
09:46:48	19.43	0.02	26	50518	买盘
09:46:42	19.41	-0.02	5	9705	卖盘
09:46:39	19.43	0.02	102	198186	买盘
09:46:36	19.41	0.01	465	903457	买盘
09:46:33	19.4	--	6	11640	卖盘
09:46:30	19.4	--	1	1939	卖盘
09:46:27	19.4	0.01	197	382180	买盘
09:46:24	19.39	0.01	29	56231	卖盘
09:46:21	19.38	-0.02	90	174420	卖盘
09:46:18	19.4	--	5	9700	买盘
09:46:15	19.4	0.02	50	97000	买盘
09:46:12	19.38	--	19	36822	买盘
09:46:09	19.38	0.01	3	5814	买盘
09:46:06	19.37	-0.01	23	44551	卖盘
09:46:03	19.38	--	21	40698	买盘
09:45:57	19.38	0.01	19	36822	买盘
09:45:54	19.37	0.02	21	40677	买盘
09:45:42	19.35	--	5	9675	卖盘
09:45:39	19.35	--	7	13545	卖盘
09:45:36	19.35	0.01	69	133515	买盘
09:45:30	19.34	--	21	40614	买盘
09:45:27	19.34	--	7	13538	买盘
09:45:24	19.34	--	58	114086	买盘
09:45:21	19.34	--	75	145050	买盘
09:45:18	19.34	--	20	38680	买盘
09:45:15	19.34	--	3	5802	买盘
09:45:12	19.34	0.01	25	48350	买盘
09:45:09	19.33	--	2	3865	卖盘
09:45:06	19.33	--	9	17397	卖盘
09:45:03	19.33	-0.01	4	7731	卖盘
09:45:00	19.34	--	7	13538	买盘
09:44:57	19.34	0.01	13	25142	买盘
09:44:54	19.33	-0.01	3	5798	中性盘
09:44:51	19.34	0.01	8	15472	买盘
09:44:48	19.33	--	8	15463	买盘
09:44:45	19.33	0.02	6	11597	买盘
09:44:39	19.31	-0.03	8	15447	卖盘
09:44:36	19.34	0.03	7	13538	买盘
09:44:30	19.31	-0.03	58	111997	卖盘
09:44:27	19.34	-0.01	5	9670	卖盘
09:44:24	19.35	0.05	11	21285	买盘
09:44:18	19.3	-0.04	6	11580	卖盘
09:44:12	19.34	--	4	7736	买盘
09:44:09	19.34	--	60	116040	买盘
09:44:06	19.34	--	2	3868	买盘
09:44:03	19.34	0.09	3	5802	买盘
09:43:57	19.25	--	41	79194	买盘
09:43:54	19.25	--	200	385000	买盘
09:43:51	19.25	--	43	82775	买盘
09:43:48	19.25	-0.04	790	1522405	卖盘
09:43:45	19.29	--	17	32793	卖盘
09:43:33	19.29	0.03	26	50154	买盘
09:43:30	19.26	-0.03	5	9630	卖盘
09:43:27	19.29	0.03	12	23148	买盘
09:43:21	19.26	--	20	38520	卖盘
09:43:18	19.26	--	19	36594	卖盘
09:43:15	19.26	--	29	55854	卖盘
09:43:09	19.26	--	20	38520	卖盘
09:43:06	19.26	--	12	23112	卖盘
09:42:57	19.26	--	19	36594	卖盘
09:42:54	19.26	--	6	11556	卖盘
09:42:48	19.26	--	13	25038	卖盘
09:42:45	19.26	--	42	80892	买盘
09:42:42	19.26	--	5	9630	买盘
09:42:39	19.26	--	7	13482	买盘
09:42:36	19.26	--	22	42372	买盘
09:42:33	19.26	-0.02	226	435276	卖盘
09:42:30	19.28	--	11	21208	买盘
09:42:27	19.28	--	3	5784	卖盘
09:42:24	19.28	0.01	2	3856	中性盘
09:42:21	19.27	-0.01	36	69372	卖盘
09:42:18	19.28	0.01	7	13496	中性盘
09:42:09	19.27	0.02	2	3854	中性盘
09:42:06	19.25	-0.03	121	232925	卖盘
09:42:03	19.28	--	10	19280	卖盘
09:42:00	19.28	0.01	84	161952	买盘
09:41:57	19.27	--	6	11562	买盘
09:41:54	19.27	0.01	95	183065	买盘
09:41:51	19.26	-0.01	8	15408	卖盘
09:41:48	19.27	--	97	186919	买盘
09:41:45	19.27	--	16	30832	买盘
09:41:42	19.27	0.01	56	107912	买盘
09:41:39	19.26	-0.01	17	32742	卖盘
09:41:36	19.27	--	18	34686	买盘
09:41:33	19.27	-0.01	15	28905	卖盘
09:41:30	19.28	--	2	3856	买盘
09:41:24	19.28	0.01	52	100256	买盘
09:41:21	19.27	--	79	152233	卖盘
09:41:18	19.27	-0.01	3	5781	中性盘
09:41:12	19.28	0.02	1	1928	买盘
09:41:09	19.26	-0.02	1	1926	卖盘
09:41:03	19.28	--	15	28920	卖盘
09:41:00	19.28	-0.01	5	9640	中性盘
09:40:57	19.29	0.03	1	1929	买盘
09:40:54	19.26	-0.03	50	96569	卖盘
09:40:48	19.29	-0.01	50	96450	中性盘
09:40:42	19.3	0.01	19	36670	买盘
09:40:39	19.29	0.02	7	13503	中性盘
09:40:36	19.27	-0.02	100	192700	卖盘
09:40:33	19.29	-0.01	1	1929	卖盘
09:40:30	19.3	0.01	10	19300	买盘
09:40:24	19.29	--	2	3858	卖盘
09:40:18	19.29	-0.01	50	96450	卖盘
09:40:15	19.3	--	41	79130	买盘
09:40:12	19.3	--	9	17370	买盘
09:40:09	19.3	-0.02	132	254760	卖盘
09:40:06	19.32	-0.01	1	1932	中性盘
09:39:57	19.33	0.03	5	9665	买盘
09:39:54	19.3	-0.03	319	615670	卖盘
09:39:51	19.33	--	10	19330	买盘
09:39:48	19.33	-0.01	9	17397	卖盘
09:39:45	19.34	--	24	46416	卖盘
09:39:42	19.34	--	6	11604	卖盘
09:39:39	19.34	-0.01	10	19340	卖盘
09:39:36	19.35	--	2	3870	买盘
09:39:33	19.35	--	3	5805	买盘
09:39:30	19.35	--	4	7740	买盘
09:39:27	19.35	--	6	11610	买盘
09:39:24	19.35	0.01	10	19350	买盘
09:39:21	19.34	0.02	37	71558	卖盘
09:39:12	19.32	-0.03	163	314916	卖盘
09:39:03	19.35	--	103	199305	卖盘
09:38:57	19.35	0.01	6	11610	中性盘
09:38:51	19.34	-0.04	5	9670	卖盘
09:38:48	19.38	0.03	38	73644	买盘
09:38:45	19.35	--	3	5805	买盘
09:38:42	19.35	--	18	34830	买盘
09:38:39	19.35	-0.04	78	150930	卖盘
09:38:36	19.39	--	22	42658	卖盘
09:38:33	19.39	--	19	36841	卖盘
09:38:30	19.39	0.04	68	131852	买盘
09:38:27	19.35	-0.03	141	272835	卖盘
09:38:21	19.38	--	4	7752	买盘
09:38:18	19.38	--	2	3876	买盘
09:38:15	19.38	-0.02	14	27132	卖盘
09:38:12	19.4	0.01	32	62079	买盘
09:38:09	19.39	0.04	22	42658	买盘
09:38:06	19.35	-0.04	121	234135	卖盘
09:38:03	19.39	--	27	52353	买盘
09:38:00	19.39	--	1	1939	买盘
09:37:57	19.39	--	24	46536	买盘
09:37:54	19.39	-0.01	11	21329	中性盘
09:37:48	19.4	--	58	112519	买盘
09:37:45	19.4	0.01	52	100879	买盘
09:37:42	19.39	0.04	27	52353	中性盘
09:37:39	19.35	-0.05	100	193500	卖盘
09:37:36	19.4	--	10	19400	买盘
09:37:33	19.4	--	124	240559	买盘
09:37:27	19.4	0.01	182	353080	卖盘
09:37:21	19.39	-0.02	36	69804	中性盘
09:37:15	19.41	--	20	38820	买盘
09:37:12	19.41	--	16	31056	买盘
09:37:09	19.41	--	214	416422	卖盘
09:37:06	19.41	-0.01	32	62112	卖盘
09:37:00	19.42	0.01	51	99042	买盘
09:36:57	19.41	--	12	23292	卖盘
09:36:54	19.41	0.08	227	441499	买盘
09:36:48	19.33	-0.02	134	259021	卖盘
09:36:45	19.35	-0.05	30	58050	卖盘
09:36:42	19.4	--	30	58199	买盘
09:36:36	19.4	--	30	58199	买盘
09:36:33	19.4	--	9	17460	买盘
09:36:30	19.4	-0.02	22	42680	中性盘
09:36:27	19.42	0.02	102	198084	买盘
09:36:24	19.4	-0.03	187	362780	卖盘
09:36:21	19.43	0.02	34	66062	买盘
09:36:18	19.41	-0.01	41	79581	卖盘
09:36:15	19.42	--	12	23304	卖盘
09:36:12	19.42	-0.02	44	85448	卖盘
09:36:09	19.44	0.02	8	15552	买盘
09:36:06	19.42	-0.01	101	196142	卖盘
09:36:03	19.43	--	7	13601	买盘
09:36:00	19.43	--	5	9715	买盘
09:35:57	19.43	-0.02	41	79663	卖盘
09:35:54	19.45	0.02	6	11670	买盘
09:35:51	19.43	--	58	112694	卖盘
09:35:48	19.43	-0.02	30	58290	卖盘
09:35:45	19.45	0.02	55	106975	买盘
09:35:42	19.43	-0.01	44	85492	卖盘
09:35:39	19.44	-0.01	45	87480	卖盘
09:35:36	19.45	0.01	72	140040	买盘
09:35:33	19.44	0.01	15	29160	买盘
09:35:30	19.43	-0.02	14	27202	卖盘
09:35:27	19.45	0.01	19	36955	买盘
09:35:24	19.44	0.03	6	11664	买盘
09:35:21	19.41	-0.02	252	489132	卖盘
09:35:18	19.43	--	5	9715	买盘
09:35:15	19.43	-0.01	45	87435	中性盘
09:35:12	19.44	0.01	123	239112	买盘
09:35:09	19.43	0.01	97	188471	买盘
09:35:06	19.42	-0.02	40	77680	中性盘
09:35:00	19.44	--	9	17496	买盘
09:34:57	19.44	0.05	38	73872	买盘
09:34:54	19.39	-0.01	12	23268	卖盘
09:34:51	19.4	0.01	5	9700	买盘
09:34:48	19.39	--	5	9695	买盘
09:34:45	19.39	0.06	1	1939	买盘
09:34:39	19.33	-0.01	136	262888	卖盘
09:34:36	19.34	0.01	2	3868	中性盘
09:34:33	19.33	-0.01	70	135310	卖盘
09:34:30	19.34	--	1	1934	买盘
09:34:27	19.34	0.01	2	3868	买盘
09:34:24	19.33	-0.01	1	1932	卖盘
09:34:21	19.34	--	11	21274	买盘
09:34:15	19.34	0.01	1	1934	买盘
09:34:12	19.33	0.02	20	38660	中性盘
09:34:06	19.31	-0.01	60	115859	卖盘
09:34:00	19.32	--	1	1932	卖盘
09:33:57	19.32	0.01	3	5796	买盘
09:33:54	19.31	-0.01	9	17379	卖盘
09:33:51	19.32	--	11	21252	买盘
09:33:48	19.32	--	54	104328	买盘
09:33:45	19.32	--	1	1932	买盘
09:33:42	19.32	--	13	25116	买盘
09:33:39	19.32	0.01	1	1932	买盘
09:33:36	19.31	-0.01	17	32827	卖盘
09:33:33	19.32	0.02	1	1932	买盘
09:33:27	19.3	-0.01	1	1930	卖盘
09:33:24	19.31	--	5	9655	买盘
09:33:21	19.31	--	2	3861	买盘
09:33:15	19.31	--	41	79171	卖盘
09:33:12	19.31	-0.01	13	25103	卖盘
09:33:09	19.32	0.01	1	1932	买盘
09:33:06	19.31	-0.01	30	57929	卖盘
09:33:03	19.32	0.01	15	28980	买盘
09:33:00	19.31	0.01	186	359166	买盘
09:32:57	19.3	--	12	23160	买盘
09:32:54	19.3	--	21	40530	买盘
09:32:51	19.3	--	2	3860	买盘
09:32:45	19.3	0.03	2	3860	买盘
09:32:39	19.27	-0.02	52	100204	卖盘
09:32:36	19.29	0.01	7	13503	买盘
09:32:33	19.28	--	4	7712	卖盘
09:32:30	19.28	-0.01	1	1928	卖盘
09:32:27	19.29	0.01	1	1929	买盘
09:32:24	19.28	--	5	9640	卖盘
09:32:21	19.28	--	14	26992	卖盘
09:32:15	19.28	0.03	6	11568	买盘
09:32:12	19.25	--	4	7700	买盘
09:32:09	19.25	--	97	186725	卖盘
09:32:06	19.25	-0.03	127	244475	卖盘
09:32:03	19.28	0.03	1	1928	买盘
09:32:00	19.25	--	4	7700	卖盘
09:31:54	19.25	--	10	19250	卖盘
09:31:51	19.25	--	20	38500	买盘
09:31:48	19.25	--	20	38500	买盘
09:31:45	19.25	--	6	11550	买盘
09:31:42	19.25	--	4	7700	买盘
09:31:39	19.25	0.01	19	36575	买盘
09:31:36	19.24	-0.01	19	36556	卖盘
09:31:33	19.25	--	17	32725	买盘
09:31:30	19.25	--	2	3850	买盘
09:31:27	19.25	--	17	32725	买盘
09:31:24	19.25	-0.03	52	100100	卖盘
09:31:21	19.28	--	2	3856	买盘
09:31:18	19.28	--	25	48200	买盘
09:31:15	19.28	0.03	1	1928	买盘
09:31:12	19.25	--	18	34650	卖盘
09:31:09	19.25	-0.03	9	17325	卖盘
09:31:03	19.28	0.03	14	26992	中性盘
09:30:57	19.25	-0.03	8	15400	卖盘
09:30:51	19.28	--	1	1928	买盘
09:30:45	19.28	0.04	1	1928	买盘
09:30:42	19.24	--	5	9620	卖盘
09:30:36	19.24	-0.04	4	7695	卖盘
09:30:33	19.28	0.03	55	106040	买盘
09:30:30	19.25	-0.03	31	59675	卖盘
09:30:27	19.28	-0.01	6	11568	卖盘
09:30:21	19.29	--	1	1929	买盘
09:30:12	19.29	-0.02	11	21219	卖盘
09:30:09	19.31	0.01	14	27034	买盘
09:30:06	19.3	-0.03	71	137030	卖盘
09:30:03	19.33	0.01	5	9665	买盘
09:25:03	19.32	19.32	141	272412	买盘
