成交时间	成交价	价格变动	成交量(手)	成交额(元)	性质
15:00:03	105.8	-1.04	444	4697520	买盘
14:57:03	106.84	1.34	100	1068400	买盘
14:57:00	105.5	0.08	107	1128850	卖盘
14:56:57	105.42	-0.58	3	31626	卖盘
14:56:54	106.0	0.4	100	1060000	买盘
14:56:51	105.6	0.18	103	1087680	买盘
14:56:48	105.42	-0.08	4	42168	买盘
14:56:45	105.5	0.02	13	137150	买盘
14:56:42	105.48	0.05	1	10548	卖盘
14:56:39	105.43	--	6	63258	卖盘
14:56:36	105.43	0.01	9	94887	中性盘
14:56:27	105.42	--	2	21084	卖盘
14:56:24	105.42	--	50	527100	买盘
14:56:21	105.42	--	13	137046	买盘
14:56:12	105.42	-0.07	3	31626	卖盘
14:56:09	105.49	0.02	6	63294	买盘
14:56:06	105.47	--	11	116017	买盘
14:56:03	105.47	0.07	5	52735	买盘
14:56:00	105.4	-0.02	20	210800	卖盘
14:55:54	105.42	-0.08	2	21084	卖盘
14:55:51	105.5	0.02	7	73850	买盘
14:55:48	105.48	--	4	42192	买盘
14:55:42	105.48	0.08	1	10548	买盘
14:55:36	105.4	-0.09	15	158100	卖盘
14:55:33	105.49	0.08	4	42196	中性盘
14:55:30	105.41	--	7	73787	卖盘
14:55:27	105.41	0.01	1	10541	中性盘
14:55:18	105.4	--	2	21080	卖盘
14:55:12	105.4	--	2	21080	卖盘
14:55:09	105.4	-0.1	5	52700	中性盘
14:55:06	105.5	--	1	10550	买盘
14:55:03	105.5	0.1	13	137150	买盘
14:55:00	105.4	0.02	7	73780	买盘
14:54:57	105.38	-0.02	15	159123	卖盘
14:54:54	105.4	-0.05	24	252960	卖盘
14:54:51	105.45	0.05	1	10545	买盘
14:54:48	105.4	--	7	83266	买盘
14:54:45	105.4	--	13	137020	买盘
14:54:39	105.4	--	3	31620	买盘
14:54:36	105.4	0.02	10	105400	买盘
14:54:33	105.38	--	4	42152	买盘
14:54:27	105.38	-0.12	5	52690	卖盘
14:54:24	105.5	0.12	88	928400	买盘
14:54:18	105.38	--	4	42152	买盘
14:54:15	105.38	-0.07	10	105380	卖盘
14:54:12	105.45	0.05	16	168720	买盘
14:54:09	105.4	--	2	21080	中性盘
14:54:06	105.4	-0.05	4	42160	中性盘
14:54:03	105.45	0.06	30	316350	买盘
14:54:00	105.39	-0.01	2	21078	中性盘
14:53:57	105.4	--	6	63240	买盘
14:53:51	105.4	0.01	3	31620	买盘
14:53:48	105.39	-0.06	2	21078	卖盘
14:53:42	105.45	0.03	2	21090	买盘
14:53:39	105.42	-0.02	13	137046	买盘
14:53:36	105.44	0.06	2	21088	中性盘
14:53:33	105.38	-0.02	52	547976	卖盘
14:53:24	105.4	--	9	94860	卖盘
14:53:21	105.4	0.02	18	189720	买盘
14:53:18	105.38	--	1	10538	卖盘
14:53:15	105.38	--	7	73766	卖盘
14:53:09	105.38	--	2	21076	卖盘
14:53:03	105.38	0.07	3	31614	买盘
14:52:57	105.31	-0.07	12	126372	中性盘
14:52:51	105.38	--	11	115918	买盘
14:52:48	105.38	0.05	7	73766	买盘
14:52:45	105.33	-0.05	1	10533	中性盘
14:52:30	105.38	-0.02	11	115918	卖盘
14:52:27	105.4	--	2	21080	买盘
14:52:24	105.4	0.02	47	495380	买盘
14:52:18	105.38	-0.02	1	10538	卖盘
14:52:15	105.4	--	7	73780	买盘
14:52:12	105.4	0.01	1	10540	中性盘
14:52:03	105.39	-0.11	25	263475	卖盘
14:52:00	105.5	0.1	21	221550	买盘
14:51:48	105.4	-0.05	6	63240	中性盘
14:51:45	105.45	0.15	14	147630	买盘
14:51:42	105.3	--	1	10530	买盘
14:51:39	105.3	-0.1	48	505440	卖盘
14:51:36	105.4	--	3	31620	买盘
14:51:33	105.4	0.03	9	94860	买盘
14:51:30	105.37	0.01	8	84296	买盘
14:51:27	105.36	-0.03	16	168576	卖盘
14:51:24	105.39	0.02	6	63234	买盘
14:51:21	105.37	--	21	221277	买盘
14:51:18	105.37	0.01	5	52685	买盘
14:51:15	105.36	-0.01	1	10536	卖盘
14:51:12	105.37	0.01	3	31611	买盘
14:51:06	105.36	--	12	126432	卖盘
14:51:00	105.36	0.05	18	189648	买盘
14:50:54	105.31	--	4	42124	卖盘
14:50:51	105.31	--	1	10531	卖盘
14:50:42	105.31	-0.03	5	52655	卖盘
14:50:39	105.34	0.03	1	10534	中性盘
14:50:33	105.31	--	5	52655	卖盘
14:50:30	105.31	-0.07	5	52655	卖盘
14:50:27	105.38	0.07	3	31614	买盘
14:50:24	105.31	--	1	10531	卖盘
14:50:21	105.31	--	1	10531	卖盘
14:50:12	105.31	-0.07	2	21062	卖盘
14:50:09	105.38	0.07	2	21076	买盘
14:50:06	105.31	-0.07	40	421240	卖盘
14:50:03	105.38	--	3	31614	买盘
14:49:54	105.38	-0.11	1	10538	中性盘
14:49:48	105.49	0.11	12	126588	买盘
14:49:42	105.38	0.08	20	210760	中性盘
14:49:27	105.3	-0.09	23	242190	卖盘
14:49:21	105.39	-0.06	1	10539	卖盘
14:49:18	105.45	0.15	33	347985	买盘
14:49:15	105.3	-0.08	2	21060	中性盘
14:49:03	105.38	0.11	35	368830	买盘
14:48:48	105.27	-0.03	4	42108	中性盘
14:48:36	105.3	0.02	3	31590	买盘
14:48:33	105.28	-0.02	2	21056	卖盘
14:48:27	105.3	0.15	11	115830	买盘
14:48:21	105.15	-0.13	5	52575	卖盘
14:48:18	105.28	0.13	1	10528	买盘
14:48:15	105.15	-0.05	8	84120	卖盘
14:48:12	105.2	--	3	31560	卖盘
14:48:09	105.2	--	4	42080	卖盘
14:48:06	105.2	0.05	37	389240	买盘
14:48:03	105.15	--	1	10515	买盘
14:47:54	105.15	--	2	21030	买盘
14:47:51	105.15	-0.05	7	73605	卖盘
14:47:42	105.2	--	3	31560	中性盘
14:47:30	105.2	--	3	31560	卖盘
14:47:18	105.2	--	2	21040	中性盘
14:47:15	105.2	--	5	52600	卖盘
14:47:12	105.2	--	1	10520	卖盘
14:47:09	105.2	--	1	10520	卖盘
14:47:03	105.2	--	6	63120	卖盘
14:46:54	105.2	-0.09	12	126240	卖盘
14:46:51	105.29	--	1	10529	卖盘
14:46:48	105.29	-0.09	5	52645	卖盘
14:46:45	105.38	--	6	63228	卖盘
14:46:39	105.38	--	2	21076	卖盘
14:46:36	105.38	0.08	44	463672	买盘
14:46:30	105.3	--	1	10530	卖盘
14:46:27	105.3	--	7	73710	卖盘
14:46:24	105.3	-0.08	1	10530	卖盘
14:46:21	105.38	--	3	31614	买盘
14:46:18	105.38	0.06	8	84304	买盘
14:46:12	105.32	--	2	21064	卖盘
14:46:06	105.32	-0.06	1	10532	卖盘
14:45:54	105.38	-0.01	2	21076	卖盘
14:45:51	105.39	-0.06	1	10539	中性盘
14:45:45	105.45	--	1	10545	买盘
14:45:42	105.45	--	2	21090	买盘
14:45:30	105.45	0.16	8	84360	买盘
14:45:24	105.29	-0.1	30	315870	卖盘
14:45:18	105.39	0.09	4	42156	买盘
14:45:09	105.3	0.01	3	31590	买盘
14:45:06	105.29	--	1	10529	卖盘
14:45:03	105.29	-0.01	1	10529	中性盘
14:44:48	105.3	0.01	6	63180	买盘
14:44:45	105.29	--	1	10529	买盘
14:44:39	105.29	-0.01	8	84232	卖盘
14:44:33	105.3	0.01	8	84240	买盘
14:44:27	105.29	--	1	10529	买盘
14:44:24	105.29	0.04	1	10529	买盘
14:44:21	105.25	--	3	31575	卖盘
14:44:18	105.25	0.05	2	21050	卖盘
14:44:12	105.2	--	4	42080	卖盘
14:44:09	105.2	-0.05	30	315600	卖盘
14:44:06	105.25	0.05	1	10525	买盘
14:43:54	105.2	--	1	10520	卖盘
14:43:51	105.2	--	9	94680	买盘
14:43:33	105.2	0.11	12	126240	买盘
14:43:30	105.09	--	2	21018	卖盘
14:43:27	105.09	0.01	2	21018	中性盘
14:43:12	105.08	--	1	10508	卖盘
14:43:09	105.08	-0.12	2	21016	卖盘
14:43:06	105.2	--	6	63120	卖盘
14:43:03	105.2	0.17	58	610160	买盘
14:43:00	105.03	-0.04	3	31509	卖盘
14:42:54	105.07	0.04	2	21014	买盘
14:42:48	105.03	--	2	21006	卖盘
14:42:36	105.03	0.03	5	52515	买盘
14:42:30	105.0	-0.01	9	94500	卖盘
14:42:24	105.01	--	1	10501	买盘
14:42:21	105.01	0.01	1	10501	买盘
14:42:18	105.0	-0.03	7	73500	卖盘
14:42:12	105.03	0.02	7	73521	买盘
14:42:09	105.01	--	7	73507	买盘
14:42:03	105.01	--	1	10501	买盘
14:42:00	105.01	--	1	10501	买盘
14:41:54	105.01	--	4	42004	卖盘
14:41:51	105.01	--	5	52505	卖盘
14:41:39	105.01	-0.02	4	42004	卖盘
14:41:36	105.03	0.02	2	21006	中性盘
14:41:27	105.01	0.01	3	31503	中性盘
14:41:24	105.0	-0.08	4	42000	卖盘
14:41:21	105.08	0.08	1	10508	买盘
14:41:18	105.0	--	2	21000	卖盘
14:41:12	105.0	-0.08	3	31500	卖盘
14:41:09	105.08	0.08	2	21016	买盘
14:41:06	105.0	0.01	4	42000	买盘
14:41:03	104.99	--	1	10499	卖盘
14:41:00	104.99	-0.01	16	167984	卖盘
14:40:57	105.0	--	4	42000	买盘
14:40:54	105.0	0.01	5	52500	买盘
14:40:48	104.99	--	3	31497	卖盘
14:40:42	104.99	0.21	3	31497	买盘
14:40:30	104.78	-0.08	2	20956	卖盘
14:40:27	104.86	--	1	10486	买盘
14:40:18	104.86	0.11	1	10486	买盘
14:40:15	104.75	-0.11	2	20950	卖盘
14:40:09	104.86	0.11	1	10486	买盘
14:40:06	104.75	-0.12	5	52375	卖盘
14:40:03	104.87	-0.13	1	10487	中性盘
14:39:54	105.0	0.29	23	241500	买盘
14:39:48	104.71	--	34	356014	卖盘
14:39:39	104.71	--	2	20942	卖盘
14:39:36	104.71	0.01	2	20942	中性盘
14:39:30	104.7	-0.01	6	62820	卖盘
14:39:27	104.71	-0.17	10	104710	卖盘
14:39:24	104.88	0.02	3	31464	买盘
14:39:21	104.86	0.15	11	115346	买盘
14:39:18	104.71	--	9	94239	卖盘
14:39:15	104.71	--	3	31412	中性盘
14:39:12	104.71	--	2	20942	卖盘
14:39:09	104.71	--	4	41884	卖盘
14:39:06	104.71	--	34	356014	卖盘
14:39:03	104.71	--	13	136123	卖盘
14:39:00	104.71	--	10	104710	卖盘
14:38:57	104.71	--	5	52355	卖盘
14:38:54	104.71	--	8	83768	卖盘
14:38:51	104.71	-0.09	2	20942	卖盘
14:38:48	104.8	0.09	1	10480	买盘
14:38:45	104.71	--	1	10471	买盘
14:38:42	104.71	-0.01	64	670144	卖盘
14:38:39	104.72	-0.16	14	146608	卖盘
14:38:36	104.88	--	5	52440	卖盘
14:38:33	104.88	--	2	20976	卖盘
14:38:30	104.88	-0.02	1	10488	卖盘
14:38:27	104.9	0.19	3	31470	买盘
14:38:21	104.71	-0.19	12	125651	卖盘
14:38:18	104.9	-0.02	2	20980	卖盘
14:38:12	104.92	-0.03	9	94428	买盘
14:38:09	104.95	0.03	1	10495	买盘
14:38:06	104.92	-0.02	11	115412	卖盘
14:38:00	104.94	-0.01	2	20988	卖盘
14:37:57	104.95	-0.07	3	31485	卖盘
14:37:45	105.02	-0.09	5	52510	卖盘
14:37:42	105.11	0.01	7	73577	买盘
14:37:39	105.1	--	3	31530	卖盘
14:37:36	105.1	--	7	73570	卖盘
14:37:33	105.1	-0.1	14	147140	卖盘
14:37:27	105.2	--	4	42080	中性盘
14:37:21	105.2	--	2	21040	卖盘
14:37:18	105.2	--	36	378720	卖盘
14:37:15	105.2	-0.08	10	105200	卖盘
14:37:09	105.28	--	4	42112	卖盘
14:37:06	105.28	-0.02	7	73696	卖盘
14:37:03	105.3	--	4	42120	卖盘
14:37:00	105.3	-0.09	3	31590	卖盘
14:36:57	105.39	0.09	4	42156	买盘
14:36:54	105.3	-0.09	3	31590	卖盘
14:36:51	105.39	-0.01	4	42156	卖盘
14:36:39	105.4	-0.02	1	10540	卖盘
14:36:36	105.42	--	10	105420	卖盘
14:36:30	105.42	-0.16	1	10542	卖盘
14:36:18	105.58	--	3	31674	卖盘
14:36:15	105.58	0.03	4	42232	买盘
14:36:03	105.55	0.13	4	42220	买盘
14:36:00	105.42	-0.17	23	242466	卖盘
14:35:42	105.59	--	1	10559	买盘
14:35:36	105.59	--	10	105590	买盘
14:35:33	105.59	--	3	31677	买盘
14:35:30	105.59	--	28	295652	卖盘
14:35:24	105.59	--	28	295652	买盘
14:35:21	105.59	-0.01	3	31677	中性盘
14:35:06	105.6	0.01	8	84480	买盘
14:35:03	105.59	0.16	10	105590	买盘
14:34:57	105.43	-0.16	3	31629	卖盘
14:34:54	105.59	0.17	1	10559	买盘
14:34:48	105.42	--	1	10542	卖盘
14:34:42	105.42	-0.17	2	21084	卖盘
14:34:39	105.59	0.19	1	10559	买盘
14:34:36	105.4	--	1	10540	卖盘
14:34:30	105.4	-0.02	1	10540	中性盘
14:34:21	105.42	0.03	1	10542	买盘
14:34:15	105.39	--	1	10539	卖盘
14:34:09	105.39	0.03	6	63234	买盘
14:34:00	105.36	--	2	21072	卖盘
14:33:57	105.36	0.03	12	126432	买盘
14:33:54	105.33	0.02	1	10533	中性盘
14:33:36	105.31	-0.05	14	147434	卖盘
14:33:30	105.36	-0.03	1	10536	买盘
14:33:24	105.39	0.08	4	42156	买盘
14:33:21	105.31	-0.05	14	147434	卖盘
14:33:15	105.36	--	1	10536	买盘
14:33:12	105.36	0.05	1	10536	买盘
14:33:09	105.31	0.01	2	21062	卖盘
14:33:06	105.3	-0.07	7	73710	卖盘
14:33:03	105.37	0.01	2	21074	买盘
14:33:00	105.36	-0.01	1	10536	卖盘
14:32:54	105.37	-0.02	1	10537	卖盘
14:32:45	105.39	--	1	10539	买盘
14:32:39	105.39	--	1	10539	卖盘
14:32:36	105.39	--	2	21078	卖盘
14:32:33	105.39	-0.03	6	63234	卖盘
14:32:24	105.42	-0.18	6	63252	卖盘
14:32:18	105.6	--	1	10560	买盘
14:32:15	105.6	0.2	1	10560	买盘
14:31:45	105.4	0.02	1	10540	买盘
14:31:36	105.38	--	2	21076	卖盘
14:31:30	105.38	0.02	38	400444	买盘
14:31:15	105.36	0.08	4	42144	买盘
14:31:09	105.28	--	1	10528	卖盘
14:31:06	105.28	0.08	2	21056	买盘
14:30:54	105.2	--	9	94680	买盘
14:30:51	105.2	--	1	10520	买盘
14:30:48	105.2	0.17	1	10520	买盘
14:30:45	105.03	0.01	1	10503	中性盘
14:30:36	105.02	--	2	21004	卖盘
14:30:33	105.02	0.02	6	63012	买盘
14:30:30	105.0	--	7	73500	卖盘
14:30:18	105.0	0.05	36	378000	买盘
14:30:15	104.95	--	3	31485	卖盘
14:30:09	104.95	--	2	20990	卖盘
14:30:06	104.95	0.04	9	94455	买盘
14:30:00	104.91	-0.04	2	20982	卖盘
14:29:54	104.95	0.04	8	83960	买盘
14:29:51	104.91	-0.02	1	10491	卖盘
14:29:48	104.93	-0.07	1	10493	中性盘
14:29:45	105.0	0.09	6	63000	买盘
14:29:42	104.91	-0.09	2	20982	卖盘
14:29:39	105.0	--	4	42000	买盘
14:29:36	105.0	--	110	1155000	买盘
14:29:33	105.0	--	1	10500	买盘
14:29:24	105.0	--	6	63000	买盘
14:29:21	105.0	-0.02	86	903000	卖盘
14:29:18	105.02	-0.18	14	147028	卖盘
14:29:15	105.2	0.2	1	10520	中性盘
14:29:09	105.0	--	18	189000	卖盘
14:29:03	105.0	--	2	21000	卖盘
14:28:57	105.0	--	5	52500	卖盘
14:28:54	105.0	--	6	63000	卖盘
14:28:51	105.0	--	26	273000	买盘
14:28:48	105.0	0.1	80	840000	买盘
14:28:45	104.9	--	1	10490	卖盘
14:28:42	104.9	-0.1	4	41960	卖盘
14:28:39	105.0	--	300	3150000	买盘
14:28:36	105.0	--	2	21000	买盘
14:28:33	105.0	--	2	21000	买盘
14:28:30	105.0	--	4	42000	买盘
14:28:27	105.0	-0.01	138	1449000	卖盘
14:28:24	105.01	--	280	2940280	卖盘
14:28:18	105.01	-0.03	6	63006	卖盘
14:28:15	105.04	0.03	2	21008	中性盘
14:28:12	105.01	-0.35	200	2100200	卖盘
14:28:06	105.36	0.33	1	10536	买盘
14:28:00	105.03	-0.34	207	2174121	卖盘
14:27:57	105.37	--	4	42148	卖盘
14:27:54	105.37	-0.01	52	547924	卖盘
14:27:48	105.38	-0.02	51	537438	卖盘
14:27:42	105.4	-0.09	11	115940	卖盘
14:27:39	105.49	--	10	105490	买盘
14:27:36	105.49	--	2	21098	买盘
14:27:33	105.49	--	10	105490	买盘
14:27:24	105.49	-0.01	6	63294	卖盘
14:27:21	105.5	--	6	63300	买盘
14:27:18	105.5	--	10	105500	买盘
14:27:12	105.5	-0.22	34	358700	卖盘
14:27:00	105.72	0.09	6	63432	买盘
14:26:54	105.63	--	7	73941	卖盘
14:26:39	105.63	--	3	31689	卖盘
14:26:36	105.63	0.03	1	10563	买盘
14:26:33	105.6	0.01	2	21120	中性盘
14:26:18	105.59	0.02	1	10559	中性盘
14:26:09	105.57	-0.01	18	190026	卖盘
14:26:06	105.58	--	1	10558	卖盘
14:26:03	105.58	--	10	105580	卖盘
14:26:00	105.58	--	5	52790	卖盘
14:25:57	105.58	--	2	21116	卖盘
14:25:54	105.58	--	1	10558	卖盘
14:25:39	105.58	-0.22	15	158370	中性盘
14:25:24	105.8	--	3	31740	卖盘
14:25:15	105.8	-0.01	1	10580	卖盘
14:25:06	105.81	-0.01	15	158715	卖盘
14:25:03	105.82	--	2	21164	卖盘
14:25:00	105.82	--	3	31745	卖盘
14:24:51	105.82	-0.03	11	116401	卖盘
14:24:42	105.85	--	2	21170	卖盘
14:24:36	105.85	--	6	63510	卖盘
14:24:33	105.85	-0.03	4	42340	卖盘
14:24:21	105.88	--	11	116468	卖盘
14:24:15	105.88	--	1	10588	卖盘
14:24:12	105.88	-0.01	7	74116	卖盘
14:24:06	105.89	0.01	3	31767	买盘
14:24:03	105.88	--	1	10588	卖盘
14:23:51	105.88	--	2	21176	卖盘
14:23:45	105.88	-0.02	3	31764	卖盘
14:23:42	105.9	--	24	254160	买盘
14:23:39	105.9	0.02	15	158850	买盘
14:23:36	105.88	-0.02	3	31764	卖盘
14:23:27	105.9	-0.09	4	42360	卖盘
14:23:18	105.99	--	10	105990	中性盘
14:23:12	105.99	--	6	63594	卖盘
14:23:03	105.99	-0.01	2	21198	中性盘
14:22:45	106.0	0.01	10	106000	买盘
14:22:42	105.99	--	3	31797	买盘
14:22:36	105.99	0.03	5	52995	买盘
14:22:33	105.96	--	4	42384	买盘
14:22:30	105.96	--	10	105960	卖盘
14:22:24	105.96	-0.03	35	370860	卖盘
14:22:21	105.99	0.03	2	21198	买盘
14:22:15	105.96	0.08	4	42384	卖盘
14:22:06	105.88	--	1	10588	卖盘
14:22:00	105.88	0.03	4	42352	买盘
14:21:57	105.85	--	1	10585	卖盘
14:21:45	105.85	-0.03	2	21170	卖盘
14:21:42	105.88	-0.12	1	10588	卖盘
14:21:30	106.0	-0.2	13	137800	卖盘
14:21:15	106.2	-0.1	2	21240	卖盘
14:20:57	106.3	-0.16	2	21260	卖盘
14:20:51	106.46	--	1	10646	买盘
14:20:48	106.46	--	7	74522	买盘
14:20:39	106.46	--	4	42584	卖盘
14:20:33	106.46	-0.03	7	74522	卖盘
14:20:30	106.49	0.03	17	181033	买盘
14:20:27	106.46	--	1	10646	卖盘
14:20:21	106.46	-0.04	10	106460	卖盘
14:20:15	106.5	0.05	12	127800	买盘
14:20:06	106.45	--	5	53225	买盘
14:20:03	106.45	--	6	63870	卖盘
14:19:57	106.45	-0.04	8	85160	卖盘
14:19:54	106.49	0.04	2	21298	中性盘
14:19:45	106.45	-0.01	4	42580	卖盘
14:19:42	106.46	--	1	10646	中性盘
14:19:39	106.46	--	1	10646	买盘
14:19:36	106.46	0.1	1	10646	买盘
14:19:30	106.36	-0.13	5	53180	卖盘
14:19:27	106.49	--	3	31947	买盘
14:19:24	106.49	0.03	8	85192	买盘
14:19:21	106.46	--	1	10646	买盘
14:19:15	106.46	-0.03	3	31937	中性盘
14:19:12	106.49	0.03	1	10649	中性盘
14:19:06	106.46	0.17	3	31937	买盘
14:18:57	106.29	0.09	4	42516	买盘
14:18:54	106.2	--	4	42480	买盘
14:18:51	106.2	0.01	3	31860	买盘
14:18:48	106.19	-0.01	2	21238	中性盘
14:18:39	106.2	0.09	1	10620	买盘
14:18:33	106.11	-0.08	1	10611	中性盘
14:18:27	106.19	0.19	5	53095	买盘
14:18:21	106.0	--	1	10600	卖盘
14:18:12	106.0	0.02	2	21200	买盘
14:18:00	105.98	--	6	63588	卖盘
14:17:57	105.98	-0.02	1	10598	中性盘
14:17:51	106.0	0.02	5	53000	买盘
14:17:48	105.98	--	1	10598	买盘
14:17:42	105.98	0.05	1	10598	买盘
14:17:39	105.93	-0.05	4	42372	卖盘
14:17:36	105.98	--	1	10598	买盘
14:17:30	105.98	0.03	1	10598	卖盘
14:17:21	105.95	--	9	95355	买盘
14:17:18	105.95	-0.05	11	116545	中性盘
14:17:03	106.0	0.12	77	816200	买盘
14:16:57	105.88	-0.08	11	116468	卖盘
14:16:48	105.96	0.01	1	10596	买盘
14:16:45	105.95	-0.01	9	95355	买盘
14:16:21	105.96	--	3	31787	卖盘
14:16:15	105.96	--	2	21192	卖盘
14:16:09	105.96	--	2	21192	中性盘
14:16:03	105.96	--	2	21192	卖盘
14:16:00	105.96	--	1	10596	买盘
14:15:48	105.96	-0.02	4	42384	中性盘
14:15:24	105.98	-0.01	7	74186	中性盘
14:15:09	105.99	0.17	2	21198	中性盘
14:14:57	105.82	0.01	7	74074	中性盘
14:14:51	105.81	--	3	31743	买盘
14:14:45	105.81	--	7	74067	卖盘
14:14:39	105.81	-0.01	14	148134	中性盘
14:14:30	105.82	0.03	23	243385	买盘
14:14:21	105.79	-0.02	2	21158	卖盘
14:14:18	105.81	0.02	8	84648	买盘
14:14:15	105.79	-0.01	1	10579	卖盘
14:14:12	105.8	--	6	63480	买盘
14:14:03	105.8	0.11	12	126960	买盘
14:13:48	105.69	-0.01	1	10569	中性盘
14:13:42	105.7	-0.09	7	73990	中性盘
14:13:39	105.79	0.1	3	31737	买盘
14:13:24	105.69	0.19	1	10569	买盘
14:13:18	105.5	-0.12	9	94950	卖盘
14:13:12	105.62	--	24	253488	买盘
14:13:03	105.62	--	11	116182	买盘
14:13:00	105.62	-0.02	30	316860	卖盘
14:12:51	105.64	--	1	10564	中性盘
14:12:36	105.64	0.04	7	73948	买盘
14:12:33	105.6	--	1	10560	买盘
14:12:30	105.6	-0.02	5	52800	卖盘
14:12:27	105.62	--	4	42248	卖盘
14:12:15	105.62	-0.02	2	21124	中性盘
14:12:12	105.64	0.02	34	359176	买盘
14:12:09	105.62	0.02	5	52810	买盘
14:12:03	105.6	-0.02	1	10560	卖盘
14:11:54	105.62	--	2	21124	买盘
14:11:48	105.62	--	7	73934	卖盘
14:11:45	105.62	--	1	10562	卖盘
14:11:42	105.62	--	6	63372	卖盘
14:11:39	105.62	--	1	10562	卖盘
14:11:33	105.62	--	1	10562	卖盘
14:11:30	105.62	--	1	10562	卖盘
14:11:24	105.62	-0.03	1	10562	卖盘
14:11:21	105.65	0.03	1	10565	中性盘
14:11:18	105.62	--	1	10562	卖盘
14:11:09	105.62	-0.03	4	42248	卖盘
14:11:06	105.65	0.03	1	10565	中性盘
14:11:03	105.62	--	2	21124	卖盘
14:10:54	105.62	-0.18	9	95058	卖盘
14:10:51	105.8	--	3	31740	卖盘
14:10:48	105.8	-0.03	12	126960	卖盘
14:10:45	105.83	0.01	6	63498	买盘
14:10:42	105.82	-0.01	2	21164	卖盘
14:10:39	105.83	0.01	1	10583	买盘
14:10:36	105.82	-0.01	22	232803	卖盘
14:10:27	105.83	-0.02	2	21166	卖盘
14:10:18	105.85	--	7	74095	买盘
14:10:15	105.85	--	1	10585	买盘
14:10:12	105.85	-0.03	9	95265	卖盘
14:10:09	105.88	-0.02	3	31764	卖盘
14:10:03	105.9	--	2	21180	买盘
14:10:00	105.9	--	2	21180	买盘
14:09:54	105.9	--	1	10590	买盘
14:09:51	105.9	--	1	10590	中性盘
14:09:42	105.9	-0.09	1	10590	卖盘
14:09:36	105.99	0.02	5	52995	买盘
14:09:33	105.97	0.07	1	10597	买盘
14:09:30	105.9	--	21	222390	卖盘
14:09:27	105.9	0.05	8	84720	中性盘
14:09:21	105.85	0.02	5	52925	买盘
14:09:18	105.83	--	1	10583	买盘
14:09:15	105.83	0.02	3	31749	买盘
14:09:12	105.81	-0.02	7	74067	卖盘
14:09:09	105.83	0.02	1	10583	买盘
14:09:03	105.81	0.02	2	21162	买盘
14:09:00	105.79	-0.02	1	10579	中性盘
14:08:57	105.81	0.03	2	21162	买盘
14:08:54	105.78	--	2	21156	卖盘
14:08:48	105.78	0.15	17	179826	买盘
14:08:39	105.63	-0.12	8	84504	卖盘
14:08:36	105.75	--	1	10575	买盘
14:08:33	105.75	0.13	1	10575	买盘
14:08:30	105.62	--	1	10562	卖盘
14:08:21	105.62	--	1	10562	买盘
14:08:18	105.62	--	1	10562	买盘
14:08:15	105.62	0.12	5	52810	买盘
14:08:12	105.5	-0.25	22	232100	中性盘
14:08:03	105.75	0.45	1	10575	中性盘
14:08:00	105.3	0.1	2	21060	中性盘
14:07:42	105.2	0.08	1	10520	中性盘
14:07:36	105.12	-0.48	40	420480	卖盘
14:07:27	105.6	0.11	3	31680	买盘
14:07:21	105.49	-0.02	1	10549	买盘
14:07:15	105.51	--	2	21102	卖盘
14:07:12	105.51	-0.3	6	63306	卖盘
14:07:09	105.81	--	8	84648	卖盘
14:06:54	105.81	0.77	1	10581	中性盘
14:06:51	105.04	-0.81	300	3151200	卖盘
14:06:45	105.85	--	1	10585	买盘
14:06:42	105.85	0.04	1	10585	中性盘
14:06:39	105.81	-0.09	3	31743	卖盘
14:06:36	105.9	-0.05	6	63540	中性盘
14:06:33	105.95	--	1	10595	卖盘
14:06:21	105.95	0.1	2	21190	卖盘
14:06:15	105.85	0.27	4	42340	买盘
14:06:12	105.58	-0.41	39	411762	卖盘
14:06:00	105.99	--	5	52995	中性盘
14:05:51	105.99	--	3	31797	买盘
14:05:45	105.99	--	2	21198	买盘
14:05:42	105.99	--	6	63594	买盘
14:05:39	105.99	-0.11	20	211980	卖盘
14:05:24	106.1	--	2	21220	买盘
14:05:15	106.1	0.1	4	42440	中性盘
14:05:09	106.0	-0.26	101	1070600	卖盘
14:05:03	106.26	0.11	13	138138	买盘
14:05:00	106.15	--	1	10615	买盘
14:04:57	106.15	-0.05	11	116765	卖盘
14:04:54	106.2	0.03	1	10620	卖盘
14:04:51	106.17	-0.1	50	530850	卖盘
14:04:48	106.27	0.1	1	10627	买盘
14:04:45	106.17	--	2	21234	卖盘
14:04:42	106.17	--	3	31851	卖盘
14:04:36	106.17	--	18	191106	卖盘
14:04:33	106.17	0.02	12	127404	买盘
14:04:30	106.15	--	2	21230	中性盘
14:04:18	106.15	--	9	95535	卖盘
14:04:12	106.15	--	5	53075	卖盘
14:04:09	106.15	--	1	10615	卖盘
14:04:06	106.15	0.04	7	74305	买盘
14:04:03	106.11	-0.04	2	21222	卖盘
14:04:00	106.15	-0.13	3	31845	买盘
14:03:54	106.28	0.18	18	191304	买盘
14:03:51	106.1	--	2	21220	卖盘
14:03:39	106.1	-0.1	19	201590	卖盘
14:03:36	106.2	-0.08	1	10620	中性盘
14:03:27	106.28	--	1	10628	买盘
14:03:24	106.28	--	1	10628	卖盘
14:03:18	106.28	-0.01	2	21256	卖盘
14:03:12	106.29	-0.07	3	31887	卖盘
14:03:09	106.36	--	1	10636	买盘
14:03:03	106.36	-0.04	7	74452	卖盘
14:03:00	106.4	-0.1	2	21280	卖盘
14:02:57	106.5	--	3	31950	中性盘
14:02:42	106.5	--	1	10650	卖盘
14:02:39	106.5	--	1	10650	卖盘
14:02:33	106.5	-0.08	4	42600	卖盘
14:02:21	106.58	--	6	63948	买盘
14:02:18	106.58	-0.02	2	21316	卖盘
14:02:15	106.6	0.02	7	74620	买盘
14:02:09	106.58	-0.17	4	42632	卖盘
14:02:00	106.75	0.06	2	21350	买盘
14:01:57	106.69	0.01	1	10669	买盘
14:01:54	106.68	-0.01	16	170688	卖盘
14:01:48	106.69	-0.01	3	32007	卖盘
14:01:42	106.7	--	3	32010	卖盘
14:01:39	106.7	--	1	10670	卖盘
14:01:36	106.7	-0.06	21	224070	卖盘
14:01:27	106.76	--	2	21352	买盘
14:01:24	106.76	--	12	128112	卖盘
14:01:21	106.76	--	1	10676	卖盘
14:01:18	106.76	-0.04	3	32028	卖盘
14:01:06	106.8	--	3	32040	买盘
14:01:03	106.8	-0.01	12	128160	卖盘
14:01:00	106.81	-0.05	1	10681	中性盘
14:00:57	106.86	0.05	3	32058	中性盘
14:00:48	106.81	--	4	42724	卖盘
14:00:45	106.81	-0.06	6	64086	卖盘
14:00:42	106.87	--	1	10687	买盘
14:00:39	106.87	0.06	4	42748	买盘
14:00:36	106.81	--	1	10681	卖盘
14:00:33	106.81	--	2	21362	卖盘
14:00:15	106.81	-0.12	3	32043	卖盘
14:00:09	106.93	-0.02	1	10693	中性盘
14:00:00	106.95	--	5	53475	卖盘
13:59:57	106.95	-0.01	2	21390	卖盘
13:59:54	106.96	0.01	3	32087	买盘
13:59:51	106.95	-0.01	5	53475	卖盘
13:59:48	106.96	--	6	64175	买盘
13:59:42	106.96	--	7	74872	买盘
13:59:39	106.96	--	12	128351	买盘
13:59:33	106.96	--	26	278096	买盘
13:59:30	106.96	-0.03	58	620368	卖盘
13:59:27	106.99	--	2	21398	买盘
13:59:18	106.99	0.03	1	10699	买盘
13:59:15	106.96	-0.02	16	171136	卖盘
13:59:12	106.98	-0.01	2	21396	中性盘
13:58:54	106.99	0.09	10	106990	买盘
13:58:51	106.9	-0.06	4	42760	卖盘
13:58:48	106.96	-0.03	2	21392	中性盘
13:58:39	106.99	0.03	100	1069900	买盘
13:58:36	106.96	-0.01	2	21392	卖盘
13:58:33	106.97	0.01	52	556244	买盘
13:58:27	106.96	--	2	21392	卖盘
13:58:24	106.96	-0.01	12	128351	中性盘
13:58:21	106.97	--	23	246031	买盘
13:58:18	106.97	--	3	32091	买盘
13:58:15	106.97	0.07	3	32091	买盘
13:58:06	106.9	-0.08	1	10690	卖盘
13:57:57	106.98	0.25	20	213960	买盘
13:57:48	106.73	-0.07	4	42692	中性盘
13:57:45	106.8	0.09	1	10680	买盘
13:57:27	106.71	-0.09	2	21342	卖盘
13:57:24	106.8	-0.1	2	21360	中性盘
13:57:15	106.9	0.19	50	534500	买盘
13:57:12	106.71	0.01	101	1077771	中性盘
13:57:00	106.7	-0.01	6	64020	卖盘
13:56:54	106.71	-0.13	1	10671	中性盘
13:56:48	106.84	0.14	50	534200	买盘
13:56:42	106.7	-0.01	1	10670	中性盘
13:56:33	106.71	--	2	21342	买盘
13:56:24	106.71	-0.05	19	202749	卖盘
13:56:18	106.76	0.04	15	160140	买盘
13:56:15	106.72	0.01	5	53360	中性盘
13:56:09	106.71	-0.01	16	170736	卖盘
13:56:06	106.72	--	4	42688	买盘
13:56:03	106.72	--	8	85376	买盘
13:55:57	106.72	-0.1	87	928464	卖盘
13:55:54	106.82	0.02	104	1110928	买盘
13:55:51	106.8	--	2	21360	买盘
13:55:48	106.8	--	2	21360	买盘
13:55:45	106.8	--	3	32040	买盘
13:55:42	106.8	-0.02	2	21360	卖盘
13:55:39	106.82	-0.01	1	10682	买盘
13:55:36	106.83	0.03	1	10683	买盘
13:55:33	106.8	--	1	10680	卖盘
13:55:30	106.8	-0.04	10	106800	中性盘
13:55:24	106.84	0.04	5	53420	买盘
13:55:21	106.8	0.04	1	10680	买盘
13:55:15	106.76	0.01	8	85408	中性盘
13:55:09	106.75	--	3	32025	卖盘
13:55:03	106.75	0.04	3	32025	买盘
13:55:00	106.71	--	2	21342	卖盘
13:54:57	106.71	--	1	10671	卖盘
13:54:54	106.71	-0.04	1	10671	卖盘
13:54:51	106.75	0.06	18	192150	买盘
13:54:45	106.69	-0.03	3	32007	卖盘
13:54:42	106.72	0.02	3	32016	中性盘
13:54:36	106.7	--	2	21340	买盘
13:54:33	106.7	0.02	3	32010	买盘
13:54:27	106.68	--	1	10668	卖盘
13:54:21	106.68	-0.16	10	106680	卖盘
13:54:18	106.84	0.16	242	2585528	买盘
13:54:09	106.68	-0.07	21	224028	卖盘
13:54:06	106.75	--	1	10675	买盘
13:54:03	106.75	--	8	85400	买盘
13:54:00	106.75	0.04	12	128100	买盘
13:53:54	106.71	-0.04	1	10671	卖盘
13:53:51	106.75	0.03	5	53375	买盘
13:53:48	106.72	0.01	1	10672	中性盘
13:53:42	106.71	0.01	4	42684	卖盘
13:53:36	106.7	--	7	74690	买盘
13:53:33	106.7	0.01	18	192060	买盘
13:53:24	106.69	-0.01	20	213380	买盘
13:53:15	106.7	0.01	97	1034990	买盘
13:53:09	106.69	--	2	21338	买盘
13:53:06	106.69	--	15	160035	买盘
13:53:03	106.69	--	1	10669	买盘
13:53:00	106.69	0.02	43	458767	买盘
13:52:57	106.67	-0.02	2	21334	卖盘
13:52:54	106.69	--	4	42676	买盘
13:52:48	106.69	--	7	74683	买盘
13:52:45	106.69	--	19	202711	卖盘
13:52:42	106.69	--	37	394753	买盘
13:52:39	106.69	0.01	10	106690	买盘
13:52:36	106.68	--	2	21336	买盘
13:52:33	106.68	-0.01	3	32004	卖盘
13:52:30	106.69	0.02	5	53345	买盘
13:52:27	106.67	--	6	64002	卖盘
13:52:24	106.67	--	5	53335	卖盘
13:52:21	106.67	-0.02	3	32001	卖盘
13:52:18	106.69	--	2	21338	买盘
13:52:15	106.69	0.02	4	42676	买盘
13:52:12	106.67	0.06	26	277342	买盘
13:52:09	106.61	-0.06	1	10661	中性盘
13:52:06	106.67	--	3	32001	买盘
13:51:57	106.67	--	12	128004	买盘
13:51:54	106.67	0.06	13	138671	中性盘
13:51:42	106.61	-0.07	1	10661	卖盘
13:51:39	106.68	0.07	100	1066800	买盘
13:51:33	106.61	--	4	42644	卖盘
13:51:30	106.61	0.12	4	42644	买盘
13:51:27	106.49	0.01	1	10649	卖盘
13:51:21	106.48	0.12	1	10648	中性盘
13:51:03	106.36	-0.12	41	436076	卖盘
13:50:39	106.48	-0.13	1	10648	卖盘
13:50:33	106.61	0.2	2	21322	买盘
13:50:30	106.41	--	3	31923	买盘
13:50:27	106.41	--	23	244743	卖盘
13:50:18	106.41	0.06	1	10641	中性盘
13:50:06	106.35	--	5	53175	卖盘
13:50:03	106.35	--	1	10635	卖盘
13:49:51	106.35	-0.25	1	10635	卖盘
13:49:45	106.6	0.3	2	21320	买盘
13:49:42	106.3	--	5	53150	买盘
13:49:36	106.3	--	2	21260	买盘
13:49:30	106.3	0.02	1	10630	买盘
13:49:21	106.28	0.13	2	21256	中性盘
13:49:15	106.15	0.05	8	84920	中性盘
13:49:12	106.1	--	3	31830	卖盘
13:49:09	106.1	-0.06	15	159150	卖盘
13:49:06	106.16	0.01	13	138008	买盘
13:49:03	106.15	--	2	21230	买盘
13:49:00	106.15	--	1	10615	买盘
13:48:54	106.15	-0.03	6	63690	卖盘
13:48:51	106.18	0.02	1	10618	中性盘
13:48:42	106.16	-0.19	1	10616	卖盘
13:48:39	106.35	0.2	2	21270	买盘
13:48:36	106.15	-0.03	3	31845	卖盘
13:48:33	106.18	-0.12	5	53090	卖盘
13:48:30	106.3	0.13	1	10630	买盘
13:48:27	106.17	--	1	10617	中性盘
13:48:24	106.17	--	3	31851	卖盘
13:48:21	106.17	-0.13	6	63702	卖盘
13:48:15	106.3	--	7	74410	买盘
13:48:12	106.3	0.13	3	31890	买盘
13:48:09	106.17	-0.13	2	21234	卖盘
13:47:54	106.3	--	5	53150	买盘
13:47:51	106.3	-0.05	4	42520	卖盘
13:47:36	106.35	-0.33	1	10635	卖盘
13:47:27	106.68	0.38	4	42672	中性盘
13:47:18	106.3	-0.32	1	10630	卖盘
13:47:15	106.62	-0.08	1	10662	中性盘
13:47:00	106.7	0.62	2	21340	买盘
13:46:57	106.08	-0.07	20	212160	卖盘
13:46:51	106.15	-0.6	21	222915	卖盘
13:46:48	106.75	--	1	10675	卖盘
13:46:45	106.75	-0.03	2	21350	卖盘
13:46:42	106.78	--	7	74746	买盘
13:46:39	106.78	0.03	3	32034	买盘
13:46:36	106.75	-0.05	7	74725	卖盘
13:46:30	106.8	--	7	74760	买盘
13:46:21	106.8	-0.05	13	138840	卖盘
13:46:18	106.85	-0.05	2	21370	卖盘
13:46:15	106.9	0.05	16	171040	买盘
13:46:12	106.85	--	3	32055	卖盘
13:46:09	106.85	-0.05	2	21370	卖盘
13:46:06	106.9	--	5	53450	买盘
13:46:00	106.9	--	28	299320	买盘
13:45:54	106.9	--	1	10690	买盘
13:45:51	106.9	-0.06	17	181730	卖盘
13:45:48	106.96	0.06	6	64175	中性盘
13:45:42	106.9	-0.08	2	21380	卖盘
13:45:39	106.98	--	1	10698	买盘
13:45:36	106.98	--	12	128376	买盘
13:45:33	106.98	--	2	21396	买盘
13:45:30	106.98	--	25	267450	卖盘
13:45:27	106.98	--	19	203262	卖盘
13:45:24	106.98	0.08	16	171168	买盘
13:45:21	106.9	-0.09	2	21380	卖盘
13:45:18	106.99	--	1	10699	买盘
13:45:15	106.99	0.04	153	1636947	买盘
13:45:12	106.95	-0.04	1	10695	卖盘
13:45:09	106.99	--	21	224679	买盘
13:45:06	106.99	--	29	310271	买盘
13:45:03	106.99	--	3	32097	买盘
13:45:00	106.99	0.01	1	10699	买盘
13:44:57	106.98	-0.01	3	32094	中性盘
13:44:54	106.99	0.01	47	502853	买盘
13:44:51	106.98	--	11	117678	卖盘
13:44:48	106.98	--	6	64188	卖盘
13:44:45	106.98	--	20	213960	卖盘
13:44:39	106.98	--	4	42792	卖盘
13:44:36	106.98	0.02	19	203262	买盘
13:44:33	106.96	--	1	10696	买盘
13:44:30	106.96	0.01	1	10696	买盘
13:44:21	106.95	0.03	2	21390	买盘
13:44:18	106.92	0.02	1	10692	中性盘
13:44:15	106.9	-0.05	5	53450	卖盘
13:44:12	106.95	0.1	3	32085	买盘
13:44:06	106.85	-0.03	8	85480	卖盘
13:44:03	106.88	0.03	10	106880	买盘
13:43:57	106.85	--	6	64110	买盘
13:43:54	106.85	0.07	5	53425	买盘
13:43:51	106.78	--	46	491188	卖盘
13:43:48	106.78	-0.02	5	53390	卖盘
13:43:45	106.8	0.01	11	117480	买盘
13:43:42	106.79	0.02	2	21358	买盘
13:43:39	106.77	--	2	21354	卖盘
13:43:33	106.77	--	8	85416	卖盘
13:43:27	106.77	0.07	12	128124	买盘
13:43:24	106.7	-0.07	3	32010	卖盘
13:43:21	106.77	--	8	85416	买盘
13:43:18	106.77	0.02	5	53385	买盘
13:43:15	106.75	0.01	33	352275	买盘
13:43:12	106.74	--	1	10674	买盘
13:43:09	106.74	0.05	4	42696	买盘
13:43:06	106.69	0.01	3	32007	卖盘
13:43:03	106.68	0.03	4	48006	买盘
13:43:00	106.65	-0.03	40	426600	中性盘
13:42:48	106.68	0.09	41	437388	买盘
13:42:42	106.59	--	2	21318	卖盘
13:42:36	106.59	0.01	1	10659	买盘
13:42:33	106.58	0.08	1	10658	买盘
13:42:30	106.5	-0.09	5	53250	卖盘
13:42:27	106.59	0.13	4	42636	买盘
13:42:15	106.46	-0.02	82	872972	卖盘
13:42:12	106.48	0.02	4	42592	买盘
13:42:09	106.46	--	7	74522	卖盘
13:42:06	106.46	0.2	3	31937	买盘
13:42:03	106.26	--	2	21358	买盘
13:42:00	106.26	-0.04	21	233665	卖盘
13:41:48	106.3	--	6	63780	卖盘
13:41:45	106.3	--	7	74410	卖盘
13:41:42	106.3	0.04	2	21260	中性盘
13:41:36	106.26	-0.04	2	21252	卖盘
13:41:33	106.3	0.04	0	106	买盘
13:41:30	106.26	0.01	1	10626	中性盘
13:41:27	106.25	-0.05	4	42500	卖盘
13:41:21	106.3	0.05	2	21260	中性盘
13:41:09	106.25	-0.23	9	95625	卖盘
13:41:03	106.48	--	2	21296	买盘
13:41:00	106.48	--	2	21296	买盘
13:40:57	106.48	-0.02	2	21296	中性盘
13:40:51	106.5	--	1	10650	买盘
13:40:39	106.5	0.3	2	21300	买盘
13:40:33	106.2	--	5	53100	卖盘
13:40:30	106.2	--	20	212400	卖盘
13:40:27	106.2	-0.04	4	42480	卖盘
13:40:24	106.24	--	1	10624	买盘
13:40:21	106.24	0.04	6	63744	买盘
13:40:18	106.2	--	1	10620	卖盘
13:40:15	106.2	0.05	8	84960	中性盘
13:40:09	106.15	0.02	3	31845	卖盘
13:40:06	106.13	--	4	42452	卖盘
13:40:03	106.13	0.02	1	10613	中性盘
13:39:54	106.11	-0.01	3	31833	卖盘
13:39:48	106.12	-0.01	6	63672	卖盘
13:39:45	106.13	0.01	1	10613	卖盘
13:39:39	106.12	0.01	4	42448	中性盘
13:39:36	106.11	--	2	21222	卖盘
13:39:30	106.11	--	3	31833	卖盘
13:39:27	106.11	0.01	14	148554	买盘
13:39:24	106.1	-0.01	3	31830	卖盘
13:39:18	106.11	--	1	10611	买盘
13:39:15	106.11	-0.09	8	84888	卖盘
13:39:06	106.2	-0.03	12	127440	卖盘
13:39:00	106.23	-0.43	2	21246	卖盘
13:38:57	106.66	--	4	42664	买盘
13:38:48	106.66	0.06	1	10666	中性盘
13:38:39	106.6	-0.07	4	42640	买盘
13:38:36	106.67	--	1	16000	卖盘
13:38:33	106.67	-0.01	1	10667	卖盘
13:38:24	106.68	--	1	10668	买盘
13:38:21	106.68	--	41	437388	卖盘
13:38:18	106.68	--	2	21336	卖盘
13:38:15	106.68	--	2	21336	卖盘
13:38:12	106.68	--	2	21336	卖盘
13:38:09	106.68	-0.06	4	42672	中性盘
13:38:03	106.74	0.03	4	42696	买盘
13:38:00	106.71	-0.03	1	10671	卖盘
13:37:57	106.74	0.03	2	21348	买盘
13:37:54	106.71	--	1	10671	卖盘
13:37:51	106.71	0.04	5	53355	买盘
13:37:48	106.67	--	10	106670	卖盘
13:37:45	106.67	--	1	10667	卖盘
13:37:39	106.67	--	2	21334	卖盘
13:37:36	106.67	--	2	21334	卖盘
13:37:33	106.67	0.51	23	250674	买盘
13:37:30	106.16	-0.05	24	254784	卖盘
13:37:21	106.21	--	4	42484	买盘
13:37:18	106.21	0.12	2	21242	买盘
13:37:12	106.09	-0.12	1	10609	中性盘
13:37:09	106.21	0.13	1	10621	买盘
13:37:06	106.08	--	5	53040	卖盘
13:37:03	106.08	-0.13	1	10608	卖盘
13:36:57	106.21	0.14	8	84968	买盘
13:36:51	106.07	-0.13	13	137891	卖盘
13:36:48	106.2	0.12	6	63720	买盘
13:36:45	106.08	0.02	3	31824	买盘
13:36:42	106.06	-0.14	10	106060	卖盘
13:36:39	106.2	0.13	3	31860	买盘
13:36:36	106.07	--	3	31820	卖盘
13:36:33	106.07	-0.01	13	137891	卖盘
13:36:30	106.08	0.01	2	21216	中性盘
13:36:27	106.07	--	2	21214	卖盘
13:36:24	106.07	--	4	42428	卖盘
13:36:15	106.07	-0.13	5	53035	卖盘
13:36:12	106.2	-0.01	3	31860	卖盘
13:36:09	106.21	-0.53	2	21242	卖盘
13:36:03	106.74	0.02	2	21348	买盘
13:35:57	106.72	-0.05	1	10672	卖盘
13:35:54	106.77	--	1	10677	买盘
13:35:51	106.77	--	21	224217	中性盘
13:35:45	106.77	-0.02	4	42708	卖盘
13:35:39	106.79	--	3	32037	买盘
13:35:36	106.79	-0.01	1	10679	卖盘
13:35:30	106.8	--	5	53400	买盘
13:35:24	106.8	-0.06	9	96120	卖盘
13:35:21	106.86	0.06	3	32058	买盘
13:35:18	106.8	-0.06	1	10680	卖盘
13:35:15	106.86	--	3	32058	买盘
13:35:12	106.86	-0.04	7	74802	中性盘
13:35:09	106.9	--	6	64140	卖盘
13:35:06	106.9	-0.06	23	245870	卖盘
13:35:03	106.96	-0.01	5	53480	中性盘
13:35:00	106.97	0.02	2	21394	卖盘
13:34:57	106.95	0.05	2	21390	卖盘
13:34:54	106.9	-0.09	6	64140	卖盘
13:34:51	106.99	0.09	5	53495	买盘
13:34:48	106.9	-0.07	3	32070	卖盘
13:34:45	106.97	0.07	1	10697	买盘
13:34:42	106.9	--	3	32070	卖盘
13:34:39	106.9	-0.07	4	42760	卖盘
13:34:36	106.97	0.07	2	21394	买盘
13:34:33	106.9	0.11	2	21380	中性盘
13:34:21	106.79	-0.01	31	331049	买盘
13:34:18	106.8	--	6	64080	卖盘
13:34:12	106.8	--	43	459240	买盘
13:34:09	106.8	0.01	7	74760	买盘
13:34:06	106.79	-0.01	3	32037	卖盘
13:34:03	106.8	--	21	224280	买盘
13:34:00	106.8	--	5	53400	买盘
13:33:57	106.8	0.01	22	234960	买盘
13:33:54	106.79	-0.01	1	10679	中性盘
13:33:51	106.8	0.01	6	64080	买盘
13:33:48	106.79	--	3	32037	买盘
13:33:42	106.79	0.05	7	74753	买盘
13:33:39	106.74	-0.05	3	32022	中性盘
13:33:36	106.79	0.05	6	64074	买盘
13:33:33	106.74	0.01	14	149436	买盘
13:33:30	106.73	--	1	10673	中性盘
13:33:24	106.73	0.13	1	10673	买盘
13:33:21	106.6	--	4	42640	卖盘
13:33:15	106.6	--	10	106600	买盘
13:33:12	106.6	0.03	7	74620	买盘
13:33:09	106.57	0.02	1	10657	中性盘
13:33:06	106.55	-0.05	3	31965	卖盘
13:33:03	106.6	--	2	21320	买盘
13:33:00	106.6	--	27	287820	买盘
13:32:57	106.6	0.02	6	63960	买盘
13:32:54	106.58	-0.02	8	85264	中性盘
13:32:51	106.6	--	1	10660	买盘
13:32:48	106.6	--	39	415740	买盘
13:32:45	106.6	--	4	42640	买盘
13:32:42	106.6	--	5	53300	买盘
13:32:39	106.6	--	2	21320	买盘
13:32:36	106.6	--	3	31980	买盘
13:32:33	106.6	-0.01	1	10660	买盘
13:32:30	106.61	0.06	33	351813	中性盘
13:32:27	106.55	-0.19	25	266375	卖盘
13:32:24	106.74	--	1	10674	卖盘
13:32:21	106.74	--	2	21348	卖盘
13:32:18	106.74	--	16	170784	卖盘
13:32:15	106.74	--	10	106740	卖盘
13:32:12	106.74	0.14	16	170784	买盘
13:32:09	106.6	--	7	74620	卖盘
13:32:06	106.6	--	2	21320	卖盘
13:32:03	106.6	--	2	21320	卖盘
13:32:00	106.6	-0.14	45	479700	中性盘
13:31:54	106.74	0.19	9	96066	买盘
13:31:48	106.55	--	3	31965	卖盘
13:31:45	106.55	0.52	16	170480	买盘
13:31:42	106.03	-0.71	31	328693	卖盘
13:31:33	106.74	0.06	5	53370	买盘
13:31:30	106.68	-0.06	1	10668	卖盘
13:31:21	106.74	-0.06	4	42696	卖盘
13:31:18	106.8	--	5	53400	买盘
13:31:15	106.8	--	5	53400	买盘
13:31:12	106.8	-0.01	9	96120	卖盘
13:31:09	106.81	-0.18	11	117491	卖盘
13:31:00	106.99	--	2	21398	买盘
13:30:57	106.99	--	2	21398	卖盘
13:30:54	106.99	--	1	10699	卖盘
13:30:51	106.99	-0.01	2	21398	卖盘
13:30:48	107.0	--	1	10700	买盘
13:30:45	107.0	--	3	32100	买盘
13:30:42	107.0	-0.09	87	930900	卖盘
13:30:36	107.09	--	63	674667	买盘
13:30:33	107.09	--	5	53545	买盘
13:30:27	107.09	--	17	182053	买盘
13:30:24	107.09	--	1	10709	买盘
13:30:21	107.09	-0.01	1	10709	卖盘
13:30:18	107.1	--	6	64260	卖盘
13:30:15	107.1	--	71	760410	买盘
13:30:12	107.1	--	5	53550	卖盘
13:30:09	107.1	-0.03	1	10710	卖盘
13:30:03	107.13	--	2	21426	买盘
13:30:00	107.13	-0.08	63	674919	卖盘
13:29:57	107.21	--	3	32162	卖盘
13:29:54	107.21	--	11	117931	卖盘
13:29:51	107.21	--	5	53605	卖盘
13:29:48	107.21	0.01	3	32162	中性盘
13:29:45	107.2	--	9	96480	卖盘
13:29:42	107.2	--	13	139360	卖盘
13:29:36	107.2	--	36	385920	买盘
13:29:33	107.2	0.06	6	64320	买盘
13:29:30	107.14	-0.06	8	85712	卖盘
13:29:27	107.2	-0.05	3	32160	卖盘
13:29:24	107.25	-0.18	2	21450	卖盘
13:29:21	107.43	-0.03	11	118173	中性盘
13:29:18	107.46	-0.03	12	134325	中性盘
13:29:15	107.49	0.1	2	21498	买盘
13:29:12	107.39	-0.11	15	166454	卖盘
13:29:09	107.5	0.11	10	107500	买盘
13:29:06	107.39	0.14	8	85912	卖盘
13:29:03	107.25	-0.25	5	53625	卖盘
13:29:00	107.5	--	87	935250	买盘
13:28:57	107.5	0.3	11	118250	买盘
13:28:54	107.2	-0.19	2	21440	卖盘
13:28:51	107.39	-0.01	3	32217	中性盘
13:28:48	107.4	-0.1	20	214800	中性盘
13:28:45	107.5	--	31	333250	买盘
13:28:42	107.5	--	2	21500	买盘
13:28:39	107.5	--	4	43000	买盘
13:28:36	107.5	--	3	32250	买盘
13:28:33	107.5	0.3	6	64500	买盘
13:28:30	107.2	0.1	4	42880	买盘
13:28:27	107.1	-0.45	4	42840	卖盘
13:28:24	107.55	0.32	26	279630	买盘
13:28:21	107.23	-0.32	13	139399	中性盘
13:28:18	107.55	--	1	10755	买盘
13:28:15	107.55	--	5	53775	买盘
13:28:12	107.55	0.47	10	107550	买盘
13:28:09	107.08	-0.15	4	42832	卖盘
13:28:06	107.23	-0.27	8	85784	中性盘
13:28:03	107.5	0.44	2	21500	中性盘
13:28:00	107.06	-0.06	7	74942	卖盘
13:27:57	107.12	-0.59	4	42848	中性盘
13:27:54	107.71	0.67	28	301588	买盘
13:27:51	107.04	-0.2	7	74928	卖盘
13:27:48	107.24	-0.65	25	268100	卖盘
13:27:45	107.89	0.09	26	280514	买盘
13:27:42	107.8	-0.09	16	172480	买盘
13:27:39	107.89	-0.01	7	75523	买盘
13:27:36	107.9	0.67	40	431600	买盘
13:27:33	107.23	-0.67	9	96507	卖盘
13:27:30	107.9	--	7	75530	买盘
13:27:27	107.9	-0.1	44	474760	买盘
13:27:24	108.0	1	4	43200	买盘
13:27:21	107.0	--	21	224700	卖盘
13:27:18	107.0	--	10	107000	卖盘
13:27:15	107.0	-0.99	114	1219800	卖盘
13:27:12	107.99	0.99	124	1339076	买盘
13:27:09	107.0	0.04	40	431638	买盘
13:27:06	106.96	-0.03	124	1333363	卖盘
13:27:03	106.99	--	29	310271	卖盘
13:26:57	106.99	--	4	42796	卖盘
13:26:54	106.99	0.19	329	3523608	买盘
13:26:45	106.8	0.28	199	2125320	买盘
13:26:42	106.52	0.02	13	138476	买盘
13:26:39	106.5	--	1	10650	卖盘
13:26:36	106.5	0.47	133	1416450	买盘
13:26:33	106.03	0.03	4	42412	买盘
13:26:30	106.0	--	52	551200	卖盘
13:26:27	106.0	--	136	1442554	买盘
13:26:24	106.0	--	69	731400	买盘
13:26:21	106.0	--	2	21200	买盘
13:26:18	106.0	0.06	25	265000	买盘
13:26:15	105.94	-0.04	13	137722	卖盘
13:26:12	105.98	0.06	1	10598	买盘
13:26:09	105.92	-0.08	1	10592	卖盘
13:26:06	106.0	0.08	104	1102400	买盘
13:26:03	105.92	-0.05	14	148288	卖盘
13:26:00	105.97	--	1	10597	买盘
13:25:57	105.97	--	1	10597	买盘
13:25:54	105.97	-0.02	7	74179	卖盘
13:25:51	105.99	0.06	90	953910	买盘
13:25:48	105.93	-0.05	36	381348	卖盘
13:25:45	105.98	0.01	2	21196	买盘
13:25:39	105.97	0.04	12	127164	买盘
13:25:36	105.93	0.01	4	42372	买盘
13:25:33	105.92	-0.04	4	42368	卖盘
13:25:30	105.96	0.01	5	52980	中性盘
13:25:27	105.95	-0.02	5	52975	卖盘
13:25:24	105.97	0.07	12	127164	买盘
13:25:21	105.9	0.01	7	74130	买盘
13:25:18	105.89	0.01	8	84712	中性盘
13:25:15	105.88	-0.02	41	434108	卖盘
13:25:12	105.9	0.02	7	74130	买盘
13:25:09	105.88	--	2	21176	卖盘
13:25:06	105.88	--	18	190584	卖盘
13:25:03	105.88	--	3	31764	买盘
13:25:00	105.88	--	2	21176	买盘
13:24:57	105.88	0.01	1	10588	买盘
13:24:51	105.87	--	3	31761	卖盘
13:24:48	105.87	0.07	12	127044	中性盘
13:24:42	105.8	-0.09	1	10580	卖盘
13:24:39	105.89	0.02	14	148246	买盘
13:24:36	105.87	0.02	13	137631	买盘
13:24:33	105.85	0.15	30	317550	买盘
13:24:30	105.7	-0.1	5	52850	卖盘
13:24:27	105.8	--	2	21160	买盘
13:24:24	105.8	--	8	84640	买盘
13:24:21	105.8	-0.07	12	126960	卖盘
13:24:18	105.87	0.07	2	21174	买盘
13:24:15	105.8	--	6	63480	买盘
13:24:12	105.8	0.1	5	52900	买盘
13:24:09	105.7	0.03	4	42280	买盘
13:24:06	105.67	-0.03	6	63402	买盘
13:24:03	105.7	-0.18	1	10570	中性盘
13:24:00	105.88	0.21	100	1058800	买盘
13:23:57	105.67	-0.03	1	10567	卖盘
13:23:54	105.7	--	18	190260	买盘
13:23:48	105.7	-0.1	64	676480	卖盘
13:23:45	105.8	-0.05	9	95220	中性盘
13:23:42	105.85	0.05	28	296380	买盘
13:23:39	105.8	--	18	190440	买盘
13:23:36	105.8	--	17	189593	卖盘
13:23:33	105.8	--	14	148120	卖盘
13:23:30	105.8	--	21	222180	卖盘
13:23:27	105.8	--	16	169280	卖盘
13:23:24	105.8	--	13	137540	卖盘
13:23:21	105.8	--	138	1460040	卖盘
13:23:18	105.8	--	4	42320	卖盘
13:23:15	105.8	--	55	582746	买盘
13:23:12	105.8	0.13	58	613640	买盘
13:23:09	105.67	-0.03	9	95103	卖盘
13:23:06	105.7	--	39	412230	买盘
13:23:03	105.7	-0.08	23	243110	卖盘
13:23:00	105.78	-0.02	6	63468	买盘
13:22:57	105.8	0.01	29	306820	买盘
13:22:54	105.79	--	66	698214	买盘
13:22:51	105.79	--	15	158685	买盘
13:22:48	105.79	0.07	26	275054	买盘
13:22:45	105.72	-0.07	8	84576	中性盘
13:22:42	105.79	--	52	550108	买盘
13:22:39	105.79	0.07	50	528950	买盘
13:22:36	105.72	-0.07	85	898620	卖盘
13:22:33	105.79	0.06	14	148106	买盘
13:22:30	105.73	0.01	8	84584	中性盘
13:22:27	105.72	-0.02	2	21144	卖盘
13:22:24	105.74	0.02	75	793050	买盘
13:22:21	105.72	--	7	74004	卖盘
13:22:18	105.72	0.05	11	116292	买盘
13:22:15	105.67	-0.02	18	190206	卖盘
13:22:12	105.69	--	3	31707	买盘
13:22:09	105.69	0.02	52	549588	买盘
13:22:06	105.67	--	5	52835	卖盘
13:22:03	105.67	--	1	10567	卖盘
13:22:00	105.67	0.12	58	612886	买盘
13:21:57	105.55	0.07	47	496085	买盘
13:21:54	105.48	0.1	21	221508	买盘
13:21:51	105.38	--	2	21076	卖盘
13:21:48	105.38	--	25	263450	卖盘
13:21:45	105.38	0.07	8	84304	买盘
13:21:42	105.31	--	4	42124	卖盘
13:21:39	105.31	--	1	10531	卖盘
13:21:36	105.31	0.01	8	84248	买盘
13:21:33	105.3	-0.01	2	21060	中性盘
13:21:27	105.31	0.09	1	10531	买盘
13:21:24	105.22	0.17	15	157830	买盘
13:21:21	105.05	0.02	8	84040	卖盘
13:21:18	105.03	--	1	10503	卖盘
13:21:15	105.03	0.01	1	10503	卖盘
13:21:09	105.02	0.01	5	52510	买盘
13:21:06	105.01	-0.01	1	10501	卖盘
13:21:03	105.02	--	7	73514	卖盘
13:21:00	105.02	--	1	10502	卖盘
13:20:57	105.02	--	1	10502	卖盘
13:20:54	105.02	--	5	52510	卖盘
13:20:51	105.02	-0.48	11	115522	卖盘
13:20:45	105.5	0.19	14	147700	买盘
13:20:42	105.31	-0.19	15	157965	卖盘
13:20:39	105.5	--	2	21100	买盘
13:20:36	105.5	-0.02	55	580250	卖盘
13:20:33	105.52	-0.13	17	179384	卖盘
13:20:27	105.65	0.01	6	63390	买盘
13:20:24	105.64	-0.05	9	95076	卖盘
13:20:21	105.69	-0.01	5	52845	卖盘
13:20:18	105.7	0.05	8	84560	买盘
13:20:15	105.65	0.07	13	137345	卖盘
13:20:12	105.58	-0.05	13	137254	卖盘
13:20:09	105.63	-0.07	17	179571	卖盘
13:20:06	105.7	-0.1	6	63420	中性盘
13:20:03	105.8	0.2	25	264500	买盘
13:20:00	105.6	-0.07	6	63360	卖盘
13:19:57	105.67	0.07	21	221907	买盘
13:19:54	105.6	0.02	12	126720	买盘
13:19:51	105.58	-0.01	17	179486	中性盘
13:19:48	105.59	0.04	8	84472	中性盘
13:19:45	105.55	--	17	179435	卖盘
13:19:42	105.55	-0.03	12	126660	卖盘
13:19:39	105.58	0.08	13	137254	买盘
13:19:36	105.5	-0.05	22	232100	卖盘
13:19:33	105.55	0.05	45	474975	买盘
13:19:30	105.5	--	14	147700	卖盘
13:19:27	105.5	0.02	18	189900	买盘
13:19:24	105.48	-0.02	12	126576	卖盘
13:19:21	105.5	0.14	21	221550	买盘
13:19:18	105.36	-0.1	9	94824	买盘
13:19:15	105.46	0.1	15	158190	买盘
13:19:12	105.36	0.36	7	73752	买盘
13:19:06	105.0	-0.36	11	115500	卖盘
13:19:03	105.36	0.36	26	273936	买盘
13:19:00	105.0	0.05	431	4526865	买盘
13:18:57	104.95	-0.02	2	20990	中性盘
13:18:54	104.97	--	34	356898	买盘
13:18:51	104.97	--	34	356898	买盘
13:18:48	104.97	--	8	83976	买盘
13:18:45	104.97	0.02	30	314910	买盘
13:18:42	104.95	0.07	3	31485	中性盘
13:18:39	104.88	-0.09	4	41952	卖盘
13:18:36	104.97	0.07	11	115467	买盘
13:18:33	104.9	--	12	125880	买盘
13:18:30	104.9	0.02	21	220290	买盘
13:18:27	104.88	0.01	10	104880	买盘
13:18:21	104.87	0.08	3	31461	买盘
13:18:18	104.79	-0.01	5	52395	买盘
13:18:15	104.8	--	6	62880	买盘
13:18:12	104.8	0.14	13	136240	买盘
13:18:09	104.66	-0.14	3	31398	中性盘
13:18:06	104.8	--	6	62880	买盘
13:18:03	104.8	0.24	51	534480	买盘
13:18:00	104.56	-0.04	4	41824	卖盘
13:17:57	104.6	0.05	48	502080	买盘
13:17:51	104.55	--	5	52275	卖盘
13:17:48	104.55	--	108	1129140	卖盘
13:17:45	104.55	0.32	77	805035	买盘
13:17:42	104.23	-0.17	16	166768	卖盘
13:17:39	104.4	0.15	36	375840	买盘
13:17:36	104.25	0.03	2	20850	中性盘
13:17:27	104.22	--	5	52110	买盘
13:17:24	104.22	--	5	52110	买盘
13:17:21	104.22	-0.17	6	62532	买盘
13:17:15	104.39	0.16	22	229658	买盘
13:17:12	104.23	--	26	270998	买盘
13:17:06	104.23	--	10	104230	买盘
13:17:00	104.23	-0.16	3	31269	卖盘
13:16:57	104.39	0.16	1	10439	中性盘
13:16:54	104.23	-0.17	8	83384	卖盘
13:16:51	104.4	--	1	10440	买盘
13:16:48	104.4	--	2	20880	中性盘
13:16:42	104.4	-0.15	2	20880	卖盘
13:16:39	104.55	--	4	41820	买盘
13:16:30	104.55	--	7	73185	卖盘
13:16:27	104.55	-0.03	4	41820	卖盘
13:16:24	104.58	0.01	18	188244	买盘
13:16:21	104.57	0.02	13	135941	买盘
13:16:18	104.55	-0.02	4	41820	卖盘
13:16:12	104.57	-0.01	12	125483	买盘
13:16:09	104.58	--	2	20916	卖盘
13:16:06	104.58	-0.01	1	10458	卖盘
13:16:03	104.59	--	8	83672	买盘
13:16:00	104.59	0.01	2	20918	买盘
13:15:57	104.58	-0.01	5	52290	卖盘
13:15:54	104.59	--	9	94131	卖盘
13:15:51	104.59	--	7	73213	卖盘
13:15:45	104.59	--	1	10459	卖盘
13:15:42	104.59	0.04	27	282393	买盘
13:15:39	104.55	-0.03	6	62730	卖盘
13:15:36	104.58	--	12	125496	卖盘
13:15:33	104.58	--	5	52290	卖盘
13:15:30	104.58	0.02	2	20916	卖盘
13:15:27	104.56	--	37	386872	买盘
13:15:18	104.56	0.06	24	250944	买盘
13:15:15	104.5	--	23	240350	卖盘
13:15:12	104.5	--	10	104500	卖盘
13:15:09	104.5	--	33	344850	卖盘
13:15:06	104.5	-0.01	20	209000	卖盘
13:15:03	104.51	0.01	1	10451	买盘
13:15:00	104.5	-0.01	4	41800	卖盘
13:14:57	104.51	0.01	7	73157	买盘
13:14:54	104.5	--	23	240350	卖盘
13:14:51	104.5	0.3	42	438900	买盘
13:14:48	104.2	-0.2	46	479320	卖盘
13:14:45	104.4	--	1	10440	买盘
13:14:39	104.4	--	1	10440	买盘
13:14:30	104.4	0.3	100	1044000	买盘
13:14:27	104.1	0.11	19	197790	买盘
13:14:12	103.99	0.19	62	644738	买盘
13:14:03	103.8	--	2	20760	卖盘
13:14:00	103.8	--	1	10380	中性盘
13:13:57	103.8	--	2	20760	买盘
13:13:54	103.8	--	1	10380	买盘
13:13:51	103.8	0.1	10	103800	买盘
13:13:48	103.7	-0.1	1	10370	卖盘
13:13:45	103.8	0.1	5	51900	买盘
13:13:42	103.7	--	3	31110	卖盘
13:13:39	103.7	-0.1	2	20740	中性盘
13:13:33	103.8	0.1	5	51900	买盘
13:13:21	103.7	0.01	1	10370	中性盘
13:13:09	103.69	--	3	31107	买盘
13:13:03	103.69	0.01	12	124428	买盘
13:12:57	103.68	-0.01	2	20736	卖盘
13:12:54	103.69	--	2	20738	买盘
13:12:48	103.69	0.01	1	10369	买盘
13:12:45	103.68	-0.01	2	20736	卖盘
13:12:21	103.69	--	1	10369	买盘
13:12:09	103.69	--	5	51845	卖盘
13:12:00	103.69	--	1	10369	卖盘
13:11:57	103.69	--	1	10369	卖盘
13:11:51	103.69	--	3	31107	卖盘
13:11:39	103.69	--	4	41476	买盘
13:11:36	103.69	0.01	1	10369	买盘
13:11:30	103.68	-0.01	1	10368	卖盘
13:11:24	103.69	-0.1	2	20738	卖盘
13:11:21	103.79	0.1	1	10379	买盘
13:11:15	103.69	-0.11	1	10369	卖盘
13:10:54	103.8	--	2	20760	中性盘
13:10:15	103.8	--	1	10380	买盘
13:10:03	103.8	--	5	51900	买盘
13:09:48	103.8	0.12	19	197220	买盘
13:09:36	103.68	-0.12	2	20736	卖盘
13:09:24	103.8	0.12	1	10380	买盘
13:09:18	103.68	--	4	41472	卖盘
13:09:09	103.68	--	2	20736	卖盘
13:09:06	103.68	0.17	34	352512	买盘
13:08:54	103.51	--	3	31053	卖盘
13:08:51	103.51	-0.13	1	10351	中性盘
13:08:45	103.64	0.14	2	20728	买盘
13:08:27	103.5	-0.11	10	103500	卖盘
13:08:24	103.61	-0.03	1	10361	卖盘
13:07:54	103.64	0.03	2	20728	中性盘
13:07:27	103.61	-0.04	2	20722	卖盘
13:07:18	103.65	--	2	20730	卖盘
13:06:51	103.65	-0.03	75	777375	卖盘
13:06:42	103.68	0.03	10	103680	买盘
13:06:39	103.65	-0.03	17	176205	卖盘
13:06:33	103.68	0.02	5	51840	买盘
13:06:18	103.66	--	10	103660	卖盘
13:06:12	103.66	-0.02	4	41464	卖盘
13:06:03	103.68	--	13	134784	买盘
13:05:51	103.68	--	1	10368	买盘
13:05:48	103.68	-0.01	6	62208	卖盘
13:05:27	103.69	-0.17	4	41476	卖盘
13:05:21	103.86	0.16	1	10386	买盘
13:05:12	103.7	0.01	2	20740	中性盘
13:04:33	103.69	-0.11	28	290332	卖盘
13:04:30	103.8	0.1	12	124560	中性盘
13:04:09	103.7	--	5	51850	卖盘
13:04:06	103.7	0.01	1	10370	买盘
13:04:03	103.69	--	3	31107	卖盘
13:04:00	103.69	--	2	20738	卖盘
13:03:51	103.69	-0.01	29	300701	卖盘
13:03:33	103.7	--	1	10370	卖盘
13:03:30	103.7	--	2	20740	中性盘
13:03:15	103.7	--	3	31110	买盘
13:03:03	103.7	--	13	134810	买盘
13:03:00	103.7	-0.15	3	31110	卖盘
13:02:48	103.85	-0.03	1	10385	中性盘
13:02:30	103.88	--	5	51940	买盘
13:02:27	103.88	--	6	62328	买盘
13:02:15	103.88	--	1	10388	买盘
13:02:00	103.88	0.08	2	20776	买盘
13:01:57	103.8	-0.08	1	10380	卖盘
13:01:51	103.88	--	21	218148	买盘
13:01:33	103.88	--	2	20776	卖盘
13:01:24	103.88	--	3	31164	卖盘
13:01:21	103.88	--	1	10388	卖盘
13:01:18	103.88	0.08	3	31164	买盘
13:01:15	103.8	-0.08	2	20760	卖盘
13:01:03	103.88	--	10	103880	买盘
13:01:00	103.88	--	6	62328	买盘
13:00:33	103.88	0.08	2	20776	买盘
13:00:27	103.8	0.1	2	20760	买盘
13:00:09	103.7	-0.05	2	20740	卖盘
13:00:06	103.75	0.15	32	332000	买盘
13:00:03	103.6	--	23	238280	卖盘
11:30:03	103.6	--	0	0	卖盘
11:29:57	103.6	0.08	8	82880	买盘
11:29:51	103.52	-0.06	1	10352	卖盘
11:29:45	103.58	0.06	3	31074	买盘
11:29:36	103.52	-0.06	2	20704	卖盘
11:29:30	103.58	--	5	51790	买盘
11:29:27	103.58	0.08	47	486826	买盘
11:29:18	103.5	--	1	10350	买盘
11:29:15	103.5	0.11	2	20700	买盘
11:29:12	103.39	-0.11	1	10339	卖盘
11:29:00	103.5	0.12	2	20700	买盘
11:28:54	103.38	-0.12	1	10338	卖盘
11:28:48	103.5	0.12	20	207000	买盘
11:28:45	103.38	-0.02	1	10338	卖盘
11:28:42	103.4	0.15	4	41360	买盘
11:28:27	103.25	-0.15	15	154875	卖盘
11:28:15	103.4	0.18	10	103400	买盘
11:28:12	103.22	--	1	10322	买盘
11:27:57	103.22	0.01	1	10322	买盘
11:27:51	103.21	--	1	10321	买盘
11:27:45	103.21	-0.01	6	61925	卖盘
11:27:36	103.22	-0.18	31	319982	中性盘
11:27:03	103.4	0.22	5	51700	买盘
11:26:42	103.18	--	4	41272	买盘
11:26:39	103.18	--	12	123816	买盘
11:26:33	103.18	--	1	10318	买盘
11:26:30	103.18	--	4	41272	卖盘
11:26:21	103.18	--	3	30954	买盘
11:26:18	103.18	--	20	206360	买盘
11:26:09	103.18	--	1	10318	买盘
11:26:06	103.18	0.01	2	20636	买盘
11:25:39	103.17	--	1	10317	买盘
11:25:36	103.17	-0.33	1	10317	中性盘
11:24:51	103.5	0.02	30	310500	买盘
11:24:42	103.48	0.34	2	20696	买盘
11:24:24	103.14	-0.16	21	216594	卖盘
11:24:12	103.3	--	2	20660	卖盘
11:23:57	103.3	0.17	5	51650	买盘
11:23:48	103.13	0.08	2	20626	中性盘
11:23:09	103.05	-0.25	2	20610	中性盘
11:22:45	103.3	--	60	619800	卖盘
11:22:27	103.3	0.3	1	10330	卖盘
11:22:18	103.0	-0.02	100	1030000	卖盘
11:22:06	103.02	-0.29	101	1040502	卖盘
11:21:42	103.31	-0.29	1	10331	卖盘
11:21:39	103.6	--	4	41440	买盘
11:21:36	103.6	--	50	518000	卖盘
11:21:18	103.6	0.01	2	20720	卖盘
11:21:12	103.59	0.09	48	497232	买盘
11:21:06	103.5	--	10	103500	买盘
11:20:57	103.5	0.1	100	1035000	买盘
11:20:42	103.4	--	3	31020	买盘
11:20:27	103.4	-0.01	10	103400	买盘
11:20:15	103.41	-0.07	1	10341	卖盘
11:20:09	103.48	0.21	1	10348	买盘
11:19:33	103.27	-0.22	5	51635	中性盘
11:19:09	103.49	0.22	50	517450	买盘
11:19:03	103.27	-0.08	1	10327	卖盘
11:19:00	103.35	0.08	3	31005	买盘
11:18:45	103.27	0.01	2	20654	中性盘
11:18:12	103.26	0.08	3	30978	买盘
11:18:06	103.18	-0.08	6	61908	卖盘
11:17:45	103.26	--	4	41304	卖盘
11:17:33	103.26	-0.09	1	10326	卖盘
11:17:24	103.35	0.09	1	10335	买盘
11:17:15	103.26	-0.09	20	206520	卖盘
11:16:48	103.35	-0.15	6	62010	卖盘
11:16:42	103.5	--	1	10350	买盘
11:16:12	103.5	-0.09	1	10350	中性盘
11:15:51	103.59	0.1	6	62154	卖盘
11:15:36	103.49	--	1	10349	买盘
11:15:21	103.49	-0.1	9	93141	卖盘
11:15:18	103.59	0.1	2	20718	买盘
11:15:15	103.49	--	3	31047	买盘
11:15:12	103.49	--	20	206980	买盘
11:15:06	103.49	--	3	31047	买盘
11:15:00	103.49	-0.01	2	20698	买盘
11:14:54	103.5	--	3	31050	卖盘
11:14:48	103.5	0.01	29	300150	买盘
11:14:42	103.49	--	23	238027	中性盘
11:14:33	103.49	--	1	10349	买盘
11:14:21	103.49	-0.01	19	196631	卖盘
11:14:15	103.5	0.01	31	320850	买盘
11:14:12	103.49	--	5	51745	卖盘
11:13:54	103.49	--	1	10349	买盘
11:13:39	103.49	0.23	1	10349	买盘
11:13:36	103.26	--	8	82608	卖盘
11:13:18	103.26	-0.1	1	10326	卖盘
11:13:06	103.36	0.12	1	10336	买盘
11:13:00	103.24	-0.01	5	51620	卖盘
11:12:54	103.25	0.01	2	20650	买盘
11:12:48	103.24	--	1	10324	买盘
11:12:45	103.24	--	1	10324	买盘
11:12:42	103.24	--	7	72268	买盘
11:12:18	103.24	-0.01	1	10324	卖盘
11:12:15	103.25	0.07	1	10325	买盘
11:11:57	103.18	--	8	82544	买盘
11:11:48	103.18	0.02	10	103180	买盘
11:11:36	103.16	0.06	2	20632	买盘
11:11:24	103.1	-0.06	1	10310	中性盘
11:11:18	103.16	0.11	1	10316	买盘
11:11:15	103.05	-0.05	9	92745	卖盘
11:11:06	103.1	0.05	1	10310	卖盘
11:11:03	103.05	0.02	3	30915	买盘
11:10:54	103.03	--	7	72121	买盘
11:10:51	103.03	0.02	1	10303	买盘
11:10:42	103.01	--	1	10301	卖盘
11:10:36	103.01	--	8	86425	买盘
11:10:33	103.01	--	3	30903	买盘
11:10:27	103.01	--	6	61806	买盘
11:10:24	103.01	--	12	123612	买盘
11:10:21	103.01	0.01	18	185418	买盘
11:10:18	103.0	-0.01	1	10300	卖盘
11:10:09	103.01	0.01	2	20602	买盘
11:10:06	103.0	--	40	417150	买盘
11:10:03	103.0	--	3	30900	买盘
11:09:57	103.0	--	5	51500	买盘
11:09:54	103.0	-0.03	73	757050	卖盘
11:09:48	103.03	0.02	2	20606	买盘
11:09:36	103.01	0.01	6	61806	中性盘
11:09:27	103.0	-0.02	11	113300	卖盘
11:09:24	103.02	--	6	61812	卖盘
11:09:21	103.02	0.01	2	25755	买盘
11:09:18	103.01	0.01	12	123612	买盘
11:09:12	103.0	--	6	61800	卖盘
11:09:03	103.0	0.01	21	216300	买盘
11:09:00	102.99	-0.01	1	10299	卖盘
11:08:57	103.0	0.01	3	30900	买盘
11:08:51	102.99	-0.01	1	10299	卖盘
11:08:39	103.0	-0.02	113	1163900	卖盘
11:08:36	103.02	--	4	41208	买盘
11:08:24	103.02	0.01	1	10302	买盘
11:08:21	103.01	-0.01	9	97859	卖盘
11:08:18	103.02	--	12	123624	卖盘
11:08:15	103.02	--	5	51510	卖盘
11:08:12	103.02	--	16	164832	卖盘
11:08:09	103.02	--	5	51510	卖盘
11:08:06	103.02	--	4	41208	卖盘
11:08:00	103.02	-0.01	17	175134	卖盘
11:07:57	103.03	-0.03	6	61818	卖盘
11:07:54	103.06	-0.02	1	10306	中性盘
11:07:45	103.08	0.03	1	10308	中性盘
11:07:42	103.05	-0.03	5	51525	卖盘
11:07:27	103.08	-0.09	15	159774	卖盘
11:07:24	103.17	-0.01	5	51585	卖盘
11:07:21	103.18	--	1	10318	卖盘
11:07:09	103.18	-0.01	2	20636	卖盘
11:07:06	103.19	-0.01	2	20638	卖盘
11:07:03	103.2	--	3	30960	买盘
11:06:42	103.2	--	1	10320	买盘
11:06:39	103.2	--	4	41280	卖盘
11:06:36	103.2	-0.02	5	51600	卖盘
11:06:30	103.22	-0.04	8	82576	卖盘
11:06:27	103.26	--	2	20652	卖盘
11:06:24	103.26	--	1	10326	卖盘
11:06:21	103.26	0.04	1	10326	买盘
11:06:18	103.22	-0.04	2	20644	卖盘
11:06:15	103.26	--	1	10326	买盘
11:06:03	103.26	--	1	10326	买盘
11:06:00	103.26	-0.1	2	20652	卖盘
11:05:54	103.36	0.16	1	10336	买盘
11:05:00	103.2	--	5	51600	卖盘
11:04:54	103.2	--	4	41280	卖盘
11:04:39	103.2	0.01	3	30960	中性盘
11:04:18	103.19	-0.01	1	10319	卖盘
11:04:12	103.2	0.01	1	10320	中性盘
11:04:06	103.19	-0.01	5	51595	卖盘
11:04:03	103.2	--	10	103200	买盘
11:03:51	103.2	-0.16	5	51600	卖盘
11:03:27	103.36	--	9	93024	卖盘
11:03:15	103.36	-0.12	2	20672	卖盘
11:03:03	103.48	-0.05	1	10348	卖盘
11:02:45	103.53	0.03	1	10353	买盘
11:02:27	103.5	0.02	2	20700	买盘
11:02:21	103.48	--	3	31044	卖盘
11:02:06	103.48	-0.05	8	82784	卖盘
11:01:39	103.53	-0.17	1	10353	卖盘
11:01:33	103.7	0.2	1	10370	买盘
11:01:30	103.5	-0.2	2	20700	卖盘
11:01:21	103.7	0.17	3	31110	买盘
11:01:15	103.53	-0.17	9	93177	卖盘
11:01:09	103.7	--	1	10370	卖盘
11:01:06	103.7	--	3	31110	卖盘
11:01:00	103.7	--	1	10370	卖盘
11:00:57	103.7	0.17	2	20740	买盘
11:00:54	103.53	--	11	113883	卖盘
11:00:39	103.53	0.03	8	82824	买盘
11:00:21	103.5	--	1	10350	卖盘
11:00:18	103.5	--	1	10350	卖盘
11:00:09	103.5	0.02	8	82800	买盘
11:00:00	103.48	--	2	20696	卖盘
10:59:57	103.48	--	1	10348	卖盘
10:59:45	103.48	--	1	10348	卖盘
10:59:39	103.48	--	1	10348	卖盘
10:59:36	103.48	--	1	10348	卖盘
10:59:27	103.48	0.31	2	20696	买盘
10:59:12	103.17	--	5	51585	买盘
10:59:00	103.17	-0.03	6	61902	买盘
10:58:54	103.2	-0.3	5	51600	卖盘
10:58:45	103.5	0.01	9	93150	买盘
10:58:42	103.49	0.47	1	10349	买盘
10:58:39	103.02	-0.48	10	103020	卖盘
10:58:36	103.5	0.01	4	41400	买盘
10:58:21	103.49	0.48	7	72443	买盘
10:58:18	103.01	0.01	6	61806	中性盘
10:58:09	103.0	-0.5	60	618000	卖盘
10:58:06	103.5	-0.01	3	31050	卖盘
10:58:03	103.51	0.51	2	20702	买盘
10:57:51	103.0	-0.5	200	2060000	卖盘
10:57:45	103.5	-0.1	6	62100	卖盘
10:57:30	103.6	--	8	82880	中性盘
10:57:24	103.6	-0.1	1	10360	卖盘
10:57:21	103.7	0.05	7	72590	买盘
10:57:18	103.65	--	11	114015	卖盘
10:57:15	103.65	-0.05	1	10365	卖盘
10:57:06	103.7	--	2	20740	买盘
10:57:03	103.7	--	3	31110	卖盘
10:57:00	103.7	--	1	10370	卖盘
10:56:57	103.7	--	1	10370	卖盘
10:56:51	103.7	-0.09	7	72590	卖盘
10:56:48	103.79	--	1	10379	买盘
10:56:42	103.79	--	7	72653	卖盘
10:56:36	103.79	--	2	20758	卖盘
10:56:24	103.79	-0.01	3	31137	卖盘
10:56:21	103.8	-0.1	1	10380	中性盘
10:56:09	103.9	0.11	1	10390	买盘
10:56:06	103.79	-0.2	2	20758	中性盘
10:55:27	103.99	--	3	31197	买盘
10:55:24	103.99	0.02	19	197581	买盘
10:55:21	103.97	-0.02	4	41588	卖盘
10:55:15	103.99	--	1	10399	买盘
10:55:09	103.99	-0.02	29	301571	卖盘
10:55:06	104.01	--	8	83208	卖盘
10:54:57	104.01	--	4	41604	卖盘
10:54:51	104.01	--	1	10401	卖盘
10:54:45	104.01	--	5	52005	卖盘
10:54:42	104.01	--	1	10401	卖盘
10:54:33	104.01	-0.04	1	10401	卖盘
10:54:30	104.05	-0.05	1	10405	卖盘
10:54:27	104.1	0.09	3	31230	买盘
10:54:15	104.01	-0.03	1	10401	卖盘
10:54:09	104.04	-0.06	6	62424	卖盘
10:54:00	104.1	-0.11	6	62460	卖盘
10:53:57	104.21	0.1	3	31262	买盘
10:53:48	104.11	--	1	10411	卖盘
10:53:45	104.11	-0.01	6	62466	卖盘
10:53:30	104.12	-0.09	6	62472	卖盘
10:53:24	104.21	--	1	10421	买盘
10:53:12	104.21	-0.1	4	41684	中性盘
10:53:09	104.31	0.2	16	166896	买盘
10:53:06	104.11	-0.2	1	10411	卖盘
10:53:00	104.31	0.01	5	52155	买盘
10:52:57	104.3	-0.01	1	10430	卖盘
10:52:51	104.31	-0.01	4	41724	买盘
10:52:48	104.32	--	12	125183	买盘
10:52:45	104.32	--	6	62591	买盘
10:52:42	104.32	--	3	31295	买盘
10:52:39	104.32	--	13	135616	买盘
10:52:36	104.32	-0.08	6	62591	卖盘
10:52:33	104.4	--	1	10440	中性盘
10:52:27	104.4	--	5	52200	卖盘
10:52:24	104.4	--	24	250560	卖盘
10:52:21	104.4	-0.05	4	41760	卖盘
10:52:18	104.45	0.06	35	365575	买盘
10:52:15	104.39	0.01	10	104390	买盘
10:52:12	104.38	--	2	20876	买盘
10:52:09	104.38	-0.02	20	208760	卖盘
10:52:00	104.4	--	1	10440	买盘
10:51:57	104.4	0.02	14	146160	买盘
10:51:54	104.38	-0.01	1	10438	卖盘
10:51:51	104.39	0.02	5	52195	买盘
10:51:48	104.37	-0.01	5	52185	卖盘
10:51:45	104.38	0.01	17	177446	买盘
10:51:39	104.37	0.07	4	41748	买盘
10:51:36	104.3	--	6	62580	卖盘
10:51:33	104.3	--	2	20860	卖盘
10:51:30	104.3	--	6	62580	中性盘
10:51:27	104.3	0.01	7	73010	中性盘
10:51:24	104.29	--	20	208580	卖盘
10:51:21	104.29	--	8	83432	卖盘
10:51:18	104.29	-0.01	2	20858	中性盘
10:51:12	104.3	0.05	5	52150	买盘
10:51:09	104.25	0.05	2	20850	中性盘
10:51:03	104.2	-0.09	9	93780	卖盘
10:51:00	104.29	0.04	9	93861	买盘
10:50:57	104.25	0.05	3	31275	买盘
10:50:45	104.2	0.09	19	197980	买盘
10:50:42	104.11	0.01	2	20822	中性盘
10:50:33	104.1	-0.03	1	10410	卖盘
10:50:30	104.13	0.03	5	52065	买盘
10:50:24	104.1	0.08	4	41640	买盘
10:50:18	104.02	0.02	12	124824	买盘
10:50:15	104.0	--	1	10400	卖盘
10:50:09	104.0	--	3	31200	买盘
10:50:06	104.0	--	19	197600	买盘
10:50:00	104.0	0.01	15	156000	买盘
10:49:57	103.99	--	3	31197	卖盘
10:49:51	103.99	--	1	10399	卖盘
10:49:48	103.99	0.27	27	280773	买盘
10:49:33	103.72	-0.28	5	51860	卖盘
10:49:15	104.0	0.3	4	41600	买盘
10:49:09	103.7	-0.3	5	51850	卖盘
10:49:00	104.0	--	3	31200	买盘
10:48:57	104.0	--	1	10400	买盘
10:48:51	104.0	0.32	21	218400	买盘
10:48:42	103.68	-0.32	2	20736	卖盘
10:48:39	104.0	--	8	83200	买盘
10:48:30	104.0	0.02	10	104000	买盘
10:48:27	103.98	-0.02	2	20796	买盘
10:48:21	104.0	--	1	10400	买盘
10:48:15	104.0	0.02	3	31200	买盘
10:48:12	103.98	--	1	10398	买盘
10:48:03	103.98	0.33	1	10398	中性盘
10:47:45	103.65	-0.35	22	228030	卖盘
10:47:36	104.0	--	3	31200	买盘
10:47:33	104.0	--	15	156000	买盘
10:47:24	104.0	-0.03	11	114400	卖盘
10:47:21	104.03	0.03	1	10403	买盘
10:47:15	104.0	--	5	52000	卖盘
10:47:12	104.0	--	1	10400	卖盘
10:47:06	104.0	0.4	103	1071200	买盘
10:47:00	103.6	-0.05	2	20720	卖盘
10:46:45	103.65	-0.01	3	31095	卖盘
10:46:39	103.66	-0.02	1	10366	中性盘
10:46:27	103.68	-0.12	4	41472	买盘
10:46:24	103.8	--	10	103800	买盘
10:46:21	103.8	-0.1	1	10380	卖盘
10:46:09	103.9	-0.01	3	31170	买盘
10:46:03	103.91	--	1	10391	卖盘
10:46:00	103.91	--	4	41564	卖盘
10:45:51	103.91	0.3	2	20782	买盘
10:45:48	103.61	-0.19	5	51805	买盘
10:45:45	103.8	0.2	9	93420	买盘
10:45:33	103.6	--	6	62160	买盘
10:45:21	103.6	-0.2	1	10360	中性盘
10:44:57	103.8	-0.18	2	20760	中性盘
10:44:27	103.98	-0.01	2	20796	买盘
10:44:15	103.99	0.59	6	62394	买盘
10:44:12	103.4	--	5	51700	卖盘
10:44:09	103.4	-0.58	1	10340	卖盘
10:44:03	103.98	-0.01	2	20796	中性盘
10:43:54	103.99	--	2	20798	买盘
10:43:51	103.99	-0.01	1	10399	中性盘
10:43:42	104.0	0.6	2	20800	买盘
10:43:39	103.4	-0.59	22	227480	卖盘
10:43:33	103.99	-0.12	70	727930	卖盘
10:43:30	104.11	0.09	45	468495	买盘
10:43:27	104.02	--	5	52010	买盘
10:43:21	104.02	0.02	6	62412	买盘
10:43:18	104.0	--	5	52000	买盘
10:43:15	104.0	--	1	10400	买盘
10:43:12	104.0	-0.05	2	20800	中性盘
10:43:03	104.05	-0.03	25	260125	中性盘
10:43:00	104.08	0.06	6	62448	买盘
10:42:57	104.02	-0.03	2	20804	卖盘
10:42:54	104.05	0.03	5	52025	中性盘
10:42:45	104.02	-0.09	5	52010	卖盘
10:42:42	104.11	0.09	3	31233	买盘
10:42:39	104.02	-0.06	10	104020	卖盘
10:42:36	104.08	--	3	31224	卖盘
10:42:33	104.08	-0.17	5	52040	卖盘
10:42:27	104.25	0.15	48	500400	买盘
10:42:24	104.1	-0.19	3	31230	卖盘
10:42:21	104.29	0.09	15	156435	买盘
10:42:18	104.2	0.09	4	41680	中性盘
10:42:15	104.11	-0.17	1	10411	卖盘
10:42:12	104.28	0.03	3	31284	买盘
10:42:09	104.25	0.15	6	62550	买盘
10:42:06	104.1	-0.15	4	41640	卖盘
10:42:03	104.25	-0.05	8	83400	卖盘
10:42:00	104.3	0.05	12	125160	买盘
10:41:57	104.25	--	2	20850	卖盘
10:41:54	104.25	-0.01	11	114675	卖盘
10:41:51	104.26	0.01	52	542152	中性盘
10:41:48	104.25	0.15	11	114675	中性盘
10:41:45	104.1	0.07	9	93690	中性盘
10:41:39	104.03	-0.27	10	104030	卖盘
10:41:36	104.3	0.25	55	573650	买盘
10:41:33	104.05	-0.25	6	62430	卖盘
10:41:30	104.3	0.25	10	104300	买盘
10:41:27	104.05	-0.25	45	468225	卖盘
10:41:21	104.3	--	7	73010	买盘
10:41:15	104.3	--	17	177310	买盘
10:41:12	104.3	--	218	2273740	卖盘
10:41:09	104.3	--	6	62580	卖盘
10:41:03	104.3	0.32	80	834400	买盘
10:41:00	103.98	-0.02	15	155970	卖盘
10:40:57	104.0	0.01	12	124800	买盘
10:40:54	103.99	--	22	228778	买盘
10:40:51	103.99	--	14	145586	买盘
10:40:48	103.99	--	18	187182	买盘
10:40:45	103.99	--	4	41596	买盘
10:40:42	103.99	0.01	7	72793	买盘
10:40:39	103.98	0.1	1	10398	买盘
10:40:36	103.88	-0.02	15	155820	卖盘
10:40:30	103.9	--	11	114290	买盘
10:40:27	103.9	--	2	20780	买盘
10:40:24	103.9	0.04	14	145460	买盘
10:40:18	103.86	0.06	13	135018	买盘
10:40:12	103.8	0.01	19	197220	买盘
10:40:06	103.79	0.12	1	10379	买盘
10:40:03	103.67	-0.12	1	10367	中性盘
10:40:00	103.79	0.3	109	1131311	买盘
10:39:57	103.49	--	3	31047	买盘
10:39:54	103.49	--	58	600242	买盘
10:39:51	103.49	--	26	269074	卖盘
10:39:48	103.49	-0.16	20	206980	卖盘
10:39:45	103.65	--	1	10365	买盘
10:39:42	103.65	0.02	15	155475	买盘
10:39:39	103.63	0.14	22	227986	买盘
10:39:21	103.49	--	5	51745	卖盘
10:39:18	103.49	0.16	33	341517	买盘
10:39:12	103.33	-0.05	20	206660	卖盘
10:39:03	103.38	0.05	9	93042	买盘
10:38:57	103.33	--	1	10333	卖盘
10:38:51	103.33	--	3	30999	卖盘
10:38:48	103.33	0.05	4	41332	买盘
10:38:45	103.28	-0.02	2	20656	卖盘
10:38:30	103.3	0.02	2	20660	买盘
10:38:24	103.28	0.01	3	30984	中性盘
10:38:12	103.27	-0.11	1	10327	卖盘
10:37:57	103.38	-0.1	1	10338	卖盘
10:37:51	103.48	0.09	3	31044	买盘
10:37:48	103.39	0.01	1	10339	中性盘
10:37:33	103.38	-0.11	2	20676	卖盘
10:37:30	103.49	--	6	62094	买盘
10:37:06	103.49	--	2	20698	买盘
10:37:03	103.49	--	3	31047	买盘
10:37:00	103.49	--	8	82792	买盘
10:36:57	103.49	--	14	144886	买盘
10:36:51	103.49	--	10	103490	买盘
10:36:48	103.49	-0.14	20	206980	卖盘
10:36:45	103.63	0.11	2	20726	买盘
10:36:42	103.52	--	2	20704	卖盘
10:36:36	103.52	0.03	4	41408	卖盘
10:36:30	103.49	--	3	31047	买盘
10:36:27	103.49	--	4	41396	买盘
10:36:24	103.49	--	9	93141	买盘
10:36:21	103.49	--	6	62094	买盘
10:36:18	103.49	-0.11	68	703732	卖盘
10:36:15	103.6	0.11	57	590520	买盘
10:36:12	103.49	-0.03	42	434658	卖盘
10:36:09	103.52	0.01	1	10352	卖盘
10:36:03	103.51	--	2	20702	买盘
10:35:54	103.51	0.01	1	10351	买盘
10:35:51	103.5	--	17	175950	买盘
10:35:45	103.5	--	10	103500	买盘
10:35:36	103.5	0.01	9	93150	买盘
10:35:30	103.49	--	2	20698	买盘
10:35:27	103.49	--	2	20698	买盘
10:35:21	103.49	0.02	3	31047	买盘
10:35:15	103.47	-0.02	3	31041	买盘
10:35:12	103.49	0.11	7	72443	买盘
10:35:00	103.38	--	1	10338	卖盘
10:34:45	103.38	-0.07	5	51690	卖盘
10:34:42	103.45	0.07	5	51725	买盘
10:34:39	103.38	0.1	13	134394	买盘
10:34:30	103.28	--	5	51640	卖盘
10:34:18	103.28	--	17	175576	卖盘
10:34:15	103.28	0.18	3	30984	买盘
10:34:12	103.1	--	3	30930	卖盘
10:34:06	103.1	0.08	2	20620	卖盘
10:34:03	103.02	--	1	10302	买盘
10:34:00	103.02	--	1	10302	卖盘
10:33:45	103.02	-0.16	17	175134	卖盘
10:33:12	103.18	0.16	1	10318	买盘
10:33:09	103.02	0.02	6	61812	卖盘
10:32:33	103.0	--	6	61800	卖盘
10:32:27	103.0	--	1	10300	卖盘
10:32:24	103.0	-0.18	10	103000	卖盘
10:32:21	103.18	0.18	6	61908	买盘
10:32:09	103.0	--	2	20600	买盘
10:32:06	103.0	-0.03	9	92700	卖盘
10:32:00	103.03	--	2	20606	卖盘
10:31:48	103.03	-0.26	18	185454	卖盘
10:31:42	103.29	0.01	1	10329	中性盘
10:31:30	103.28	-0.02	9	92952	卖盘
10:31:24	103.3	--	8	82640	卖盘
10:31:21	103.3	0.01	1	10330	买盘
10:31:09	103.29	--	1	10329	卖盘
10:30:54	103.29	-0.01	48	495792	卖盘
10:30:42	103.3	0.01	1	10330	中性盘
10:30:30	103.29	-0.18	3	30987	卖盘
10:30:18	103.47	0.19	2	20694	买盘
10:29:54	103.28	-0.18	1	10328	卖盘
10:29:51	103.46	--	6	62075	中性盘
10:29:45	103.46	--	5	51730	买盘
10:29:42	103.46	0.18	1	10346	买盘
10:29:36	103.28	-0.18	15	154920	卖盘
10:29:33	103.46	--	3	31037	卖盘
10:29:30	103.46	0.18	1	10346	买盘
10:29:27	103.28	--	1	10328	卖盘
10:29:21	103.28	--	5	51640	卖盘
10:29:12	103.28	--	6	61968	买盘
10:29:00	103.28	--	3	30984	卖盘
10:28:57	103.28	--	1	10328	卖盘
10:28:54	103.28	-0.2	2	20656	卖盘
10:28:48	103.48	0.2	2	20696	买盘
10:28:45	103.28	-0.2	1	10328	卖盘
10:28:39	103.48	0.2	2	20696	买盘
10:28:27	103.28	--	2	20656	卖盘
10:28:21	103.28	0.21	2	20656	买盘
10:28:18	103.07	--	3	30920	买盘
10:28:12	103.07	--	3	30920	卖盘
10:28:09	103.07	--	1	10307	卖盘
10:28:03	103.07	--	1	10307	卖盘
10:27:51	103.07	-0.21	10	103070	卖盘
10:27:33	103.28	--	2	20656	卖盘
10:27:27	103.28	--	2	20656	卖盘
10:27:21	103.28	-0.22	5	51640	卖盘
10:27:18	103.5	0.02	1	10350	买盘
10:27:09	103.48	-0.02	1	10348	卖盘
10:27:06	103.5	--	1	10350	买盘
10:27:03	103.5	-0.01	3	31050	卖盘
10:26:54	103.51	0.01	4	41404	买盘
10:26:51	103.5	-0.16	6	62100	卖盘
10:26:48	103.66	--	2	20732	买盘
10:26:45	103.66	--	1	10366	买盘
10:26:42	103.66	0.06	54	559764	买盘
10:26:39	103.6	--	8	82880	买盘
10:26:36	103.6	-0.06	33	341880	卖盘
10:26:33	103.66	--	16	165856	卖盘
10:26:30	103.66	--	2	20732	卖盘
10:26:27	103.66	--	14	145124	卖盘
10:26:24	103.66	--	1	10366	卖盘
10:26:21	103.66	-0.01	2	20732	卖盘
10:26:18	103.67	--	13	134771	买盘
10:26:12	103.67	0.05	8	82936	买盘
10:26:09	103.62	0.01	2	20724	中性盘
10:26:00	103.61	-0.05	5	51805	卖盘
10:25:57	103.66	-0.04	11	114026	中性盘
10:25:54	103.7	0.01	7	72590	买盘
10:25:51	103.69	0.02	49	508081	买盘
10:25:48	103.67	--	1	10367	买盘
10:25:45	103.67	--	8	82936	卖盘
10:25:42	103.67	--	2	20734	卖盘
10:25:39	103.67	0.02	1	10367	卖盘
10:25:33	103.65	-0.02	10	103650	卖盘
10:25:30	103.67	--	4	41468	卖盘
10:25:27	103.67	--	20	207340	买盘
10:25:24	103.67	--	3	31101	买盘
10:25:21	103.67	--	3	31101	买盘
10:25:18	103.67	--	4	41468	买盘
10:25:15	103.67	-0.02	18	186606	中性盘
10:25:12	103.69	0.04	6	62214	买盘
10:25:09	103.65	-0.03	7	72555	卖盘
10:25:06	103.68	0.03	20	207360	买盘
10:25:03	103.65	-0.03	5	51825	卖盘
10:25:00	103.68	0.04	21	217728	买盘
10:24:57	103.64	-0.03	1	10364	中性盘
10:24:51	103.67	--	5	51835	买盘
10:24:48	103.67	0.07	33	342111	买盘
10:24:45	103.6	--	9	93240	中性盘
10:24:42	103.6	-0.01	5	51800	中性盘
10:24:39	103.61	--	20	207220	买盘
10:24:36	103.61	0.02	8	82888	买盘
10:24:33	103.59	-0.08	13	134667	卖盘
10:24:30	103.67	0.08	9	93303	买盘
10:24:24	103.59	--	2	20718	买盘
10:24:21	103.59	-0.07	1	10359	买盘
10:24:12	103.66	0.06	14	145124	买盘
10:24:09	103.6	--	2	20720	买盘
10:24:03	103.6	0.09	10	103600	买盘
10:24:00	103.51	--	1	10351	卖盘
10:23:57	103.51	0.01	2	20702	买盘
10:23:51	103.5	--	8	82800	卖盘
10:23:48	103.5	--	1	10350	买盘
10:23:45	103.5	--	43	445050	买盘
10:23:39	103.5	0.02	18	186300	买盘
10:23:36	103.48	-0.02	15	155220	卖盘
10:23:33	103.5	--	26	269100	买盘
10:23:30	103.5	--	14	144900	买盘
10:23:27	103.5	--	8	82800	买盘
10:23:24	103.5	0.02	2	20700	买盘
10:23:21	103.48	-0.02	2	20696	卖盘
10:23:12	103.5	0.07	6	62100	买盘
10:23:06	103.43	--	1	10343	卖盘
10:23:00	103.43	-0.03	1	10343	卖盘
10:22:57	103.46	0.03	10	103460	买盘
10:22:48	103.43	0.03	10	103430	买盘
10:22:45	103.4	--	3	31020	卖盘
10:22:42	103.4	0.05	44	454960	买盘
10:22:39	103.35	-0.02	1	10335	买盘
10:22:36	103.37	0.02	31	320447	买盘
10:22:33	103.35	--	1	10335	卖盘
10:22:30	103.35	-0.02	7	72345	卖盘
10:22:27	103.37	--	3	31011	买盘
10:22:18	103.37	--	4	41348	买盘
10:22:12	103.37	--	6	62022	买盘
10:22:09	103.37	--	8	82696	卖盘
10:22:03	103.37	--	10	103370	卖盘
10:22:00	103.37	--	12	124044	卖盘
10:21:54	103.37	--	11	113707	卖盘
10:21:51	103.37	0.37	40	413480	买盘
10:21:42	103.0	--	1	10300	卖盘
10:21:36	103.0	--	15	154500	卖盘
10:21:33	103.0	-0.37	15	154500	卖盘
10:21:30	103.37	--	1	10337	买盘
10:21:27	103.37	0.37	50	516850	买盘
10:21:24	103.0	-0.02	30	309000	卖盘
10:21:18	103.02	0.02	15	154530	中性盘
10:21:09	103.0	--	30	309000	卖盘
10:21:06	103.0	-0.36	15	154500	中性盘
10:20:54	103.36	0.46	20	206720	买盘
10:20:48	102.9	-0.1	2	20580	卖盘
10:20:42	103.0	--	5	51500	买盘
10:20:39	103.0	--	6	61800	买盘
10:20:36	103.0	--	5	51500	买盘
10:20:30	103.0	-0.3	1	10300	买盘
10:20:27	103.3	0.3	1	10330	中性盘
10:20:24	103.0	--	75	772500	买盘
10:20:21	103.0	--	6	61800	卖盘
10:20:18	103.0	-0.35	8	82400	卖盘
10:20:15	103.35	-0.01	3	31005	中性盘
10:20:12	103.36	--	5	51680	买盘
10:20:09	103.36	--	71	733856	买盘
10:20:06	103.36	--	2	20672	买盘
10:20:03	103.36	-0.04	1	10336	买盘
10:20:00	103.4	0.04	167	1726780	买盘
10:19:57	103.36	--	31	320416	卖盘
10:19:51	103.36	--	3	31008	卖盘
10:19:48	103.36	0.01	44	454784	买盘
10:19:45	103.35	0.05	2	20670	中性盘
10:19:36	103.3	-0.04	18	185940	卖盘
10:19:33	103.34	0.33	11	113674	买盘
10:19:30	103.01	-0.29	1	10301	中性盘
10:19:24	103.3	0.3	7	72310	买盘
10:19:12	103.0	--	1	10300	卖盘
10:19:09	103.0	0.12	31	319300	买盘
10:19:06	102.88	--	8	82304	买盘
10:19:03	102.88	0.05	7	72016	卖盘
10:18:54	102.83	-0.37	2	20566	卖盘
10:18:51	103.2	0.2	2	20640	买盘
10:18:45	103.0	0.12	2	20600	买盘
10:18:42	102.88	--	1	10288	买盘
10:18:39	102.88	--	1	10288	买盘
10:18:33	102.88	--	2	20576	买盘
10:18:30	102.88	-0.12	7	72016	中性盘
10:18:00	103.0	--	6	61800	买盘
10:17:54	103.0	--	1	10300	买盘
10:17:51	103.0	--	1	10300	买盘
10:17:48	103.0	--	8	82400	买盘
10:17:45	103.0	--	3	30900	买盘
10:17:42	103.0	--	32	329600	买盘
10:17:39	103.0	-0.37	66	679800	卖盘
10:17:36	103.37	--	2	20674	买盘
10:17:33	103.37	0.17	3	31011	买盘
10:17:30	103.2	-0.17	12	123840	卖盘
10:17:27	103.37	0.17	20	206740	买盘
10:17:24	103.2	-0.17	24	247680	卖盘
10:17:21	103.37	-0.03	8	82696	卖盘
10:17:18	103.4	0.01	1	10340	买盘
10:17:15	103.39	0.02	6	62034	买盘
10:17:12	103.37	0.32	4	41348	买盘
10:17:03	103.05	-0.02	10	103050	卖盘
10:17:00	103.07	-0.13	24	247367	卖盘
10:16:57	103.2	0.15	2	20640	买盘
10:16:51	103.05	--	11	113355	买盘
10:16:48	103.05	0.05	25	257625	买盘
10:16:45	103.0	--	1	10300	卖盘
10:16:33	103.0	0.14	49	504700	买盘
10:16:30	102.86	0.01	5	51430	卖盘
10:16:27	102.85	0.15	3	30855	中性盘
10:16:09	102.7	-0.16	2	20540	卖盘
10:16:06	102.86	--	3	30858	买盘
10:16:03	102.86	0.06	1	10286	买盘
10:15:57	102.8	--	2	20560	卖盘
10:15:51	102.8	-0.06	2	20560	买盘
10:15:45	102.86	0.2	1	10286	买盘
10:15:36	102.66	-0.2	13	133458	卖盘
10:15:30	102.86	--	5	51430	卖盘
10:15:27	102.86	-0.04	5	51430	卖盘
10:15:21	102.9	--	5	51450	买盘
10:15:18	102.9	--	9	92610	买盘
10:15:15	102.9	0.04	1	10290	买盘
10:15:12	102.86	-0.04	1	10286	中性盘
10:15:06	102.9	0.04	10	102900	买盘
10:14:54	102.86	0.2	5	51430	买盘
10:14:51	102.66	--	2	20532	卖盘
10:14:48	102.66	-0.19	2	20532	卖盘
10:14:42	102.85	0.2	1	10285	买盘
10:14:39	102.65	--	5	51325	卖盘
10:14:36	102.65	--	1	10265	卖盘
10:14:33	102.65	-0.01	11	112915	卖盘
10:14:30	102.66	0.01	20	205320	卖盘
10:14:24	102.65	-0.01	4	41060	卖盘
10:14:21	102.66	0.01	1	10266	买盘
10:14:15	102.65	--	15	153975	卖盘
10:14:03	102.65	0.05	66	677490	买盘
10:14:00	102.6	-0.04	1	10260	卖盘
10:13:57	102.64	0.04	6	61584	买盘
10:13:54	102.6	-0.01	2	20520	卖盘
10:13:51	102.61	-0.04	4	41044	卖盘
10:13:42	102.65	-0.01	5	51325	卖盘
10:13:39	102.66	0.01	2	20532	买盘
10:13:30	102.65	0.04	6	61590	中性盘
10:13:24	102.61	-0.04	6	61566	卖盘
10:13:21	102.65	--	5	51325	卖盘
10:13:18	102.65	0.04	3	30795	买盘
10:13:15	102.61	-0.04	1	10261	卖盘
10:13:09	102.65	0.15	6	61590	买盘
10:12:51	102.5	--	32	328000	买盘
10:12:45	102.5	--	2	20500	买盘
10:12:36	102.5	0.13	1	10250	买盘
10:12:30	102.37	0.01	4	40948	中性盘
10:12:27	102.36	-0.14	4	40944	卖盘
10:12:12	102.5	--	3	30750	卖盘
10:12:09	102.5	0.14	2	20500	买盘
10:12:06	102.36	-0.14	2	20472	中性盘
10:12:00	102.5	0.2	3	30750	买盘
10:11:54	102.3	-0.02	15	153450	卖盘
10:11:51	102.32	-0.03	5	51160	卖盘
10:11:45	102.35	0.03	1	10235	买盘
10:11:42	102.32	-0.03	1	10232	卖盘
10:11:36	102.35	--	1	10235	买盘
10:11:33	102.35	-0.06	13	133055	卖盘
10:11:30	102.41	0.05	1	10241	买盘
10:11:27	102.36	-0.05	2	20472	卖盘
10:11:21	102.41	0.09	1	10241	买盘
10:11:18	102.32	-0.07	10	102320	卖盘
10:11:09	102.39	0.04	1	10239	买盘
10:11:03	102.35	--	1	10235	卖盘
10:11:00	102.35	--	3	30705	中性盘
10:10:51	102.35	--	6	61410	买盘
10:10:33	102.35	-0.04	4	40940	卖盘
10:10:30	102.39	0.04	19	194541	买盘
10:10:24	102.35	-0.03	3	30705	卖盘
10:10:18	102.38	--	2	20476	买盘
10:10:15	102.38	-0.01	2	20476	中性盘
10:10:03	102.39	0.01	13	133107	买盘
10:10:00	102.38	--	3	30714	买盘
10:09:54	102.38	-0.01	2	20476	卖盘
10:09:48	102.39	0.01	3	30717	买盘
10:09:45	102.38	-0.01	5	51190	中性盘
10:09:24	102.39	0.04	11	112629	买盘
10:09:21	102.35	-0.04	1	10235	卖盘
10:09:18	102.39	0.04	1	10239	买盘
10:09:12	102.35	-0.03	1	10235	卖盘
10:09:09	102.38	--	9	92142	买盘
10:09:06	102.38	--	5	51190	买盘
10:09:03	102.38	-0.01	38	389044	卖盘
10:09:00	102.39	0.01	6	61434	买盘
10:08:57	102.38	--	7	71666	卖盘
10:08:42	102.38	-0.01	5	51190	卖盘
10:08:39	102.39	-0.02	4	40956	卖盘
10:08:33	102.41	0.02	10	102410	买盘
10:08:27	102.39	-0.01	5	51195	卖盘
10:08:24	102.4	--	3	30720	买盘
10:08:18	102.4	--	2	20480	卖盘
10:08:15	102.4	-0.01	2	20480	卖盘
10:08:12	102.41	--	1	10241	中性盘
10:08:00	102.41	-0.09	1	10241	卖盘
10:07:54	102.5	-0.03	4	41000	卖盘
10:07:48	102.53	-0.07	9	92277	卖盘
10:07:45	102.6	--	1	10260	买盘
10:07:39	102.6	--	1	10260	卖盘
10:07:27	102.6	--	8	82080	卖盘
10:07:21	102.6	-0.06	3	30780	卖盘
10:07:09	102.66	--	6	61596	卖盘
10:06:57	102.66	--	2	20532	卖盘
10:06:51	102.66	--	3	30798	卖盘
10:06:48	102.66	-0.02	1	10266	卖盘
10:06:45	102.68	0.02	3	30804	中性盘
10:06:27	102.66	-0.02	4	41064	卖盘
10:06:15	102.68	-0.16	12	123216	中性盘
10:06:09	102.84	0.18	2	20568	买盘
10:06:06	102.66	-0.2	1	10266	卖盘
10:06:00	102.86	--	18	185148	卖盘
10:05:51	102.86	0.26	3	30858	买盘
10:05:45	102.6	-0.02	2	20520	卖盘
10:05:42	102.62	--	10	102620	卖盘
10:05:33	102.62	0.02	3	30786	买盘
10:05:27	102.6	--	9	92340	卖盘
10:05:24	102.6	--	2	20520	卖盘
10:05:18	102.6	0.02	21	215460	买盘
10:05:09	102.58	--	2	20516	卖盘
10:05:06	102.58	--	10	102580	卖盘
10:05:03	102.58	--	13	133354	买盘
10:04:54	102.58	--	3	30774	买盘
10:04:36	102.58	-0.04	46	471868	卖盘
10:04:33	102.62	0.02	1	10262	中性盘
10:04:30	102.6	-0.05	1	10260	卖盘
10:04:21	102.65	--	1	10265	买盘
10:04:18	102.65	0.07	1	10265	买盘
10:04:15	102.58	-0.07	1	10258	卖盘
10:04:06	102.65	--	1	10265	买盘
10:04:03	102.65	-0.01	12	123180	卖盘
10:03:51	102.66	-0.21	1	10266	卖盘
10:03:48	102.87	--	1	10287	买盘
10:03:21	102.87	-0.01	3	30861	卖盘
10:03:15	102.88	--	1	10288	买盘
10:03:09	102.88	0.01	3	30864	买盘
10:03:00	102.87	--	5	51435	中性盘
10:02:36	102.87	0.29	7	72009	买盘
10:02:21	102.58	--	1	10258	买盘
10:02:18	102.58	0.05	2	20516	买盘
10:02:15	102.53	-0.05	2	20506	卖盘
10:02:12	102.58	--	10	102580	买盘
10:02:09	102.58	--	12	123096	买盘
10:02:03	102.58	0.05	1	10258	买盘
10:02:00	102.53	0.03	8	82024	卖盘
10:01:57	102.5	0.12	3	30750	买盘
10:01:42	102.38	0.18	37	378806	买盘
10:01:39	102.2	-0.15	28	286160	卖盘
10:01:27	102.35	-0.53	4	40940	卖盘
10:01:24	102.88	0.58	3	30864	买盘
10:01:18	102.3	-0.03	29	296670	卖盘
10:01:06	102.33	-0.08	20	204660	卖盘
10:00:54	102.41	-0.19	18	189970	卖盘
10:00:48	102.6	0.1	1	10260	中性盘
10:00:42	102.5	--	20	205000	卖盘
10:00:30	102.5	-0.1	4	41000	卖盘
10:00:27	102.6	-0.28	27	281637	卖盘
10:00:24	102.88	-0.02	3	30864	中性盘
10:00:18	102.9	0.02	1	10290	买盘
10:00:15	102.88	--	3	30864	卖盘
10:00:12	102.88	-0.02	2	20576	卖盘
10:00:06	102.9	--	4	41160	买盘
10:00:03	102.9	--	10	102900	买盘
10:00:00	102.9	-0.08	13	133770	卖盘
09:59:51	102.98	0.08	1	10298	买盘
09:59:45	102.9	0.02	10	102900	买盘
09:59:42	102.88	--	4	41152	卖盘
09:59:39	102.88	--	6	61728	卖盘
09:59:36	102.88	--	1	10288	卖盘
09:59:30	102.88	--	2	20576	卖盘
09:59:24	102.88	0.28	30	308640	买盘
09:59:12	102.6	-0.21	17	174420	卖盘
09:59:03	102.81	0.18	3	30843	买盘
09:59:00	102.63	--	2	20526	卖盘
09:58:54	102.63	0.03	1	10263	买盘
09:58:51	102.6	0.08	64	662283	买盘
09:58:48	102.52	-0.08	4	45621	卖盘
09:58:45	102.6	--	38	389880	买盘
09:58:42	102.6	--	16	164160	买盘
09:58:33	102.6	0.07	17	174420	买盘
09:58:27	102.53	-0.07	1	10253	卖盘
09:58:15	102.6	--	2	20520	买盘
09:58:12	102.6	-0.03	43	441180	卖盘
09:58:06	102.63	--	2	20526	卖盘
09:58:00	102.63	--	1	10263	卖盘
09:57:51	102.63	-0.01	5	51315	卖盘
09:57:48	102.64	-0.17	1	10264	卖盘
09:57:45	102.81	-0.03	2	20562	中性盘
09:57:39	102.84	--	1	10284	买盘
09:57:36	102.84	-0.04	17	174828	卖盘
09:57:30	102.88	--	5	51440	买盘
09:57:24	102.88	--	6	61728	买盘
09:57:21	102.88	--	2	20576	卖盘
09:57:18	102.88	--	2	20576	卖盘
09:57:03	102.88	0.04	6	61728	买盘
09:57:00	102.84	--	3	30852	卖盘
09:56:51	102.84	-0.06	2	20568	卖盘
09:56:45	102.9	0.28	2	20580	买盘
09:56:27	102.62	-0.22	2	20524	卖盘
09:56:18	102.84	0.22	3	30852	买盘
09:56:12	102.62	--	15	153930	卖盘
09:55:27	102.62	-0.28	43	441266	卖盘
09:55:24	102.9	0.27	6	61740	中性盘
09:55:15	102.63	-0.36	22	225786	卖盘
09:55:12	102.99	0.09	8	82392	买盘
09:54:48	102.9	0.25	1	10290	买盘
09:54:45	102.65	-0.26	1	10265	中性盘
09:54:39	102.91	--	1	10291	买盘
09:54:36	102.91	-0.06	1	10291	中性盘
09:54:18	102.97	0.36	1	10297	中性盘
09:54:12	102.61	-0.36	2	20522	中性盘
09:54:00	102.97	0.37	11	113267	买盘
09:53:57	102.6	--	3	30780	中性盘
09:53:30	102.6	-0.28	3	30780	卖盘
09:53:27	102.88	0.36	2	20576	买盘
09:53:21	102.52	-0.06	8	87654	卖盘
09:53:18	102.58	0.03	1	10258	买盘
09:53:09	102.55	0.03	5	51275	买盘
09:53:06	102.52	-0.03	1	10252	中性盘
09:53:03	102.55	0.03	2	20510	买盘
09:53:00	102.52	-0.03	2	20504	卖盘
09:52:57	102.55	--	3	30765	买盘
09:52:54	102.55	-0.03	2	20510	中性盘
09:52:45	102.58	--	3	30774	买盘
09:52:36	102.58	0.07	1	10258	买盘
09:52:33	102.51	-0.07	6	61506	卖盘
09:52:24	102.58	0.07	1	10258	中性盘
09:52:21	102.51	-0.11	20	205020	卖盘
09:52:15	102.62	--	3	30786	中性盘
09:52:09	102.62	0.03	15	153930	买盘
09:52:06	102.59	-0.03	2	20518	中性盘
09:52:03	102.62	--	20	205240	买盘
09:52:00	102.62	--	10	102620	买盘
09:51:54	102.62	0.03	6	66189	买盘
09:51:51	102.59	--	4	41036	卖盘
09:51:45	102.59	-0.03	1	10259	卖盘
09:51:42	102.62	--	3	30786	买盘
09:51:39	102.62	--	5	51310	买盘
09:51:33	102.62	--	3	30786	买盘
09:51:24	102.62	0.11	40	410480	买盘
09:51:18	102.51	--	1	10251	买盘
09:51:15	102.51	0.01	4	41004	卖盘
09:51:06	102.5	--	5	51250	卖盘
09:51:03	102.5	-0.12	4	41000	卖盘
09:51:00	102.62	0.02	1	10262	买盘
09:50:57	102.6	0.09	1	10260	买盘
09:50:54	102.51	0.01	2	20502	卖盘
09:50:48	102.5	-0.1	1	10250	卖盘
09:50:42	102.6	0.1	5	51300	买盘
09:50:39	102.5	--	1	10250	卖盘
09:50:30	102.5	0.2	16	164000	买盘
09:50:18	102.3	-0.1	1	10230	卖盘
09:50:15	102.4	0.1	13	133120	买盘
09:50:12	102.3	--	5	51150	买盘
09:50:09	102.3	--	2	20460	买盘
09:50:06	102.3	0.02	5	51150	买盘
09:50:03	102.28	-0.02	1	10228	卖盘
09:50:00	102.3	-0.03	1	10230	买盘
09:49:57	102.33	0.03	20	204660	买盘
09:49:54	102.3	-0.01	6	61380	卖盘
09:49:48	102.31	-0.02	8	81848	卖盘
09:49:42	102.33	-0.01	2	20466	买盘
09:49:39	102.34	-0.06	1	10234	卖盘
09:49:24	102.4	--	3	30720	买盘
09:49:21	102.4	-0.1	3	30720	卖盘
09:49:18	102.5	--	1	10250	买盘
09:49:09	102.5	--	1	10250	买盘
09:49:06	102.5	--	4	41000	卖盘
09:49:03	102.5	--	21	215250	卖盘
09:48:57	102.5	--	3	30750	卖盘
09:48:54	102.5	--	3	30750	卖盘
09:48:51	102.5	-0.01	10	102500	卖盘
09:48:48	102.51	0.01	2	20502	买盘
09:48:45	102.5	-0.01	3	30750	卖盘
09:48:42	102.51	0.01	2	20502	中性盘
09:48:36	102.5	--	30	307500	卖盘
09:48:33	102.5	-0.05	5	51250	卖盘
09:48:30	102.55	--	6	61530	买盘
09:48:24	102.55	0.05	3	30765	买盘
09:48:21	102.5	--	4	41000	卖盘
09:48:18	102.5	-0.01	7	71750	卖盘
09:48:12	102.51	-0.04	9	92259	卖盘
09:48:09	102.55	-0.05	4	41020	卖盘
09:48:03	102.6	--	1	10260	买盘
09:48:00	102.6	--	4	41040	买盘
09:47:57	102.6	--	5	51300	卖盘
09:47:45	102.6	--	12	123120	卖盘
09:47:42	102.6	-0.02	2	20520	卖盘
09:47:39	102.62	--	3	30786	买盘
09:47:36	102.62	-0.08	8	82096	卖盘
09:47:33	102.7	0.08	3	30810	买盘
09:47:24	102.62	--	2	20524	卖盘
09:47:15	102.62	-0.08	3	30786	卖盘
09:47:12	102.7	--	1	10270	买盘
09:47:09	102.7	--	1	10270	买盘
09:47:06	102.7	-0.1	1	10270	卖盘
09:47:03	102.8	-0.19	2	20560	卖盘
09:47:00	102.99	0.13	27	278073	买盘
09:46:54	102.86	-0.13	1	10286	卖盘
09:46:39	102.99	--	5	51495	买盘
09:46:36	102.99	-0.06	23	236877	卖盘
09:46:30	103.05	--	8	82440	买盘
09:46:27	103.05	0.05	3	30915	买盘
09:46:21	103.0	-0.02	2	20600	买盘
09:46:18	103.02	--	1	10302	卖盘
09:46:15	103.02	--	75	772650	卖盘
09:46:00	103.02	-0.04	2	20604	卖盘
09:45:57	103.06	--	2	20612	买盘
09:45:54	103.06	0.05	15	154590	买盘
09:45:51	103.01	--	10	103010	卖盘
09:45:48	103.01	-0.04	1	10301	卖盘
09:45:45	103.05	0.01	10	103050	买盘
09:45:42	103.04	-0.02	1	10304	中性盘
09:45:33	103.06	0.05	21	216426	买盘
09:45:30	103.01	0.02	2	20602	买盘
09:45:27	102.99	--	4	41196	卖盘
09:45:21	102.99	--	2	20598	卖盘
09:45:09	102.99	--	1	10299	卖盘
09:45:03	102.99	--	1	10299	买盘
09:44:54	102.99	0.22	1	10299	买盘
09:44:48	102.77	-0.28	1	10277	中性盘
09:44:45	103.05	0.54	12	123660	买盘
09:44:42	102.51	-0.55	6	61506	卖盘
09:44:30	103.06	0.07	55	566830	买盘
09:44:24	102.99	-0.07	1	10299	中性盘
09:44:12	103.06	--	1	10306	买盘
09:44:09	103.06	0.01	11	113366	买盘
09:44:00	103.05	-0.35	3	30915	卖盘
09:43:57	103.4	0.33	104	1075360	买盘
09:43:54	103.07	0.01	1	10307	卖盘
09:43:51	103.06	--	32	329792	买盘
09:43:48	103.06	--	2	20612	买盘
09:43:45	103.06	-0.14	29	298874	卖盘
09:43:42	103.2	--	1	10320	买盘
09:43:36	103.2	0.14	1	10320	中性盘
09:43:24	103.06	-0.14	2	20612	卖盘
09:43:21	103.2	-0.2	1	10320	中性盘
09:43:12	103.4	-0.03	16	165440	中性盘
09:43:06	103.43	--	1	10343	买盘
09:43:03	103.43	--	106	1096358	买盘
09:43:00	103.43	--	3	31029	买盘
09:42:57	103.43	-0.07	2	20686	卖盘
09:42:54	103.5	0.07	5	51750	买盘
09:42:51	103.43	--	25	258575	卖盘
09:42:48	103.43	-0.05	1	10343	卖盘
09:42:42	103.48	-0.02	6	62088	中性盘
09:42:36	103.5	--	20	207000	买盘
09:42:33	103.5	--	24	248400	买盘
09:42:30	103.5	--	35	362250	买盘
09:42:24	103.5	0.01	43	445050	买盘
09:42:21	103.49	-0.01	8	82792	卖盘
09:42:15	103.5	--	25	258750	买盘
09:42:12	103.5	--	1	10350	买盘
09:42:09	103.5	--	10	103500	买盘
09:42:06	103.5	--	27	279450	卖盘
09:42:03	103.5	-0.02	8	82800	卖盘
09:42:00	103.52	--	3	31056	卖盘
09:41:57	103.52	0.02	6	62112	买盘
09:41:54	103.5	0.01	1	10350	卖盘
09:41:51	103.49	-0.01	5	51745	买盘
09:41:48	103.5	--	5	51750	卖盘
09:41:45	103.5	--	3	31050	卖盘
09:41:42	103.5	0.08	12	124200	买盘
09:41:39	103.42	-0.08	5	51710	卖盘
09:41:36	103.5	0.01	23	238050	买盘
09:41:27	103.49	0.32	3	31047	买盘
09:41:24	103.17	-0.32	9	92853	卖盘
09:41:21	103.49	0.19	1	10349	买盘
09:41:15	103.3	-0.2	12	123960	卖盘
09:41:09	103.5	0.3	6	62100	买盘
09:41:06	103.2	-0.09	5	51600	卖盘
09:41:03	103.29	--	35	361515	中性盘
09:40:57	103.29	-0.21	2	20658	中性盘
09:40:42	103.5	0.5	10	103500	买盘
09:40:39	103.0	--	3	30900	卖盘
09:40:30	103.0	--	1	10300	买盘
09:40:27	103.0	--	1	10300	买盘
09:40:24	103.0	--	8	82400	买盘
09:40:18	103.0	0.01	6	61800	买盘
09:40:15	102.99	0.04	1	10299	买盘
09:40:00	102.95	0.05	8	82360	买盘
09:39:57	102.9	--	14	144060	卖盘
09:39:54	102.9	0.1	2	20580	买盘
09:39:48	102.8	--	4	41120	买盘
09:39:39	102.8	0.16	7	71960	买盘
09:39:36	102.64	--	3	30792	买盘
09:39:33	102.64	0.02	1	10264	买盘
09:39:30	102.62	0.12	2	20524	卖盘
09:39:24	102.5	-0.12	3	30750	中性盘
09:39:15	102.62	0.12	5	51310	买盘
09:39:06	102.5	--	2	20500	卖盘
09:39:03	102.5	0.1	1	10250	买盘
09:39:00	102.4	0.01	5	51200	卖盘
09:38:57	102.39	-0.01	1	10239	卖盘
09:38:54	102.4	--	1	10240	买盘
09:38:51	102.4	--	2	20480	买盘
09:38:48	102.4	0.1	10	102400	买盘
09:38:39	102.3	-0.08	13	132990	中性盘
09:38:33	102.38	--	3	30714	买盘
09:38:30	102.38	0.25	46	470948	买盘
09:38:27	102.13	--	3	30639	卖盘
09:38:24	102.13	0.03	1	10213	中性盘
09:38:12	102.1	0.07	3	30630	买盘
09:38:06	102.03	-0.04	7	71421	卖盘
09:38:03	102.07	0.04	11	112276	买盘
09:38:00	102.03	--	4	40812	卖盘
09:37:54	102.03	--	5	51015	卖盘
09:37:48	102.03	0.01	2	20406	中性盘
09:37:45	102.02	--	13	132626	卖盘
09:37:42	102.02	-0.01	4	40808	卖盘
09:37:39	102.03	0.03	3	30609	买盘
09:37:36	102.0	--	21	214200	买盘
09:37:33	102.0	-0.03	2	20400	卖盘
09:37:30	102.03	0.01	10	102030	买盘
09:37:27	102.02	-0.01	1	10202	卖盘
09:37:24	102.03	--	6	61218	买盘
09:37:21	102.03	--	6	61218	买盘
09:37:18	102.03	0.03	6	61218	买盘
09:37:15	102.0	--	35	357000	卖盘
09:37:12	102.0	-0.01	43	438600	卖盘
09:37:09	102.01	-0.02	24	244824	中性盘
09:37:06	102.03	--	46	469338	买盘
09:37:03	102.03	0.03	12	122436	买盘
09:36:57	102.0	-0.06	20	204000	卖盘
09:36:51	102.06	-0.01	5	51030	买盘
09:36:48	102.07	-0.03	1	10207	卖盘
09:36:45	102.1	0.08	97	990370	买盘
09:36:42	102.02	-0.04	53	540706	卖盘
09:36:39	102.06	-0.14	1	10206	卖盘
09:36:36	102.2	--	4	40880	买盘
09:36:33	102.2	0.14	7	71540	买盘
09:36:30	102.06	-0.04	1	10206	卖盘
09:36:27	102.1	-0.2	17	173570	卖盘
09:36:24	102.3	--	2	20460	买盘
09:36:18	102.3	--	1	10230	买盘
09:36:15	102.3	-0.07	49	501270	卖盘
09:36:12	102.37	-0.01	11	112607	卖盘
09:36:06	102.38	--	2	20476	买盘
09:36:03	102.38	0.02	7	71666	买盘
09:36:00	102.36	-0.03	13	133068	卖盘
09:35:57	102.39	--	1	10239	卖盘
09:35:54	102.39	--	7	71673	卖盘
09:35:51	102.39	0.01	6	61434	买盘
09:35:48	102.38	--	2	20476	买盘
09:35:45	102.38	-0.01	1	10238	卖盘
09:35:42	102.39	0.01	10	102390	买盘
09:35:39	102.38	--	8	81904	卖盘
09:35:36	102.38	0.02	2	20476	卖盘
09:35:33	102.36	-0.01	20	204720	卖盘
09:35:30	102.37	0.01	2	20474	中性盘
09:35:27	102.36	-0.04	1	10236	卖盘
09:35:24	102.4	0.04	34	348160	买盘
09:35:21	102.36	-0.02	9	92124	卖盘
09:35:18	102.38	-0.02	3	30714	卖盘
09:35:15	102.4	--	6	61440	买盘
09:35:12	102.4	--	1	10240	买盘
09:35:09	102.4	--	1	10240	买盘
09:35:06	102.4	--	22	225280	卖盘
09:35:03	102.4	--	5	51200	卖盘
09:34:57	102.4	-0.09	7	71680	卖盘
09:34:54	102.49	0.09	1	10249	买盘
09:34:51	102.4	-0.09	10	102400	卖盘
09:34:48	102.49	-0.01	1	10249	买盘
09:34:45	102.5	0.01	5	51250	买盘
09:34:42	102.49	--	1	10249	卖盘
09:34:39	102.49	-0.01	2	20498	卖盘
09:34:36	102.5	--	2	20500	买盘
09:34:33	102.5	--	1	10250	买盘
09:34:30	102.5	-0.09	56	574000	卖盘
09:34:21	102.59	-0.06	2	20518	卖盘
09:34:15	102.65	--	4	41060	买盘
09:34:12	102.65	--	50	513250	买盘
09:34:09	102.65	-0.01	10	102650	卖盘
09:34:03	102.66	0.01	1	10266	买盘
09:34:00	102.65	0.05	24	246360	卖盘
09:33:57	102.6	-0.06	7	71820	中性盘
09:33:51	102.66	--	6	61596	买盘
09:33:48	102.66	--	15	153990	买盘
09:33:45	102.66	0.01	7	71862	买盘
09:33:42	102.65	--	3	30795	卖盘
09:33:39	102.65	-0.01	15	153975	卖盘
09:33:36	102.66	--	6	61596	买盘
09:33:33	102.66	0.01	6	61596	买盘
09:33:30	102.65	--	3	30795	卖盘
09:33:27	102.65	-0.01	9	92385	卖盘
09:33:24	102.66	-0.03	30	307980	卖盘
09:33:21	102.69	0.19	1	10269	买盘
09:33:12	102.5	-0.15	30	307500	卖盘
09:33:09	102.65	--	3	30795	卖盘
09:33:06	102.65	--	1	10265	卖盘
09:33:00	102.65	--	5	51325	卖盘
09:32:54	102.65	--	3	30795	卖盘
09:32:51	102.65	--	2	20530	买盘
09:32:48	102.65	0.15	3	30795	买盘
09:32:36	102.5	--	10	102500	买盘
09:32:30	102.5	-0.32	3	30750	卖盘
09:32:24	102.82	0.17	9	92538	买盘
09:32:21	102.65	--	1	10265	买盘
09:32:12	102.65	--	10	102650	买盘
09:32:06	102.65	--	2	20530	买盘
09:32:03	102.65	-0.17	45	461925	卖盘
09:31:57	102.82	--	5	51410	卖盘
09:31:54	102.82	0.06	69	709458	买盘
09:31:51	102.76	--	7	71932	买盘
09:31:48	102.76	--	2	20552	买盘
09:31:45	102.76	--	3	30828	买盘
09:31:42	102.76	0.01	11	113036	买盘
09:31:39	102.75	-0.04	12	123300	卖盘
09:31:36	102.79	0.03	2	20558	买盘
09:31:30	102.76	--	4	41104	卖盘
09:31:24	102.76	0.01	16	164416	买盘
09:31:21	102.75	0.4	1	10275	买盘
09:31:18	102.35	--	5	51175	买盘
09:31:15	102.35	-0.41	5	51175	卖盘
09:31:06	102.76	0.06	51	524076	买盘
09:31:03	102.7	0.39	1	10270	中性盘
09:30:48	102.31	-0.48	7	71617	卖盘
09:30:45	102.79	0.49	8	82232	买盘
09:30:42	102.3	-0.49	11	112530	中性盘
09:30:30	102.79	0.49	5	51395	买盘
09:30:27	102.3	--	2	20460	买盘
09:30:24	102.3	--	4	40920	买盘
09:30:21	102.3	--	6	61380	买盘
09:30:12	102.3	0.1	2	20460	买盘
09:30:09	102.2	-0.1	5	51100	卖盘
09:30:06	102.3	-0.7	54	552420	卖盘
09:30:03	103.0	-0.3	13	133900	卖盘
09:25:03	103.3	103.3	107	1105310	买盘
