成交时间	成交价	价格变动	成交量(手)	成交额(元)	性质
15:00:03	45.93	--	730	3354864	买盘
14:57:03	45.93	--	17	78081	买盘
14:57:00	45.93	0.03	11	50523	买盘
14:56:57	45.9	--	33	151470	卖盘
14:56:54	45.9	--	23	105570	中性盘
14:56:51	45.9	--	48	220320	买盘
14:56:45	45.9	--	40	183600	买盘
14:56:42	45.9	0.03	100	459000	买盘
14:56:39	45.87	-0.02	15	68805	卖盘
14:56:36	45.89	-0.01	16	73424	卖盘
14:56:33	45.9	--	10	45900	买盘
14:56:30	45.9	--	6	27540	买盘
14:56:27	45.9	-0.05	10	45900	买盘
14:56:21	45.95	0.09	208	955760	买盘
14:56:18	45.86	-0.03	5	22930	卖盘
14:56:15	45.89	-0.01	5	22945	卖盘
14:56:12	45.9	--	6	27540	卖盘
14:56:09	45.9	--	30	137700	卖盘
14:56:06	45.9	0.03	163	748170	买盘
14:56:03	45.87	--	16	73392	卖盘
14:56:00	45.87	0.01	4	18348	买盘
14:55:57	45.86	--	17	77962	卖盘
14:55:54	45.86	0.01	3	13758	买盘
14:55:51	45.85	-0.02	6	27510	中性盘
14:55:48	45.87	0.01	15	68805	买盘
14:55:45	45.86	--	61	279746	买盘
14:55:42	45.86	--	5	22930	买盘
14:55:39	45.86	0.01	35	160510	中性盘
14:55:33	45.85	--	4	18340	卖盘
14:55:30	45.85	0.03	30	137550	买盘
14:55:24	45.82	0.01	6	27492	买盘
14:55:21	45.81	--	16	73296	卖盘
14:55:18	45.81	0.05	101	464971	买盘
14:55:12	45.76	-0.02	10	45760	卖盘
14:55:09	45.78	-0.02	3	13734	中性盘
14:55:06	45.8	0.05	102	467160	买盘
14:55:03	45.75	--	24	112087	卖盘
14:55:00	45.75	-0.01	52	237900	卖盘
14:54:57	45.76	-0.02	3	13728	中性盘
14:54:54	45.78	0.03	243	1112454	买盘
14:54:48	45.75	--	6	27450	卖盘
14:54:45	45.75	--	19	89212	买盘
14:54:42	45.75	0.03	36	164700	买盘
14:54:39	45.72	-0.01	3	13716	卖盘
14:54:33	45.73	--	1	4573	买盘
14:54:30	45.73	--	4	18292	买盘
14:54:24	45.73	-0.02	5	22865	买盘
14:54:15	45.75	--	18	84637	卖盘
14:54:12	45.75	--	22	100650	卖盘
14:54:09	45.75	--	44	203587	买盘
14:54:06	45.75	0.02	9	41175	买盘
14:54:00	45.73	0.01	15	68595	中性盘
14:53:51	45.72	-0.01	124	566928	卖盘
14:53:48	45.73	0.01	3	13718	买盘
14:53:45	45.72	-0.01	7	32004	卖盘
14:53:36	45.73	-0.02	22	100606	卖盘
14:53:30	45.75	-0.01	20	93787	卖盘
14:53:27	45.76	0.01	9	41184	买盘
14:53:24	45.75	--	9	41175	卖盘
14:53:21	45.75	-0.01	9	41175	卖盘
14:53:18	45.76	0.01	4	18304	买盘
14:53:15	45.75	--	66	304237	买盘
14:53:12	45.75	0.01	43	196725	买盘
14:53:09	45.74	--	15	68610	卖盘
14:53:06	45.74	0.02	66	301884	买盘
14:53:03	45.72	-0.02	34	155448	卖盘
14:52:57	45.74	0.02	14	64036	买盘
14:52:51	45.72	-0.02	8	36576	卖盘
14:52:45	45.74	0.01	18	82332	买盘
14:52:39	45.73	0.01	9	41157	买盘
14:52:36	45.72	0.02	11	50292	买盘
14:52:30	45.7	-0.04	18	82260	卖盘
14:52:24	45.74	-0.01	1	4574	中性盘
14:52:18	45.75	0.02	132	603900	买盘
14:52:15	45.73	-0.01	19	86887	卖盘
14:52:12	45.74	0.04	11	50314	买盘
14:52:09	45.7	--	11	50270	卖盘
14:52:06	45.7	-0.04	15	68550	卖盘
14:51:57	45.74	-0.01	70	322467	卖盘
14:51:51	45.75	0.02	51	235612	买盘
14:51:48	45.73	0.01	60	276666	中性盘
14:51:42	45.72	-0.02	6	27432	卖盘
14:51:39	45.74	--	11	50314	买盘
14:51:36	45.74	0.03	10	48027	买盘
14:51:33	45.71	0.01	4	18284	中性盘
14:51:30	45.7	-0.03	55	251350	卖盘
14:51:27	45.73	0.03	7	32010	买盘
14:51:24	45.7	--	29	132530	卖盘
14:51:18	45.7	--	32	146240	卖盘
14:51:12	45.7	--	25	114250	卖盘
14:51:09	45.7	--	17	77690	卖盘
14:51:06	45.7	0.02	61	278770	买盘
14:51:03	45.68	-0.01	3	13704	卖盘
14:50:57	45.69	0.01	19	86811	买盘
14:50:54	45.68	0.04	18	82224	买盘
14:50:51	45.64	-0.03	13	59332	卖盘
14:50:45	45.67	0.03	1	4567	买盘
14:50:42	45.64	--	9	41076	卖盘
14:50:39	45.64	-0.02	10	45640	卖盘
14:50:33	45.66	--	6	27395	卖盘
14:50:30	45.66	0.04	198	904067	买盘
14:50:27	45.62	0.01	14	63868	卖盘
14:50:21	45.61	0.01	69	314709	卖盘
14:50:18	45.6	--	116	528960	卖盘
14:50:15	45.6	--	6	27360	卖盘
14:50:12	45.6	--	5	22800	卖盘
14:50:09	45.6	-0.01	37	168720	卖盘
14:50:06	45.61	--	45	205245	买盘
14:50:00	45.61	0.01	11	50171	买盘
14:49:57	45.6	--	17	77520	卖盘
14:49:54	45.6	-0.01	5	22800	卖盘
14:49:51	45.61	0.01	1	4561	买盘
14:49:42	45.6	0.03	70	319200	买盘
14:49:39	45.57	-0.02	7	31899	卖盘
14:49:36	45.59	-0.02	1	4559	买盘
14:49:24	45.61	0.06	8	36488	买盘
14:49:21	45.55	--	55	250524	卖盘
14:49:15	45.55	-0.04	326	1484930	卖盘
14:49:12	45.59	0.04	54	246186	中性盘
14:49:06	45.55	-0.04	6	27330	中性盘
14:48:39	45.59	--	17	77503	卖盘
14:48:33	45.59	0.06	38	173242	买盘
14:48:30	45.53	-0.04	6	27318	卖盘
14:48:24	45.57	0.04	6	27342	买盘
14:48:18	45.53	--	20	91060	卖盘
14:47:57	45.53	0.03	19	86507	买盘
14:47:36	45.5	--	10	45500	买盘
14:47:30	45.5	--	8	36400	买盘
14:47:24	45.5	--	1	4550	买盘
14:47:18	45.5	0.02	9	40950	买盘
14:47:00	45.48	-0.02	3	13643	卖盘
14:46:57	45.5	--	4	18200	买盘
14:46:42	45.5	-0.03	30	136500	卖盘
14:46:36	45.53	-0.04	22	100166	卖盘
14:46:33	45.57	--	5	22785	买盘
14:46:12	45.57	--	12	54684	卖盘
14:46:06	45.57	--	2	9114	卖盘
14:45:57	45.57	--	5	22785	买盘
14:45:51	45.57	0.04	2	9114	买盘
14:45:39	45.53	--	1	4553	卖盘
14:45:12	45.53	-0.04	6	27318	卖盘
14:45:09	45.57	-0.02	27	123039	卖盘
14:45:06	45.59	--	2	9118	买盘
14:45:03	45.59	0.01	3	13677	买盘
14:44:57	45.58	-0.01	1	4558	中性盘
14:44:51	45.59	--	1	4559	买盘
14:44:48	45.59	0.02	11	50149	买盘
14:44:42	45.57	--	3	13671	卖盘
14:44:36	45.57	0.04	5	22785	买盘
14:44:27	45.53	--	7	31871	卖盘
14:44:03	45.53	--	2	9106	买盘
14:44:00	45.53	--	1	4553	买盘
14:43:54	45.53	0.06	3	13659	买盘
14:43:24	45.47	--	1	4547	卖盘
14:43:21	45.47	-0.06	3	13913	卖盘
14:43:09	45.53	0.03	10	45530	买盘
14:42:57	45.5	--	2	9100	卖盘
14:42:39	45.5	--	1	4550	中性盘
14:42:33	45.5	0.04	15	68250	买盘
14:42:27	45.46	-0.13	10	45460	卖盘
14:42:00	45.59	--	5	22795	卖盘
14:41:51	45.59	0.14	22	100298	买盘
14:41:36	45.45	--	20	90900	买盘
14:41:30	45.45	-0.15	1	4545	卖盘
14:41:27	45.6	0.15	17	77520	买盘
14:41:21	45.45	--	4	18180	买盘
14:41:18	45.45	-0.15	1	4545	卖盘
14:41:15	45.6	0.15	73	332880	买盘
14:41:12	45.45	--	6	27270	卖盘
14:41:09	45.45	--	14	63630	卖盘
14:41:03	45.45	--	23	104535	卖盘
14:40:57	45.45	-0.01	61	277245	卖盘
14:40:54	45.46	--	3	13638	买盘
14:40:48	45.46	--	1	4546	买盘
14:40:45	45.46	--	12	54552	卖盘
14:40:39	45.46	-0.04	13	59098	卖盘
14:40:36	45.5	0.02	18	81900	买盘
14:40:33	45.48	--	26	118247	买盘
14:40:30	45.48	0.01	7	31835	买盘
14:40:27	45.47	--	19	86393	卖盘
14:40:21	45.47	--	8	36376	卖盘
14:40:18	45.47	--	7	31829	卖盘
14:40:15	45.47	-0.02	5	22735	卖盘
14:40:06	45.49	0.02	2	9098	买盘
14:40:03	45.47	-0.02	8	36376	卖盘
14:39:48	45.49	-0.01	3	13647	中性盘
14:39:45	45.5	--	11	50050	卖盘
14:39:24	45.5	0.01	2	9100	买盘
14:39:12	45.49	-0.01	10	45490	卖盘
14:39:09	45.5	--	1	4550	中性盘
14:39:03	45.5	0.05	1	4550	买盘
14:38:51	45.45	-0.11	10	45450	卖盘
14:38:36	45.56	0.06	20	91120	买盘
14:38:27	45.5	--	1	4550	卖盘
14:38:24	45.5	--	8	36400	卖盘
14:38:00	45.5	--	1	4550	卖盘
14:37:57	45.5	--	10	45500	卖盘
14:37:51	45.5	--	3	13650	卖盘
14:37:27	45.5	0.06	11	50050	买盘
14:37:15	45.44	--	15	68160	卖盘
14:36:54	45.44	-0.02	5	26991	卖盘
14:36:48	45.46	--	7	31822	卖盘
14:36:39	45.46	-0.07	2	9092	卖盘
14:36:33	45.53	0.07	5	22765	中性盘
14:36:24	45.46	-0.07	33	150018	卖盘
14:36:12	45.53	--	60	273180	中性盘
14:35:48	45.53	--	3	13659	卖盘
14:35:39	45.53	-0.11	10	45530	中性盘
14:34:54	45.64	0.02	7	31948	买盘
14:34:48	45.62	--	25	114050	买盘
14:34:30	45.62	--	4	18248	买盘
14:34:21	45.62	-0.02	3	13686	买盘
14:34:15	45.64	--	2	9128	卖盘
14:34:12	45.64	0.24	7	31948	买盘
14:34:06	45.4	-0.22	93	422220	卖盘
14:33:42	45.62	0.03	118	540916	买盘
14:33:09	45.59	0.09	40	182360	买盘
14:33:06	45.5	--	3	13650	卖盘
14:32:45	45.5	0.1	10	45500	买盘
14:32:36	45.4	-0.1	34	154360	卖盘
14:32:06	45.5	-0.07	1	4550	卖盘
14:32:03	45.57	0.04	8	36456	买盘
14:31:51	45.53	--	4	18212	卖盘
14:31:48	45.53	--	5	22765	卖盘
14:31:45	45.53	-0.04	1	4553	卖盘
14:31:42	45.57	0.04	14	63798	买盘
14:31:27	45.53	0.03	10	45530	买盘
14:31:24	45.5	-0.09	40	182000	卖盘
14:30:57	45.59	0.06	2	9118	买盘
14:30:54	45.53	-0.05	24	109272	卖盘
14:30:48	45.58	-0.02	5	22790	中性盘
14:30:42	45.6	--	1	4560	买盘
14:30:33	45.6	--	2	9120	买盘
14:30:24	45.6	--	1	4560	卖盘
14:30:21	45.6	--	10	45600	买盘
14:30:12	45.6	-0.01	44	200640	卖盘
14:30:03	45.61	--	11	50171	买盘
14:29:57	45.61	--	10	45610	卖盘
14:29:54	45.61	-0.01	10	45610	卖盘
14:29:42	45.62	0.01	3	13686	买盘
14:29:33	45.61	--	33	150513	卖盘
14:29:30	45.61	--	9	41049	卖盘
14:29:24	45.61	0.04	36	164196	买盘
14:29:21	45.57	-0.03	16	72912	卖盘
14:29:09	45.6	-0.01	4	18240	中性盘
14:28:24	45.61	0.01	50	228050	买盘
14:27:57	45.6	--	9	41040	买盘
14:27:54	45.6	0.04	1	4560	买盘
14:27:48	45.56	-0.06	6	27336	卖盘
14:27:45	45.62	0.06	3	13686	买盘
14:27:12	45.56	--	3	13668	卖盘
14:27:06	45.56	--	30	136680	卖盘
14:26:45	45.56	--	3	13668	买盘
14:26:30	45.56	--	2	9112	卖盘
14:26:27	45.56	--	5	22780	卖盘
14:26:24	45.56	--	1	4556	卖盘
14:26:12	45.56	0.05	14	63784	买盘
14:26:09	45.51	-0.02	67	304917	卖盘
14:26:00	45.53	-0.02	6	27318	买盘
14:25:42	45.55	--	3	13665	卖盘
14:25:39	45.55	0.05	4	18220	卖盘
14:25:36	45.5	-0.05	55	250250	卖盘
14:25:18	45.55	--	50	227750	卖盘
14:25:12	45.55	-0.01	20	91100	卖盘
14:25:06	45.56	-0.04	1	4556	卖盘
14:24:42	45.6	--	8	36480	卖盘
14:24:39	45.6	-0.02	7	31920	卖盘
14:24:36	45.62	0.01	16	72992	买盘
14:24:30	45.61	--	1	4561	卖盘
14:24:27	45.61	-0.01	8	36488	卖盘
14:24:15	45.62	--	10	45620	卖盘
14:24:12	45.62	-0.01	36	164232	卖盘
14:24:09	45.63	--	17	77571	卖盘
14:23:57	45.63	--	7	31941	卖盘
14:23:51	45.63	--	2	9126	卖盘
14:23:39	45.63	-0.02	7	31941	卖盘
14:23:36	45.65	--	6	27390	买盘
14:23:33	45.65	-0.01	4	18260	卖盘
14:23:27	45.66	-0.03	7	31961	中性盘
14:23:15	45.69	0.04	3	13707	买盘
14:23:12	45.65	-0.05	2	9130	卖盘
14:23:03	45.7	0.02	25	114250	买盘
14:22:54	45.68	-0.01	9	41112	卖盘
14:22:33	45.69	--	1	4569	买盘
14:22:27	45.69	0.01	1	4569	买盘
14:22:12	45.68	--	2	9136	卖盘
14:22:06	45.68	--	4	18272	卖盘
14:22:00	45.68	-0.01	2	9136	卖盘
14:21:57	45.69	0.04	24	109656	买盘
14:21:51	45.65	-0.04	5	22825	卖盘
14:21:48	45.69	0.01	9	41121	买盘
14:21:45	45.68	--	4	18272	买盘
14:21:24	45.68	--	29	132472	买盘
14:20:48	45.68	-0.01	16	73088	卖盘
14:20:42	45.69	-0.01	4	18276	卖盘
14:20:39	45.7	0.01	1	4570	买盘
14:20:30	45.69	-0.01	16	73104	卖盘
14:20:27	45.7	--	1	4570	买盘
14:20:06	45.7	--	1	4570	卖盘
14:20:00	45.7	--	4	18280	买盘
14:19:57	45.7	--	4	18280	买盘
14:19:39	45.7	--	5	22850	买盘
14:19:33	45.7	-0.01	14	63980	中性盘
14:19:24	45.71	0.02	25	114275	买盘
14:19:21	45.69	-0.01	1	4569	卖盘
14:19:18	45.7	--	2	9140	买盘
14:19:15	45.7	-0.01	21	95970	卖盘
14:19:12	45.71	--	13	59423	买盘
14:19:06	45.71	--	9	41139	卖盘
14:19:00	45.71	--	31	141701	卖盘
14:18:57	45.71	-0.01	5	22855	中性盘
14:18:54	45.72	0.02	2	9144	买盘
14:18:51	45.7	--	1	4570	买盘
14:18:42	45.7	-0.02	4	18280	买盘
14:18:33	45.72	--	3	13716	买盘
14:18:30	45.72	0.02	15	68580	买盘
14:18:27	45.7	-0.02	9	41130	卖盘
14:18:18	45.72	0.02	3	13716	买盘
14:18:15	45.7	--	2	9140	卖盘
14:18:06	45.7	0.04	45	205650	买盘
14:17:57	45.66	-0.01	11	50225	卖盘
14:17:42	45.67	0.01	11	50237	买盘
14:17:30	45.66	--	8	36528	卖盘
14:17:21	45.66	--	2	9132	卖盘
14:17:18	45.66	0.02	12	54791	买盘
14:17:12	45.64	--	1	4564	中性盘
14:17:03	45.64	-0.02	1	4564	卖盘
14:16:57	45.66	0.03	26	118715	买盘
14:16:54	45.63	-0.03	1	4563	卖盘
14:16:45	45.66	--	2	9132	买盘
14:16:36	45.66	--	2	9132	买盘
14:16:24	45.66	0.01	7	31961	买盘
14:16:12	45.65	-0.02	1	4565	中性盘
14:15:45	45.67	--	4	18268	卖盘
14:15:36	45.67	-0.01	5	22835	中性盘
14:15:09	45.68	-0.01	16	73088	卖盘
14:15:03	45.69	0.01	3	13707	买盘
14:14:57	45.68	--	3	13704	卖盘
14:14:54	45.68	-0.01	3	13704	卖盘
14:14:51	45.69	0.01	3	13707	买盘
14:14:48	45.68	--	20	91360	卖盘
14:14:45	45.68	--	22	100496	买盘
14:14:39	45.68	--	6	27408	买盘
14:14:27	45.68	--	1	4568	卖盘
14:14:24	45.68	--	2	9136	卖盘
14:14:21	45.68	--	20	91360	卖盘
14:14:18	45.68	-0.01	3	13704	卖盘
14:14:15	45.69	0.01	1	4569	买盘
14:14:09	45.68	--	4	18272	卖盘
14:14:03	45.68	--	10	45680	卖盘
14:14:00	45.68	-0.01	1	4568	卖盘
14:13:57	45.69	0.01	11	50259	买盘
14:13:54	45.68	0.05	35	159880	买盘
14:13:48	45.63	--	1	4563	卖盘
14:13:42	45.63	-0.05	12	54756	卖盘
14:13:36	45.68	--	6	27408	买盘
14:13:33	45.68	--	1	4568	买盘
14:13:27	45.68	-0.01	3	13704	卖盘
14:13:15	45.69	0.01	2	9138	中性盘
14:13:09	45.68	0.04	21	95928	买盘
14:13:06	45.64	--	6	27384	买盘
14:13:03	45.64	0.01	17	77588	买盘
14:13:00	45.63	-0.05	14	63882	卖盘
14:12:51	45.68	0.04	34	155312	买盘
14:12:48	45.64	0.02	4	18256	买盘
14:12:39	45.62	0.02	5	22810	买盘
14:12:36	45.6	-0.01	21	95760	卖盘
14:12:30	45.61	0.01	92	419976	买盘
14:12:27	45.6	--	21	95760	买盘
14:12:15	45.6	0.01	4	18240	买盘
14:12:03	45.59	--	5	22795	买盘
14:12:00	45.59	0.02	28	127652	买盘
14:11:48	45.57	0.01	5	22785	买盘
14:11:30	45.56	--	2	9112	买盘
14:11:27	45.56	--	1	4556	买盘
14:11:09	45.56	0.02	4	18224	买盘
14:10:45	45.54	--	1	4554	买盘
14:10:42	45.54	--	43	195822	买盘
14:10:33	45.54	0.01	22	100188	买盘
14:10:30	45.53	-0.01	2	9106	卖盘
14:10:27	45.54	--	3	13662	买盘
14:10:06	45.54	0.01	1	4554	买盘
14:09:39	45.53	-0.01	1	4553	卖盘
14:09:36	45.54	0.01	1	4554	买盘
14:09:24	45.53	--	3	13659	买盘
14:09:21	45.53	0.02	4	18212	买盘
14:09:18	45.51	-0.02	2	9102	卖盘
14:08:57	45.53	--	4	18212	买盘
14:08:39	45.53	0.02	1	4553	中性盘
14:08:09	45.51	-0.03	2	9102	卖盘
14:07:48	45.54	--	11	50094	卖盘
14:07:45	45.54	-0.02	10	45540	卖盘
14:07:30	45.56	0.01	23	104788	买盘
14:07:24	45.55	-0.01	16	72880	卖盘
14:07:21	45.56	--	5	22780	卖盘
14:07:18	45.56	-0.01	2	9112	卖盘
14:07:15	45.57	0.01	4	18228	买盘
14:07:00	45.56	--	2	9112	卖盘
14:06:33	45.56	-0.01	5	22780	卖盘
14:06:24	45.57	--	4	18228	买盘
14:06:21	45.57	--	5	22785	买盘
14:06:09	45.57	0.02	10	45570	买盘
14:06:00	45.55	--	20	91100	卖盘
14:05:57	45.55	--	1	4555	卖盘
14:05:51	45.55	--	22	100210	买盘
14:05:45	45.55	0.01	5	22775	买盘
14:05:39	45.54	--	2	9108	买盘
14:05:33	45.54	--	3	13662	买盘
14:05:09	45.54	0.04	3	13662	买盘
14:04:39	45.5	-0.04	2	9100	卖盘
14:04:36	45.54	--	1	4554	中性盘
14:04:09	45.54	0.04	10	45540	买盘
14:04:06	45.5	0.02	8	36400	买盘
14:04:03	45.48	-0.02	9	40932	卖盘
14:03:54	45.5	-0.01	1	4550	买盘
14:03:18	45.51	--	4	18204	卖盘
14:03:15	45.51	--	1	4551	买盘
14:03:00	45.51	--	3	13653	买盘
14:02:57	45.51	0.02	6	27306	买盘
14:02:54	45.49	-0.01	17	77333	卖盘
14:02:51	45.5	0.01	1	4550	中性盘
14:02:42	45.49	-0.01	7	31843	卖盘
14:02:39	45.5	0.01	23	104650	买盘
14:02:36	45.49	--	7	31843	卖盘
14:02:09	45.49	0.01	9	40941	中性盘
14:01:30	45.48	--	0	363	买盘
14:01:09	45.48	--	1	8732	卖盘
14:00:51	45.48	-0.02	0	363	卖盘
14:00:48	45.5	0.02	1	4550	买盘
14:00:42	45.48	--	10	45480	卖盘
14:00:39	45.48	-0.02	14	63671	卖盘
14:00:24	45.5	--	14	67886	卖盘
14:00:18	45.5	-0.01	5	22750	卖盘
14:00:15	45.51	-0.01	1	4551	买盘
14:00:09	45.52	--	15	68280	卖盘
14:00:03	45.52	0.01	6	27312	买盘
13:59:57	45.51	--	23	104673	卖盘
13:59:48	45.51	0.01	17	77458	买盘
13:59:42	45.5	--	1	4914	卖盘
13:59:39	45.5	-0.01	1	4550	卖盘
13:59:36	45.51	-0.01	25	113775	卖盘
13:59:21	45.52	-0.02	9	40968	卖盘
13:59:18	45.54	0.01	3	13662	买盘
13:59:09	45.53	-0.01	2	9106	中性盘
13:58:51	45.54	0.02	2	9108	中性盘
13:58:45	45.52	-0.03	50	227600	卖盘
13:58:42	45.55	0.03	10	45550	买盘
13:58:39	45.52	-0.03	2	9104	中性盘
13:58:03	45.55	0.01	10	45550	买盘
13:58:00	45.54	--	11	50094	卖盘
13:57:57	45.54	-0.02	18	81972	卖盘
13:57:45	45.56	0.02	5	22780	买盘
13:57:42	45.54	-0.02	8	36432	卖盘
13:57:30	45.56	0.01	8	36448	买盘
13:57:27	45.55	-0.01	7	31884	卖盘
13:57:24	45.56	--	5	22780	买盘
13:57:21	45.56	--	5	22780	买盘
13:57:18	45.56	--	1	4556	买盘
13:57:15	45.56	--	1	4556	买盘
13:57:09	45.56	--	1	4556	卖盘
13:57:06	45.56	-0.01	38	173128	卖盘
13:57:00	45.57	0.01	10	45570	买盘
13:56:57	45.56	-0.01	10	45560	卖盘
13:56:54	45.57	--	13	59241	买盘
13:56:51	45.57	--	2	9114	买盘
13:56:45	45.57	--	16	72912	买盘
13:56:39	45.57	-0.01	10	45570	卖盘
13:56:36	45.58	--	1	4558	买盘
13:56:33	45.58	--	1	4558	买盘
13:56:30	45.58	0.01	20	91160	买盘
13:56:27	45.57	--	2	9114	中性盘
13:56:18	45.57	--	1	4557	买盘
13:56:15	45.57	0.01	2	9114	买盘
13:56:12	45.56	-0.01	12	54672	卖盘
13:56:03	45.57	0.01	18	82026	买盘
13:56:00	45.56	--	14	63784	买盘
13:55:51	45.56	0.01	11	50116	买盘
13:55:48	45.55	--	22	100210	买盘
13:55:42	45.55	0.01	25	113875	买盘
13:55:39	45.54	-0.01	13	59202	卖盘
13:55:36	45.55	--	3	13665	买盘
13:55:33	45.55	--	3	13665	买盘
13:55:30	45.55	--	1	4555	买盘
13:55:27	45.55	0.02	3	13665	买盘
13:55:24	45.53	-0.01	68	309604	中性盘
13:55:21	45.54	--	2	9108	买盘
13:55:15	45.54	0.01	30	136620	买盘
13:55:09	45.53	0.01	2	9106	卖盘
13:54:57	45.52	--	5	22760	买盘
13:54:54	45.52	0.02	1	4552	买盘
13:54:48	45.5	--	13	59150	卖盘
13:54:42	45.5	--	3	13650	卖盘
13:54:39	45.5	--	10	45500	卖盘
13:54:27	45.5	0.01	45	204750	买盘
13:54:21	45.49	--	1	4549	卖盘
13:54:12	45.49	-0.01	1	4549	卖盘
13:54:09	45.5	0.01	3	13650	买盘
13:54:06	45.49	-0.01	20	90980	卖盘
13:54:03	45.5	--	3	13650	买盘
13:54:00	45.5	--	14	63700	买盘
13:53:51	45.5	0.01	39	177450	买盘
13:53:36	45.49	--	4	18196	买盘
13:53:33	45.49	--	1	4549	买盘
13:53:27	45.49	--	7	31843	买盘
13:53:21	45.49	-0.01	36	163764	卖盘
13:53:18	45.5	--	203	923650	买盘
13:53:12	45.5	--	6	27300	买盘
13:53:09	45.5	--	12	54600	买盘
13:53:06	45.5	--	55	250250	卖盘
13:52:54	45.5	--	1	4550	卖盘
13:52:51	45.5	--	7	31850	买盘
13:52:48	45.5	--	42	191100	买盘
13:52:45	45.5	--	32	145600	买盘
13:52:42	45.5	--	2	9100	买盘
13:52:39	45.5	--	14	63700	买盘
13:52:36	45.5	--	30	136500	卖盘
13:52:33	45.5	--	45	204750	卖盘
13:52:30	45.5	0.01	14	63700	买盘
13:52:27	45.49	-0.01	13	59137	卖盘
13:52:24	45.5	--	5	22750	买盘
13:52:21	45.5	--	1	4550	买盘
13:52:18	45.5	--	18	81900	买盘
13:52:15	45.5	--	20	91000	买盘
13:52:09	45.5	0.01	1	4550	买盘
13:52:06	45.49	0.01	2	9098	买盘
13:52:03	45.48	--	4	18192	买盘
13:52:00	45.48	--	7	31835	买盘
13:51:57	45.48	--	27	122795	买盘
13:51:54	45.48	--	12	54575	买盘
13:51:48	45.48	0.04	33	150084	买盘
13:51:45	45.44	--	23	104512	买盘
13:51:39	45.44	--	48	218112	买盘
13:51:36	45.44	--	3	13632	买盘
13:51:33	45.44	--	14	63616	买盘
13:51:27	45.44	--	14	63616	卖盘
13:51:21	45.44	-0.01	9	40896	卖盘
13:51:18	45.45	--	2	9090	买盘
13:51:15	45.45	0.04	11	49995	买盘
13:51:12	45.41	0.01	7	31786	买盘
13:51:09	45.4	--	46	208840	买盘
13:51:06	45.4	--	25	113500	买盘
13:51:03	45.4	0.05	1	4540	买盘
13:50:57	45.35	-0.05	2	9070	卖盘
13:50:54	45.4	--	7	31780	买盘
13:50:48	45.4	--	10	45400	买盘
13:50:36	45.4	--	14	63560	买盘
13:50:33	45.4	--	7	31780	买盘
13:50:30	45.4	-0.01	159	721860	卖盘
13:50:21	45.41	--	4	18164	买盘
13:50:18	45.41	0.01	54	245213	买盘
13:50:12	45.4	--	5	22700	买盘
13:50:03	45.4	-0.01	2	9080	中性盘
13:49:48	45.41	--	5	22705	买盘
13:49:39	45.41	--	10	45410	买盘
13:49:36	45.41	--	28	127147	卖盘
13:49:27	45.41	--	10	45410	卖盘
13:49:12	45.41	--	116	526756	买盘
13:48:51	45.41	--	7	31786	买盘
13:48:48	45.41	--	4	18164	买盘
13:48:45	45.41	--	13	59032	卖盘
13:48:42	45.41	-0.01	50	227049	卖盘
13:48:39	45.42	-0.02	5	22710	买盘
13:48:30	45.44	0.02	6	27264	买盘
13:48:24	45.42	--	1	4542	买盘
13:48:21	45.42	-0.03	29	131718	卖盘
13:48:09	45.45	0.03	7	31815	买盘
13:48:00	45.42	0.01	25	113550	卖盘
13:47:57	45.41	0.01	43	195262	买盘
13:47:42	45.4	0.01	18	81720	买盘
13:47:30	45.39	--	29	132629	买盘
13:47:27	45.39	--	1	4539	买盘
13:47:24	45.39	0.01	4	18156	买盘
13:47:15	45.38	--	7	31766	卖盘
13:47:12	45.38	0.11	16	72608	买盘
13:46:51	45.27	-0.07	1	4527	中性盘
13:46:33	45.34	0.08	7	31738	中性盘
13:46:15	45.26	--	3	13578	卖盘
13:46:00	45.26	--	1	4526	买盘
13:45:48	45.26	--	3	13578	卖盘
13:45:45	45.26	-0.04	7	31682	卖盘
13:45:42	45.3	--	2	9060	卖盘
13:45:36	45.3	-0.07	7	31709	卖盘
13:45:30	45.37	0.07	1	4537	买盘
13:45:27	45.3	0.05	10	45300	买盘
13:45:24	45.25	-0.05	7	31675	卖盘
13:45:00	45.3	-0.07	5	22650	中性盘
13:44:39	45.37	0.12	7	31759	买盘
13:44:36	45.25	--	1	4525	买盘
13:44:30	45.25	-0.05	9	40725	卖盘
13:44:24	45.3	-0.01	2	9060	卖盘
13:44:21	45.31	0.06	3	13593	买盘
13:43:57	45.25	-0.05	95	429875	卖盘
13:43:33	45.3	--	4	18120	卖盘
13:43:21	45.3	--	2	9060	卖盘
13:43:18	45.3	-0.01	4	18120	卖盘
13:42:57	45.31	--	5	22655	买盘
13:42:51	45.31	0.01	1	4531	买盘
13:42:48	45.3	-0.01	3	13590	卖盘
13:42:36	45.31	--	2	9062	买盘
13:42:24	45.31	0.01	7	31717	买盘
13:42:00	45.3	--	1	4530	卖盘
13:41:57	45.3	0.02	1	4530	买盘
13:41:51	45.28	-0.02	10	45280	卖盘
13:41:42	45.3	--	2	9060	买盘
13:41:39	45.3	--	4	18120	买盘
13:41:15	45.3	--	4	18120	卖盘
13:41:00	45.3	--	10	45300	卖盘
13:40:54	45.3	-0.01	10	45300	卖盘
13:40:51	45.31	0.01	2	9062	买盘
13:40:48	45.3	-0.01	4	18120	卖盘
13:40:30	45.31	--	1	4531	卖盘
13:40:27	45.31	0.01	30	135930	卖盘
13:40:12	45.3	-0.01	50	226500	卖盘
13:39:57	45.31	-0.03	4	18124	卖盘
13:39:51	45.34	0.03	5	22670	买盘
13:39:24	45.31	-0.03	9	40779	卖盘
13:39:12	45.34	0.03	3	13602	买盘
13:39:03	45.31	-0.02	100	453100	卖盘
13:39:00	45.33	-0.01	10	45330	卖盘
13:38:51	45.34	0.01	2	9068	买盘
13:38:00	45.33	-0.01	1	4533	卖盘
13:37:57	45.34	--	1	4534	买盘
13:37:51	45.34	0.01	2	9068	买盘
13:37:30	45.33	--	5	22665	卖盘
13:37:27	45.33	0.01	1	4533	中性盘
13:36:42	45.32	--	18	81576	卖盘
13:36:27	45.32	-0.01	5	22660	卖盘
13:36:21	45.33	--	8	36264	买盘
13:36:06	45.33	--	1	4533	买盘
13:36:03	45.33	--	1	4533	买盘
13:35:51	45.33	0.01	10	45330	买盘
13:35:48	45.32	--	4	18128	卖盘
13:35:42	45.32	--	10	45320	卖盘
13:35:36	45.32	--	10	45320	卖盘
13:35:30	45.32	--	1	4532	卖盘
13:35:27	45.32	-0.01	10	45320	卖盘
13:35:03	45.33	-0.01	1	4533	买盘
13:35:00	45.34	--	1	4534	买盘
13:34:57	45.34	--	1	4534	买盘
13:34:27	45.34	--	74	335516	买盘
13:34:18	45.34	--	3	13602	买盘
13:34:09	45.34	--	10	45340	买盘
13:33:45	45.34	0.01	10	45340	买盘
13:33:21	45.33	-0.01	3	13599	卖盘
13:33:18	45.34	0.01	3	13602	买盘
13:32:57	45.33	--	5	22665	卖盘
13:32:48	45.33	-0.01	10	45330	卖盘
13:32:45	45.34	0.01	11	49874	买盘
13:32:39	45.33	--	8	36264	卖盘
13:32:36	45.33	--	8	36264	卖盘
13:32:30	45.33	-0.01	7	31731	卖盘
13:32:27	45.34	--	2	9068	买盘
13:32:24	45.34	--	3	13602	买盘
13:32:09	45.34	-0.03	19	86146	卖盘
13:32:03	45.37	0.03	9	40833	买盘
13:31:57	45.34	-0.02	5	22670	卖盘
13:31:03	45.36	--	1	4536	卖盘
13:31:00	45.36	--	5	22680	卖盘
13:30:27	45.36	--	10	45360	买盘
13:30:21	45.36	--	3	13608	卖盘
13:30:03	45.36	--	3	13608	买盘
13:29:33	45.36	0.03	3	13608	买盘
13:29:21	45.33	-0.02	22	99726	卖盘
13:29:09	45.35	0.02	8	36280	买盘
13:29:03	45.33	--	2	9066	卖盘
13:28:57	45.33	0.01	8	36264	买盘
13:28:51	45.32	--	7	31724	卖盘
13:28:48	45.32	--	2	9064	卖盘
13:28:45	45.32	--	2	9064	卖盘
13:28:30	45.32	--	8	36256	卖盘
13:28:21	45.32	-0.02	7	31724	卖盘
13:28:12	45.34	0.02	20	90680	买盘
13:28:03	45.32	-0.01	14	63448	卖盘
13:28:00	45.33	-0.01	5	22665	卖盘
13:27:51	45.34	--	11	49874	买盘
13:27:42	45.34	--	17	77078	买盘
13:27:27	45.34	--	1	4534	买盘
13:27:24	45.34	--	5	22670	买盘
13:27:21	45.34	-0.01	8	36272	卖盘
13:27:18	45.35	0.03	5	22675	买盘
13:26:54	45.32	-0.02	10	45320	卖盘
13:26:51	45.34	-0.01	2	9068	卖盘
13:26:48	45.35	--	1	4535	买盘
13:26:30	45.35	0.03	12	54420	买盘
13:26:27	45.32	-0.02	5	22660	卖盘
13:26:24	45.34	--	12	54408	买盘
13:26:21	45.34	--	12	54408	买盘
13:26:12	45.34	-0.01	38	172292	卖盘
13:26:09	45.35	--	18	81630	买盘
13:25:48	45.35	--	5	22675	买盘
13:25:39	45.35	--	1	4535	买盘
13:25:12	45.35	--	3	13605	卖盘
13:25:06	45.35	--	2	9070	买盘
13:24:45	45.35	--	15	68025	卖盘
13:24:36	45.35	-0.01	10	45350	卖盘
13:24:12	45.36	--	1	4536	卖盘
13:24:03	45.36	-0.01	1	4536	卖盘
13:23:54	45.37	--	2	13520	卖盘
13:23:39	45.37	--	0	90	卖盘
13:22:24	45.37	--	7	31759	卖盘
13:22:15	45.37	--	7	31759	卖盘
13:22:06	45.37	-0.03	7	31759	卖盘
13:22:03	45.4	0.02	3	13620	买盘
13:21:54	45.38	-0.02	3	13614	卖盘
13:21:42	45.4	0.02	1	4540	买盘
13:21:24	45.38	0.01	4	18152	买盘
13:21:06	45.37	-0.01	4	18148	卖盘
13:21:00	45.38	--	1	4538	买盘
13:20:30	45.38	--	8	36304	卖盘
13:19:51	45.38	--	1	4538	卖盘
13:19:39	45.38	0.01	2	9076	买盘
13:19:33	45.37	-0.01	1	4537	卖盘
13:19:24	45.38	--	1	4538	买盘
13:19:06	45.38	-0.02	2	9076	卖盘
13:19:03	45.4	--	6	27240	买盘
13:18:42	45.4	--	2	9080	买盘
13:18:12	45.4	--	4	18160	卖盘
13:18:03	45.4	0.01	37	167980	买盘
13:17:54	45.39	-0.01	4	18156	卖盘
13:17:45	45.4	0.01	20	90800	买盘
13:17:42	45.39	0.01	5	22695	买盘
13:17:30	45.38	--	1	4538	买盘
13:17:15	45.38	0.04	6	27228	买盘
13:17:06	45.34	--	10	45340	卖盘
13:16:48	45.34	0.01	21	95214	买盘
13:16:42	45.33	-0.01	7	31731	卖盘
13:16:21	45.34	--	16	72544	卖盘
13:16:00	45.34	-0.04	8	36272	中性盘
13:15:42	45.38	0.05	3	13614	中性盘
13:15:33	45.33	-0.06	5	22665	中性盘
13:15:24	45.39	--	3	13617	买盘
13:15:09	45.39	--	1	4539	买盘
13:15:06	45.39	--	5	22695	买盘
13:15:00	45.39	--	1	4539	卖盘
13:14:57	45.39	--	9	40851	买盘
13:14:54	45.39	-0.01	6	27234	中性盘
13:14:27	45.4	0.01	30	136200	买盘
13:14:21	45.39	0.04	10	45390	买盘
13:14:09	45.35	--	13	58955	买盘
13:14:06	45.35	0.05	8	36280	买盘
13:14:03	45.3	--	8	36240	卖盘
13:13:54	45.3	--	10	45300	卖盘
13:13:45	45.3	0.02	42	190260	买盘
13:13:39	45.28	--	8	36224	买盘
13:13:36	45.28	0.01	14	63392	买盘
13:13:33	45.27	-0.01	39	176553	卖盘
13:13:27	45.28	--	14	63392	买盘
13:13:24	45.28	--	22	99616	买盘
13:13:18	45.28	--	35	158480	买盘
13:13:12	45.28	--	8	36224	买盘
13:13:09	45.28	--	21	95088	买盘
13:13:06	45.28	--	17	76976	买盘
13:12:54	45.28	0.01	19	86032	买盘
13:12:51	45.27	-0.01	1	4527	卖盘
13:12:48	45.28	--	7	31696	买盘
13:12:42	45.28	--	2	9056	买盘
13:12:39	45.28	--	1	4528	买盘
13:12:36	45.28	--	5	22640	买盘
13:12:24	45.28	--	3	13584	卖盘
13:12:18	45.28	-0.02	1	4528	中性盘
13:11:27	45.3	0.02	17	77010	买盘
13:11:15	45.28	-0.02	11	49808	中性盘
13:10:27	45.3	--	5	22650	买盘
13:09:51	45.3	0.03	1	4530	买盘
13:09:45	45.27	0.01	3	13581	买盘
13:09:27	45.26	--	10	45260	卖盘
13:09:24	45.26	--	96	434496	买盘
13:09:15	45.26	--	5	22630	买盘
13:09:03	45.26	--	20	90520	买盘
13:08:39	45.26	--	12	54312	买盘
13:08:24	45.26	-0.01	14	63364	卖盘
13:07:42	45.27	0.02	6	27162	中性盘
13:07:24	45.25	-0.05	7	31675	卖盘
13:07:18	45.3	--	7	31709	买盘
13:07:15	45.3	0.05	5	22650	买盘
13:06:54	45.25	-0.01	10	45250	卖盘
13:06:42	45.26	--	1	4526	买盘
13:06:21	45.26	0.02	1	4526	买盘
13:06:09	45.24	-0.02	17	76908	卖盘
13:06:03	45.26	0.02	1	4526	买盘
13:06:00	45.24	-0.02	1	4524	卖盘
13:05:48	45.26	--	12	54312	买盘
13:05:42	45.26	--	17	76942	买盘
13:05:39	45.26	--	8	36208	卖盘
13:05:33	45.26	-0.04	2	9052	卖盘
13:05:24	45.3	0.04	9	40770	买盘
13:05:09	45.26	--	10	45260	买盘
13:05:03	45.26	--	5	22630	买盘
13:04:48	45.26	0.02	9	40734	买盘
13:04:42	45.24	-0.02	12	54288	卖盘
13:04:30	45.26	-0.04	1	4526	中性盘
13:04:15	45.3	0.06	25	113250	买盘
13:04:09	45.24	-0.02	57	257868	卖盘
13:04:03	45.26	-0.04	1	4526	卖盘
13:03:36	45.3	-0.07	58	262740	卖盘
13:02:18	45.37	-0.01	4	18148	卖盘
13:02:15	45.38	--	12	54456	买盘
13:02:06	45.38	0.01	1	4538	买盘
13:01:42	45.37	-0.01	7	31759	卖盘
13:01:36	45.38	--	1	4538	买盘
13:01:24	45.38	0.01	1	4538	买盘
13:01:18	45.37	--	10	45370	卖盘
13:00:09	45.37	-0.01	1	4537	卖盘
13:00:06	45.38	0.01	16	72608	买盘
13:00:03	45.37	--	6	27222	买盘
11:30:03	45.37	--	0	0	买盘
11:29:54	45.37	0.07	1	4537	买盘
11:29:42	45.3	--	8	36240	买盘
11:29:36	45.3	--	1	4530	买盘
11:29:09	45.3	-0.05	1	4530	卖盘
11:29:00	45.35	--	4	18140	买盘
11:28:33	45.35	0.01	34	154190	买盘
11:28:18	45.34	0.09	18	81612	买盘
11:27:57	45.25	-0.05	23	104075	卖盘
11:27:45	45.3	--	12	54360	买盘
11:27:21	45.3	-0.01	27	122309	卖盘
11:27:18	45.31	--	2	9062	中性盘
11:27:06	45.31	--	4	18124	买盘
11:26:48	45.31	0.01	5	22655	买盘
11:26:39	45.3	-0.01	1	4530	卖盘
11:26:36	45.31	0.01	1	4531	买盘
11:26:33	45.3	-0.01	50	226500	卖盘
11:26:24	45.31	--	59	267329	买盘
11:26:21	45.31	--	3	13593	卖盘
11:26:09	45.31	-0.01	7	31717	卖盘
11:26:03	45.32	0.02	1	4532	买盘
11:25:39	45.3	--	9	40770	卖盘
11:25:33	45.3	-0.01	8	36240	卖盘
11:25:30	45.31	0.01	2	9062	买盘
11:25:24	45.3	0.05	95	430350	买盘
11:25:18	45.25	--	5	22625	买盘
11:25:03	45.25	--	6	27150	卖盘
11:24:57	45.25	-0.04	20	90500	卖盘
11:24:15	45.29	-0.01	1	4529	卖盘
11:24:06	45.3	0.01	1	4530	买盘
11:23:57	45.29	--	43	194747	卖盘
11:23:42	45.29	--	3	13587	买盘
11:23:24	45.29	--	8	36232	买盘
11:23:03	45.29	0.04	5	22645	买盘
11:22:33	45.25	0.05	10	45250	买盘
11:22:21	45.2	-0.01	90	406800	卖盘
11:22:12	45.21	--	7	31647	买盘
11:22:09	45.21	--	7	31647	买盘
11:22:03	45.21	--	10	45210	买盘
11:22:00	45.21	-0.05	27	122067	卖盘
11:21:57	45.26	--	3	13578	买盘
11:21:48	45.26	0.03	7	31682	买盘
11:21:27	45.23	--	1	4523	买盘
11:21:24	45.23	0.03	3	13568	买盘
11:21:21	45.2	-0.03	4	18080	卖盘
11:21:09	45.23	--	20	90460	买盘
11:20:39	45.23	0.03	10	45230	买盘
11:20:33	45.2	-0.03	20	90400	卖盘
11:20:15	45.23	0.05	1	4523	买盘
11:20:06	45.18	-0.05	6	28598	中性盘
11:19:30	45.23	0.03	92	416116	买盘
11:19:24	45.2	-0.03	1	4520	卖盘
11:19:12	45.23	0.02	5	22615	买盘
11:19:03	45.21	-0.02	31	140151	卖盘
11:18:45	45.23	--	3	13568	买盘
11:18:27	45.23	--	2	9046	买盘
11:18:18	45.23	--	1	4523	买盘
11:18:12	45.23	--	7	31660	卖盘
11:17:54	45.23	-0.03	6	27137	卖盘
11:17:33	45.26	0.03	1	4526	中性盘
11:17:03	45.23	-0.07	30	135690	卖盘
11:16:51	45.3	--	50	226500	买盘
11:16:45	45.3	--	12	54360	卖盘
11:16:42	45.3	-0.01	6	27180	卖盘
11:16:39	45.31	0.01	1	4531	买盘
11:16:36	45.3	--	1	4530	卖盘
11:16:27	45.3	--	1	4530	买盘
11:16:12	45.3	-0.01	1	4530	中性盘
11:16:03	45.31	0.01	1	4531	买盘
11:15:51	45.3	0.07	3	13590	买盘
11:15:36	45.23	--	10	45230	卖盘
11:15:21	45.23	-0.07	1	4523	卖盘
11:15:18	45.3	0.07	1	4530	买盘
11:15:09	45.23	0.01	8	36184	买盘
11:15:06	45.22	-0.01	14	63308	卖盘
11:14:54	45.23	0.01	5	22615	买盘
11:14:48	45.22	-0.01	1	4522	卖盘
11:14:45	45.23	--	9	40707	买盘
11:14:36	45.23	0.01	10	45230	买盘
11:14:33	45.22	-0.01	20	90440	卖盘
11:14:30	45.23	--	13	58798	买盘
11:14:24	45.23	0.01	2	9046	买盘
11:14:21	45.22	-0.01	1	4522	卖盘
11:14:09	45.23	-0.07	47	212580	卖盘
11:13:57	45.3	-0.01	19	86070	卖盘
11:13:54	45.31	0.01	1	4531	买盘
11:13:36	45.3	--	6	27180	买盘
11:13:21	45.3	0.05	27	122309	买盘
11:13:18	45.25	-0.05	1	4525	卖盘
11:13:09	45.3	--	1	4530	买盘
11:12:57	45.3	0.08	2	9060	买盘
11:12:21	45.22	-0.06	1	4522	卖盘
11:12:12	45.28	0.06	1	4528	买盘
11:11:54	45.22	0.02	5	22610	买盘
11:11:33	45.2	0.01	21	94920	买盘
11:11:30	45.19	--	27	122013	卖盘
11:11:21	45.19	--	32	144608	买盘
11:11:18	45.19	--	2	9038	买盘
11:11:15	45.19	--	10	45190	买盘
11:11:12	45.19	0.01	16	72304	买盘
11:11:06	45.18	0.01	3	13554	买盘
11:11:03	45.17	-0.01	12	54204	卖盘
11:11:00	45.18	0.01	4	18072	买盘
11:10:57	45.17	--	3	13551	卖盘
11:10:54	45.17	--	5	22585	卖盘
11:10:48	45.17	--	30	138175	买盘
11:10:45	45.17	--	27	121959	买盘
11:10:42	45.17	0.02	5	22585	买盘
11:10:33	45.15	-0.01	16	72240	卖盘
11:10:30	45.16	--	10	45160	卖盘
11:10:27	45.16	--	3	13547	买盘
11:10:18	45.16	0.01	5	22580	买盘
11:10:12	45.15	-0.02	26	117390	卖盘
11:10:09	45.17	0.01	1	4517	买盘
11:10:06	45.16	--	10	45160	卖盘
11:10:03	45.16	--	2	9032	卖盘
11:09:54	45.16	0.01	10	45160	中性盘
11:09:51	45.15	-0.02	20	90300	卖盘
11:09:48	45.17	--	14	63238	买盘
11:09:45	45.17	0.01	62	280054	买盘
11:09:42	45.16	0.01	17	76772	买盘
11:09:39	45.15	--	17	76755	卖盘
11:09:36	45.15	-0.01	5	22575	卖盘
11:09:30	45.16	--	2	9032	买盘
11:09:27	45.16	-0.01	15	67740	卖盘
11:09:18	45.17	--	5	22585	买盘
11:09:15	45.17	--	1	4517	买盘
11:09:12	45.17	-0.01	4	18068	卖盘
11:09:09	45.18	0.01	14	63252	买盘
11:09:06	45.17	--	20	90340	卖盘
11:09:03	45.17	--	8	36136	卖盘
11:08:57	45.17	--	2	9034	卖盘
11:08:54	45.17	--	2	9034	卖盘
11:08:51	45.17	-0.01	6	27102	卖盘
11:08:45	45.18	--	7	31626	买盘
11:08:39	45.18	--	5	22590	卖盘
11:08:36	45.18	-0.01	8	36144	卖盘
11:08:33	45.19	0.01	7	31633	买盘
11:08:30	45.18	--	30	135540	卖盘
11:08:27	45.18	--	2	9036	卖盘
11:08:21	45.18	-0.02	186	840348	卖盘
11:08:15	45.2	--	1	4520	买盘
11:08:03	45.2	-0.01	85	384200	卖盘
11:08:00	45.21	0.01	34	153714	买盘
11:07:57	45.2	--	28	126560	卖盘
11:07:54	45.2	-0.01	19	85880	卖盘
11:07:51	45.21	0.01	10	45210	买盘
11:07:48	45.2	--	10	45200	卖盘
11:07:42	45.2	--	4	18080	卖盘
11:07:39	45.2	-0.01	6	27120	卖盘
11:07:27	45.21	--	17	76857	卖盘
11:07:15	45.21	--	16	72336	卖盘
11:07:12	45.21	-0.03	1	4521	卖盘
11:07:09	45.24	0.03	1	4524	买盘
11:07:06	45.21	--	14	63294	卖盘
11:07:03	45.21	--	1	4521	卖盘
11:07:00	45.21	--	16	72336	卖盘
11:06:54	45.21	-0.03	27	122067	卖盘
11:06:51	45.24	0.02	5	22620	买盘
11:06:45	45.22	--	7	31654	卖盘
11:06:39	45.22	-0.02	56	253232	卖盘
11:06:30	45.24	0.01	10	45240	买盘
11:06:24	45.23	-0.01	19	85937	卖盘
11:06:21	45.24	--	14	63336	卖盘
11:06:15	45.24	--	28	126672	卖盘
11:06:12	45.24	-0.01	5	22620	卖盘
11:06:00	45.25	--	42	191905	卖盘
11:05:57	45.25	--	2	9050	卖盘
11:05:39	45.25	-0.02	50	226250	卖盘
11:05:36	45.27	--	10	45270	买盘
11:05:27	45.27	0.01	4	18108	买盘
11:05:24	45.26	-0.01	10	45260	卖盘
11:05:21	45.27	--	3	13581	买盘
11:05:18	45.27	0.01	5	22635	买盘
11:05:12	45.26	--	36	162936	卖盘
11:05:03	45.26	-0.01	7	31682	卖盘
11:05:00	45.27	--	1	4527	买盘
11:04:51	45.27	--	1	4527	买盘
11:04:48	45.27	--	45	203715	卖盘
11:04:42	45.27	-0.03	21	95067	卖盘
11:04:33	45.3	--	3	13590	买盘
11:04:21	45.3	0.03	8	36240	买盘
11:04:18	45.27	-0.04	1	4527	卖盘
11:04:03	45.31	0.04	5	22655	买盘
11:04:00	45.27	--	6	27162	买盘
11:03:45	45.27	-0.03	2	9054	中性盘
11:03:36	45.3	--	1	4530	买盘
11:03:33	45.3	--	36	163080	买盘
11:03:30	45.3	0.03	156	706680	买盘
11:03:27	45.27	-0.03	5	22635	卖盘
11:03:24	45.3	0.03	16	72480	买盘
11:03:21	45.27	-0.02	1	4527	卖盘
11:03:12	45.29	0.02	2	9058	中性盘
11:03:03	45.27	-0.02	47	212769	卖盘
11:02:57	45.29	0.02	18	81522	买盘
11:02:54	45.27	--	15	67905	卖盘
11:02:51	45.27	-0.03	1	4527	卖盘
11:02:36	45.3	0.02	5	22650	买盘
11:02:30	45.28	-0.01	10	45280	卖盘
11:02:21	45.29	--	1	4529	卖盘
11:02:15	45.29	--	9	40761	买盘
11:02:12	45.29	0.04	1	4529	买盘
11:01:57	45.25	-0.03	100	452500	卖盘
11:01:54	45.28	--	10	45280	买盘
11:01:48	45.28	--	2	9056	买盘
11:01:39	45.28	--	6	27168	卖盘
11:01:33	45.28	0.01	1	4528	中性盘
11:01:06	45.27	--	1	4527	卖盘
11:01:03	45.27	-0.02	8	36216	卖盘
11:01:00	45.29	--	1	4529	卖盘
11:00:57	45.29	--	12	54348	买盘
11:00:54	45.29	0.02	1	4529	买盘
11:00:51	45.27	-0.02	149	674523	卖盘
11:00:48	45.29	--	15	67935	买盘
11:00:42	45.29	--	2	9058	买盘
11:00:33	45.29	-0.01	20	90580	卖盘
11:00:24	45.3	--	49	221970	买盘
11:00:21	45.3	0.01	3	13590	买盘
11:00:12	45.29	-0.01	2	9058	卖盘
11:00:03	45.3	--	20	90600	买盘
10:59:48	45.3	--	23	104190	卖盘
10:59:18	45.3	-0.02	100	453000	卖盘
10:59:15	45.32	-0.01	2	9064	卖盘
10:59:03	45.33	0.01	1	4533	买盘
10:59:00	45.32	--	1	4532	卖盘
10:58:48	45.32	--	20	90640	卖盘
10:58:42	45.32	--	2	9064	中性盘
10:58:24	45.32	-0.01	4	18128	卖盘
10:58:12	45.33	--	1	4533	买盘
10:58:06	45.33	--	63	285579	卖盘
10:57:42	45.33	-0.05	4	18132	卖盘
10:57:39	45.38	0.05	1	4538	买盘
10:57:36	45.33	-0.05	1	4533	卖盘
10:57:30	45.38	--	14	63532	买盘
10:57:27	45.38	--	6	27228	买盘
10:57:15	45.38	-0.04	132	599016	卖盘
10:57:12	45.42	-0.05	33	149886	卖盘
10:57:06	45.47	0.05	2	9094	买盘
10:57:00	45.42	-0.01	22	99924	卖盘
10:56:48	45.43	--	5	22715	卖盘
10:56:45	45.43	--	5	22715	卖盘
10:56:33	45.43	-0.01	3	13629	卖盘
10:56:27	45.44	0.01	1	4544	中性盘
10:56:12	45.43	-0.02	18	81774	卖盘
10:56:09	45.45	0.02	23	104535	买盘
10:55:33	45.43	-0.01	1	4543	卖盘
10:55:30	45.44	--	3	13632	买盘
10:55:24	45.44	-0.01	4	18176	卖盘
10:55:15	45.45	--	1	4545	买盘
10:55:00	45.45	--	2	9090	卖盘
10:54:51	45.45	--	1	4545	卖盘
10:54:48	45.45	--	2	9090	卖盘
10:54:45	45.45	--	10	45450	卖盘
10:54:33	45.45	--	7	31815	卖盘
10:54:09	45.45	-0.01	1	4545	卖盘
10:54:00	45.46	--	7	31822	买盘
10:53:51	45.46	--	4	18184	卖盘
10:53:45	45.46	--	1	4546	卖盘
10:53:36	45.46	-0.01	8	36368	卖盘
10:53:33	45.47	--	2	9094	买盘
10:53:21	45.47	-0.01	7	31829	买盘
10:53:18	45.48	-0.02	1	4548	中性盘
10:53:00	45.5	0.02	30	136500	买盘
10:52:57	45.48	--	1	4548	卖盘
10:52:39	45.48	-0.02	6	27287	卖盘
10:52:33	45.5	0.02	47	213850	买盘
10:52:24	45.48	--	3	13643	买盘
10:52:12	45.48	--	1	4548	买盘
10:51:54	45.48	--	5	22740	买盘
10:51:48	45.48	--	2	9096	买盘
10:51:45	45.48	--	3	13643	买盘
10:51:33	45.48	--	13	59123	买盘
10:51:27	45.48	--	10	45480	买盘
10:51:12	45.48	--	4	18192	买盘
10:51:06	45.48	--	2	9096	买盘
10:51:03	45.48	--	1	4548	买盘
10:51:00	45.48	0.03	20	90960	买盘
10:50:57	45.45	--	1	4545	卖盘
10:50:45	45.45	0.03	25	113625	买盘
10:50:42	45.42	0.02	3	13626	买盘
10:50:21	45.4	--	65	295100	买盘
10:50:12	45.4	--	10	45400	买盘
10:49:54	45.4	--	8	36320	买盘
10:49:51	45.4	0.01	2	9080	买盘
10:49:45	45.39	0.01	50	226950	买盘
10:49:12	45.38	--	16	72608	卖盘
10:49:09	45.38	--	15	68070	买盘
10:49:06	45.38	0.07	1	4538	买盘
10:48:42	45.31	-0.07	1	4531	卖盘
10:48:36	45.38	--	18	81684	买盘
10:48:30	45.38	0.07	14	63532	买盘
10:48:18	45.31	--	10	45310	卖盘
10:48:15	45.31	-0.07	1	4531	卖盘
10:48:12	45.38	--	1	4538	买盘
10:47:42	45.38	0.07	8	36304	买盘
10:47:36	45.31	--	2	9062	买盘
10:47:27	45.31	--	3	13593	买盘
10:47:24	45.31	--	38	172178	卖盘
10:47:21	45.31	0.01	2	9062	买盘
10:47:15	45.3	-0.01	5	22650	卖盘
10:47:06	45.31	--	7	31717	买盘
10:47:03	45.31	--	1	4531	买盘
10:46:57	45.31	--	3	13593	买盘
10:46:45	45.31	0.01	8	36248	买盘
10:46:42	45.3	-0.01	1	4530	卖盘
10:46:39	45.31	--	10	45310	买盘
10:46:33	45.31	0.01	2	9062	买盘
10:46:18	45.3	--	6	27180	卖盘
10:46:12	45.3	-0.01	2	9060	卖盘
10:46:06	45.31	--	30	135930	卖盘
10:46:03	45.31	0.01	30	135930	买盘
10:46:00	45.3	--	1	4530	卖盘
10:45:45	45.3	--	1	4530	卖盘
10:45:24	45.3	0.01	14	63419	卖盘
10:45:15	45.29	-0.02	61	276269	卖盘
10:45:12	45.31	0.01	1	4531	买盘
10:45:06	45.3	-0.01	6	27180	卖盘
10:45:03	45.31	--	1	4531	买盘
10:44:54	45.31	--	1	4531	买盘
10:44:45	45.31	0.01	2	9062	买盘
10:44:33	45.3	--	1	4530	卖盘
10:44:27	45.3	--	8	36240	买盘
10:44:24	45.3	--	15	67950	买盘
10:44:18	45.3	--	1	4530	买盘
10:44:15	45.3	--	2	9060	买盘
10:44:12	45.3	-0.06	94	425820	卖盘
10:44:06	45.36	0.05	2	9072	买盘
10:44:00	45.31	-0.01	50	226550	卖盘
10:43:54	45.32	0.01	1	4532	中性盘
10:43:48	45.31	0.01	2	9062	中性盘
10:43:12	45.3	-0.07	7	31709	卖盘
10:43:06	45.37	0.07	1	4537	买盘
10:42:57	45.3	--	7	31709	买盘
10:42:51	45.3	0.01	7	31709	买盘
10:42:42	45.29	-0.01	5	22645	卖盘
10:42:36	45.3	0.01	1	4530	中性盘
10:42:27	45.29	-0.09	3	13587	卖盘
10:42:24	45.38	0.08	1	4538	买盘
10:42:21	45.3	--	13	58889	买盘
10:42:18	45.3	0.02	1	4530	中性盘
10:42:06	45.28	-0.02	50	226400	卖盘
10:42:03	45.3	0.01	9	40770	卖盘
10:41:54	45.29	--	25	113225	卖盘
10:41:51	45.29	--	2	9058	卖盘
10:41:48	45.29	-0.01	10	45290	卖盘
10:41:45	45.3	--	11	49830	卖盘
10:41:39	45.3	--	1	4530	卖盘
10:41:36	45.3	--	13	58889	买盘
10:41:27	45.3	--	4	18120	卖盘
10:41:24	45.3	--	35	158550	卖盘
10:41:09	45.3	--	2	9060	卖盘
10:41:00	45.3	0.01	20	90600	买盘
10:40:57	45.29	-0.01	5	22645	卖盘
10:40:51	45.3	0.01	7	31709	买盘
10:40:48	45.29	-0.01	4	18116	卖盘
10:40:39	45.3	--	40	181200	中性盘
10:40:36	45.3	--	4	18120	买盘
10:40:27	45.3	--	5	22650	买盘
10:40:15	45.3	-0.01	20	90600	卖盘
10:40:09	45.31	--	10	45310	卖盘
10:40:06	45.31	--	1	4531	买盘
10:40:03	45.31	0.01	50	226550	买盘
10:40:00	45.3	-0.01	12	54360	卖盘
10:39:51	45.31	0.01	1	4531	买盘
10:39:48	45.3	--	9	40770	买盘
10:39:45	45.3	-0.01	1	4530	卖盘
10:39:39	45.31	--	16	72496	卖盘
10:39:36	45.31	-0.08	1	4531	卖盘
10:39:33	45.39	0.08	1	4539	买盘
10:39:15	45.31	--	3	13593	买盘
10:39:09	45.31	--	1	4531	买盘
10:38:57	45.31	-0.04	101	457631	中性盘
10:38:54	45.35	0.05	50	226750	买盘
10:38:51	45.3	0.02	1	4530	中性盘
10:38:48	45.28	-0.03	100	452800	卖盘
10:38:45	45.31	--	5	22655	卖盘
10:38:42	45.31	--	5	22655	买盘
10:38:36	45.31	--	10	45310	买盘
10:38:24	45.31	0.01	1	4531	买盘
10:38:21	45.3	-0.01	50	226500	卖盘
10:38:18	45.31	--	7	31717	买盘
10:38:09	45.31	0.01	1	4531	买盘
10:38:03	45.3	-0.01	9	40770	卖盘
10:38:00	45.31	-0.02	101	457631	卖盘
10:37:57	45.33	-0.02	26	117858	卖盘
10:37:48	45.35	0.01	15	68025	买盘
10:37:36	45.34	-0.01	15	68010	卖盘
10:37:33	45.35	0.01	60	272100	买盘
10:37:24	45.34	-0.01	2	9068	卖盘
10:37:15	45.35	--	5	22675	买盘
10:37:12	45.35	-0.04	31	140585	卖盘
10:36:57	45.39	--	3	13617	买盘
10:36:54	45.39	0.04	10	45390	买盘
10:36:51	45.35	--	1	4535	卖盘
10:36:45	45.35	-0.04	1	4535	卖盘
10:36:24	45.39	0.04	4	18156	买盘
10:36:09	45.35	-0.04	9	40815	卖盘
10:36:06	45.39	0.04	1	4539	买盘
10:36:03	45.35	--	2	9070	卖盘
10:35:54	45.35	--	40	181400	卖盘
10:35:51	45.35	--	1	4535	卖盘
10:35:45	45.35	-0.04	1	4535	卖盘
10:35:42	45.39	0.04	6	27234	买盘
10:35:33	45.35	-0.04	4	18140	卖盘
10:35:24	45.39	--	5	22695	买盘
10:35:06	45.39	0.04	1	4539	买盘
10:34:54	45.35	--	6	27210	卖盘
10:34:48	45.35	-0.05	10	45350	卖盘
10:34:06	45.4	-0.01	18	81720	卖盘
10:33:57	45.41	0.01	21	95361	买盘
10:33:48	45.4	--	1	4540	卖盘
10:33:42	45.4	--	2	9080	卖盘
10:33:36	45.4	--	2	9080	卖盘
10:33:33	45.4	0.05	40	181600	买盘
10:33:30	45.35	--	5	22675	买盘
10:33:27	45.35	--	14	63490	买盘
10:33:24	45.35	--	4	18140	买盘
10:33:18	45.35	--	1	4535	买盘
10:33:03	45.35	--	20	90700	买盘
10:32:57	45.35	0.04	1	4535	买盘
10:32:54	45.31	-0.04	10	45310	卖盘
10:32:51	45.35	0.03	10	45350	买盘
10:32:48	45.32	-0.03	1	4532	卖盘
10:32:42	45.35	--	2	9070	卖盘
10:32:36	45.35	--	3	13605	买盘
10:32:33	45.35	0.05	6	27210	买盘
10:32:27	45.3	-0.01	50	226500	卖盘
10:32:18	45.31	-0.09	11	49841	卖盘
10:32:15	45.4	0.09	1	4540	买盘
10:31:57	45.31	--	34	154054	卖盘
10:31:36	45.31	-0.02	103	466693	卖盘
10:31:33	45.33	--	3	13599	卖盘
10:31:21	45.33	-0.02	189	856737	卖盘
10:31:06	45.35	-0.06	4	18140	卖盘
10:31:00	45.41	-0.01	1	4541	中性盘
10:30:51	45.42	0.07	8	36336	买盘
10:30:48	45.35	-0.07	5	22675	卖盘
10:30:45	45.42	0.01	3	13626	买盘
10:30:09	45.41	0.07	13	59032	买盘
10:30:03	45.34	--	1	4534	卖盘
10:29:54	45.34	--	5	22670	卖盘
10:29:39	45.34	-0.01	14	63476	卖盘
10:29:36	45.35	-0.02	99	448965	卖盘
10:29:30	45.37	--	14	63518	卖盘
10:29:21	45.37	--	10	45370	卖盘
10:29:06	45.37	-0.01	7	31759	卖盘
10:29:00	45.38	-0.02	12	54456	卖盘
10:28:57	45.4	--	7	31780	卖盘
10:28:54	45.4	-0.02	14	63560	卖盘
10:28:51	45.42	0.03	4	18168	买盘
10:28:48	45.39	-0.03	5	22695	卖盘
10:28:00	45.42	--	1	4542	买盘
10:27:09	45.42	0.03	2	9084	买盘
10:27:03	45.39	--	1	4539	卖盘
10:26:51	45.39	0.01	3	13617	买盘
10:26:39	45.38	-0.01	1	4538	卖盘
10:26:12	45.39	--	1	4539	买盘
10:26:00	45.39	--	1	4539	中性盘
10:25:27	45.39	-0.03	2	9078	卖盘
10:25:21	45.42	0.04	18	81756	买盘
10:25:09	45.38	--	4	18152	卖盘
10:25:00	45.38	--	7	31766	卖盘
10:24:57	45.38	--	46	213149	卖盘
10:24:54	45.38	-0.01	1	4538	卖盘
10:24:51	45.39	0.04	1	4539	买盘
10:24:33	45.35	-0.04	1	4535	卖盘
10:24:30	45.39	0.04	10	45390	买盘
10:24:15	45.35	0.01	4	18140	买盘
10:24:12	45.34	-0.01	15	68010	卖盘
10:24:03	45.35	--	1	4535	买盘
10:23:54	45.35	--	6	27210	卖盘
10:23:45	45.35	-0.04	1	4535	卖盘
10:23:42	45.39	--	3	13617	卖盘
10:23:27	45.39	0.01	40	181560	卖盘
10:23:18	45.38	--	3	13614	买盘
10:23:15	45.38	-0.03	147	667086	卖盘
10:23:00	45.41	-0.01	1	4541	卖盘
10:22:57	45.42	--	1	4542	买盘
10:22:51	45.42	--	7	31794	卖盘
10:22:36	45.42	--	10	45420	卖盘
10:22:18	45.42	-0.06	1	4542	卖盘
10:22:00	45.48	--	1	4548	买盘
10:21:51	45.48	0.07	152	691296	买盘
10:21:39	45.41	-0.07	193	876412	卖盘
10:21:30	45.48	-0.01	1	4548	中性盘
10:21:18	45.49	0.05	20	90980	买盘
10:21:15	45.44	-0.01	7	31808	卖盘
10:21:12	45.45	-0.04	36	163620	卖盘
10:21:06	45.49	--	20	90980	买盘
10:20:54	45.49	0.02	20	90980	买盘
10:20:33	45.47	0.01	4	18188	卖盘
10:20:21	45.46	0.01	2	9092	买盘
10:20:15	45.45	-0.01	6	27270	卖盘
10:20:12	45.46	--	6	27276	买盘
10:19:54	45.46	--	1	4546	买盘
10:19:51	45.46	0.01	1	4546	买盘
10:19:42	45.45	--	2	9090	卖盘
10:19:36	45.45	0.02	33	149985	买盘
10:19:12	45.43	--	37	168091	卖盘
10:19:09	45.43	--	36	163548	买盘
10:19:00	45.43	0.06	20	90860	买盘
10:18:51	45.37	--	15	68055	卖盘
10:18:45	45.37	--	1	4537	卖盘
10:18:42	45.37	--	1	4537	买盘
10:18:36	45.37	--	5	22685	买盘
10:18:33	45.37	0.02	10	45370	买盘
10:18:30	45.35	--	1	4535	买盘
10:18:24	45.35	--	6	27210	卖盘
10:18:12	45.35	-0.02	1	4535	卖盘
10:18:09	45.37	--	14	63518	买盘
10:18:03	45.37	--	9	40833	买盘
10:18:00	45.37	--	2	9074	买盘
10:17:54	45.37	0.02	3	13611	买盘
10:17:51	45.35	--	1	4535	卖盘
10:17:48	45.35	--	10	45350	卖盘
10:17:45	45.35	-0.02	9	40815	卖盘
10:17:33	45.37	--	10	45370	买盘
10:17:09	45.37	-0.01	1	4537	买盘
10:16:42	45.38	--	15	68070	卖盘
10:16:39	45.38	0.03	148	671624	买盘
10:16:36	45.35	-0.01	5	22675	卖盘
10:16:27	45.36	--	2	9072	买盘
10:16:24	45.36	--	10	45360	买盘
10:16:21	45.36	0.01	32	145152	买盘
10:16:18	45.35	--	3	13605	卖盘
10:16:03	45.35	--	2	9070	卖盘
10:15:57	45.35	--	13	58955	买盘
10:15:51	45.35	--	3	13605	买盘
10:15:45	45.35	--	5	22675	买盘
10:15:42	45.35	0.02	2	9070	买盘
10:15:39	45.33	-0.02	2	9066	卖盘
10:15:27	45.35	0.02	2	9070	买盘
10:15:09	45.33	0.03	30	135990	买盘
10:15:06	45.3	-0.03	53	240089	卖盘
10:15:00	45.33	0.01	10	45330	买盘
10:14:57	45.32	-0.01	18	81576	卖盘
10:14:51	45.33	0.01	1	4533	买盘
10:14:48	45.32	--	5	22660	卖盘
10:14:45	45.32	--	12	54384	卖盘
10:14:39	45.32	-0.01	11	49852	卖盘
10:14:30	45.33	--	1	4533	买盘
10:14:27	45.33	0.01	1	4533	买盘
10:14:24	45.32	-0.01	10	45320	卖盘
10:14:09	45.33	--	11	49863	卖盘
10:14:06	45.33	--	1	4533	卖盘
10:14:03	45.33	--	2	9066	卖盘
10:14:00	45.33	-0.02	10	45330	卖盘
10:13:57	45.35	--	1	4535	买盘
10:13:39	45.35	-0.01	3	13605	中性盘
10:13:36	45.36	--	13	58968	买盘
10:13:27	45.36	0.03	1	4536	买盘
10:13:24	45.33	-0.02	20	90660	卖盘
10:13:15	45.35	--	1	4535	卖盘
10:13:12	45.35	--	33	149655	买盘
10:13:03	45.35	--	2	9070	买盘
10:13:00	45.35	--	1	4535	买盘
10:12:45	45.35	--	11	49885	买盘
10:12:42	45.35	--	5	22675	买盘
10:12:36	45.35	--	2	9070	买盘
10:12:27	45.35	--	3	13605	买盘
10:12:21	45.35	0.04	1	4535	买盘
10:12:18	45.31	--	2	9062	卖盘
10:12:06	45.31	-0.04	46	208426	卖盘
10:12:03	45.35	0.04	11	49885	卖盘
10:11:57	45.31	-0.05	61	276391	卖盘
10:11:48	45.36	0.01	1	4536	买盘
10:11:45	45.35	--	1	4535	卖盘
10:11:39	45.35	0.04	7	35917	买盘
10:11:36	45.31	--	38	172178	卖盘
10:11:33	45.31	-0.01	25	113275	卖盘
10:11:30	45.32	-0.03	1	4532	卖盘
10:11:27	45.35	0.04	1	4535	买盘
10:11:24	45.31	--	30	135930	买盘
10:11:21	45.31	--	2	9062	买盘
10:11:15	45.31	--	19	86089	卖盘
10:11:12	45.31	--	3	13593	卖盘
10:11:09	45.31	--	3	13593	卖盘
10:11:03	45.31	--	42	190302	卖盘
10:10:57	45.31	0.01	12	54372	中性盘
10:10:54	45.3	-0.01	51	231030	卖盘
10:10:51	45.31	--	1	4531	卖盘
10:10:42	45.31	--	30	135930	卖盘
10:10:36	45.31	-0.02	1	4531	卖盘
10:10:33	45.33	0.03	10	45330	中性盘
10:10:30	45.3	-0.06	33	149490	卖盘
10:10:27	45.36	0.06	1	4536	中性盘
10:10:09	45.3	-0.02	33	149490	卖盘
10:10:03	45.32	-0.05	35	158620	卖盘
10:10:00	45.37	0.01	22	99814	买盘
10:09:57	45.36	0.06	14	66543	中性盘
10:09:54	45.3	-0.02	68	308040	卖盘
10:09:51	45.32	--	2	9064	卖盘
10:09:48	45.32	--	21	95172	卖盘
10:09:45	45.32	--	7	31724	卖盘
10:09:36	45.32	-0.03	37	167684	卖盘
10:09:33	45.35	-0.02	100	453500	卖盘
10:09:30	45.37	--	2	9074	买盘
10:09:27	45.37	--	1	4537	买盘
10:09:21	45.37	-0.01	21	95277	卖盘
10:09:18	45.38	--	2	9076	买盘
10:09:09	45.38	0.01	2	9076	买盘
10:09:03	45.37	-0.01	2	9074	卖盘
10:08:57	45.38	--	13	58994	买盘
10:08:54	45.38	--	2	9076	买盘
10:08:51	45.38	-0.02	25	113450	卖盘
10:08:48	45.4	0.01	6	27240	买盘
10:08:42	45.39	--	3	13617	卖盘
10:08:39	45.39	-0.03	64	290496	卖盘
10:08:27	45.42	-0.02	17	77214	卖盘
10:08:24	45.44	-0.01	73	331712	卖盘
10:08:15	45.45	-0.01	2	9090	卖盘
10:08:06	45.46	-0.04	5	22730	卖盘
10:08:03	45.5	-0.02	54	245700	卖盘
10:07:57	45.52	0.01	1	4552	买盘
10:07:54	45.51	--	22	100122	卖盘
10:07:45	45.51	-0.03	14	63714	卖盘
10:07:42	45.54	--	7	31878	卖盘
10:07:36	45.54	-0.04	12	54648	卖盘
10:07:27	45.58	--	2	9116	买盘
10:07:24	45.58	0.04	11	50138	买盘
10:07:21	45.54	-0.04	20	91080	卖盘
10:07:09	45.58	--	46	209668	卖盘
10:07:00	45.58	-0.01	2	9116	卖盘
10:06:57	45.59	0.01	1	4559	买盘
10:06:54	45.58	0.04	2	9116	卖盘
10:06:42	45.54	-0.03	1	4554	卖盘
10:06:24	45.57	--	11	50127	卖盘
10:06:21	45.57	--	2	9114	卖盘
10:06:03	45.57	--	8	36456	买盘
10:05:54	45.57	0.03	1	4557	买盘
10:05:51	45.54	--	7	31878	卖盘
10:05:45	45.54	--	3	13662	卖盘
10:05:42	45.54	-0.03	3	13662	中性盘
10:05:36	45.57	0.06	3	13671	买盘
10:05:30	45.51	--	5	22755	卖盘
10:05:24	45.51	0.06	5	22755	中性盘
10:05:12	45.45	-0.05	50	227250	卖盘
10:05:06	45.5	-0.01	1	4550	卖盘
10:05:03	45.51	--	5	22755	买盘
10:04:57	45.51	0.01	25	113775	中性盘
10:04:45	45.5	-0.09	7	31850	卖盘
10:04:42	45.59	0.09	3	13677	买盘
10:04:33	45.5	--	1	4550	卖盘
10:04:21	45.5	0.02	61	277550	买盘
10:04:18	45.48	0.04	4	18192	中性盘
10:04:09	45.44	-0.04	19	86336	卖盘
10:03:45	45.48	--	1	4548	买盘
10:03:39	45.48	0.04	1	4548	买盘
10:03:27	45.44	0.03	9	40896	买盘
10:03:24	45.41	-0.01	10	45410	卖盘
10:03:21	45.42	--	1	4542	买盘
10:03:18	45.42	--	10	45420	买盘
10:03:15	45.42	--	4	18168	卖盘
10:03:06	45.42	-0.02	11	49962	卖盘
10:03:03	45.44	--	2	9088	买盘
10:02:57	45.44	--	5	22720	买盘
10:02:51	45.44	--	13	59072	买盘
10:02:39	45.44	--	4	18176	买盘
10:02:36	45.44	--	3	13632	买盘
10:02:33	45.44	-0.01	24	109056	卖盘
10:02:30	45.45	-0.01	10	45450	卖盘
10:02:27	45.46	0.01	4	18184	卖盘
10:02:18	45.45	--	15	68175	买盘
10:02:03	45.45	0.01	1	4545	买盘
10:01:54	45.44	--	4	18176	买盘
10:01:51	45.44	--	5	22720	买盘
10:01:48	45.44	--	1	4544	买盘
10:01:45	45.44	-0.01	108	490752	卖盘
10:01:42	45.45	--	11	49995	买盘
10:01:39	45.45	--	19	86355	买盘
10:01:36	45.45	0.01	3	13635	买盘
10:01:33	45.44	--	4	18176	卖盘
10:01:30	45.44	0.05	80	363520	买盘
10:01:27	45.39	-0.05	1	4539	卖盘
10:01:18	45.44	--	10	45440	买盘
10:01:15	45.44	--	1	4544	买盘
10:01:06	45.44	0.05	41	186304	买盘
10:00:57	45.39	0.01	13	59007	买盘
10:00:54	45.38	-0.05	4	18152	卖盘
10:00:51	45.43	0.05	7	31801	买盘
10:00:48	45.38	-0.01	12	54456	卖盘
10:00:42	45.39	--	5	22695	买盘
10:00:39	45.39	-0.01	19	86241	卖盘
10:00:36	45.4	--	3	13620	买盘
10:00:33	45.4	-0.04	63	286020	卖盘
10:00:24	45.44	--	11	49984	买盘
10:00:18	45.44	0.03	67	304448	买盘
10:00:12	45.41	-0.01	10	45410	卖盘
10:00:09	45.42	--	2	9084	买盘
10:00:06	45.42	-0.01	14	63588	卖盘
10:00:00	45.43	--	1	4543	买盘
09:59:57	45.43	--	1	4543	卖盘
09:59:54	45.43	--	1	4543	卖盘
09:59:51	45.43	--	1	4543	买盘
09:59:45	45.43	--	1	4543	买盘
09:59:39	45.43	--	4	18172	买盘
09:59:36	45.43	--	14	63602	买盘
09:59:33	45.43	0.02	11	49973	买盘
09:59:30	45.41	--	4	18164	卖盘
09:59:27	45.41	0.01	5	22705	中性盘
09:59:21	45.4	-0.04	1	4540	卖盘
09:59:18	45.44	0.02	20	90880	买盘
09:59:15	45.42	0.02	10	45420	买盘
09:59:12	45.4	0.01	2	9080	中性盘
09:59:06	45.39	--	1	4539	卖盘
09:59:03	45.39	--	30	136170	卖盘
09:58:54	45.39	-0.04	31	140709	卖盘
09:58:48	45.43	0.05	1	4543	买盘
09:58:42	45.38	-0.05	1	4538	卖盘
09:58:39	45.43	0.04	6	27258	买盘
09:58:36	45.39	--	11	49929	买盘
09:58:33	45.39	0.01	10	45390	买盘
09:58:30	45.38	--	20	90760	卖盘
09:58:27	45.38	-0.01	1	4538	卖盘
09:58:18	45.39	--	21	95319	买盘
09:58:12	45.39	--	28	127092	卖盘
09:58:09	45.39	-0.04	23	104397	卖盘
09:57:54	45.43	0.04	1	4543	买盘
09:57:51	45.39	--	10	45390	卖盘
09:57:45	45.39	-0.05	101	458439	卖盘
09:57:39	45.44	--	19	86336	买盘
09:57:36	45.44	0.02	4	18176	中性盘
09:57:33	45.42	-0.03	6	27252	卖盘
09:57:30	45.45	0.02	20	90900	买盘
09:57:27	45.43	--	2	9086	买盘
09:57:24	45.43	-0.04	47	213521	卖盘
09:57:18	45.47	-0.01	1	4547	卖盘
09:57:15	45.48	0.03	10	45480	买盘
09:57:12	45.45	-0.03	10	45450	卖盘
09:56:48	45.48	0.04	2	9096	买盘
09:56:45	45.44	-0.01	10	45440	卖盘
09:56:42	45.45	--	2	9090	买盘
09:56:39	45.45	--	4	18180	买盘
09:56:36	45.45	--	3	13635	买盘
09:56:33	45.45	--	2	9090	买盘
09:56:30	45.45	--	10	45450	买盘
09:56:24	45.45	-0.03	44	199980	卖盘
09:56:15	45.48	--	8	36384	卖盘
09:56:12	45.48	--	3	13643	卖盘
09:56:09	45.48	-0.08	11	50028	卖盘
09:56:06	45.56	0.11	2	9112	买盘
09:56:03	45.45	-0.02	49	222705	卖盘
09:55:57	45.47	-0.01	1	4547	卖盘
09:55:54	45.48	--	7	31835	卖盘
09:55:51	45.48	-0.02	10	45480	卖盘
09:55:48	45.5	0.02	16	72800	买盘
09:55:45	45.48	--	1	4548	买盘
09:55:39	45.48	0.03	12	54575	买盘
09:55:30	45.45	--	7	31815	卖盘
09:55:24	45.45	0.03	26	118170	买盘
09:55:21	45.42	-0.03	12	54504	卖盘
09:55:06	45.45	-0.03	24	109080	卖盘
09:55:03	45.48	--	2	9096	卖盘
09:55:00	45.48	0.03	58	263784	买盘
09:54:54	45.45	-0.03	33	149985	卖盘
09:54:51	45.48	--	4	18192	买盘
09:54:45	45.48	0.03	30	136440	买盘
09:54:39	45.45	--	7	31815	买盘
09:54:36	45.45	-0.03	99	451409	卖盘
09:54:33	45.48	--	1	4548	买盘
09:54:27	45.48	--	11	50028	卖盘
09:54:24	45.48	-0.01	16	72768	卖盘
09:54:21	45.49	--	5	22745	买盘
09:54:09	45.49	--	3	13647	卖盘
09:54:06	45.49	-0.01	2	9098	卖盘
09:54:03	45.5	0.01	10	45500	买盘
09:54:00	45.49	-0.01	8	36392	卖盘
09:53:48	45.5	-0.02	73	332150	卖盘
09:53:27	45.52	-0.07	7	31864	卖盘
09:53:18	45.59	0.03	10	45590	买盘
09:53:15	45.56	--	10	45560	买盘
09:53:12	45.56	--	4	18224	买盘
09:53:09	45.56	-0.03	5	22780	卖盘
09:53:06	45.59	-0.01	20	91180	中性盘
09:52:45	45.6	0.04	1	4560	买盘
09:52:36	45.56	--	1	4556	卖盘
09:52:33	45.56	-0.05	1	4556	中性盘
09:52:06	45.61	0.09	5	22805	买盘
09:51:51	45.52	0.02	2	9104	中性盘
09:51:39	45.5	-0.01	22	103285	卖盘
09:51:36	45.51	--	2	9102	买盘
09:51:30	45.51	-0.01	4	18204	卖盘
09:51:27	45.52	--	1	4552	卖盘
09:51:24	45.52	--	61	277672	买盘
09:51:21	45.52	--	16	72832	买盘
09:51:06	45.52	-0.09	46	210757	卖盘
09:51:00	45.61	-0.03	1	4561	卖盘
09:50:54	45.64	0.09	1	4564	买盘
09:50:30	45.55	-0.05	151	687805	卖盘
09:50:21	45.6	--	7	31920	卖盘
09:50:15	45.6	-0.01	2	9120	卖盘
09:50:09	45.61	0.01	10	48802	买盘
09:50:00	45.6	--	6	27360	买盘
09:49:39	45.6	--	4	18240	买盘
09:49:36	45.6	--	5	24168	卖盘
09:49:33	45.6	--	1	4560	卖盘
09:49:30	45.6	--	1	4560	卖盘
09:49:24	45.6	--	3	16872	买盘
09:49:18	45.6	--	10	46968	卖盘
09:49:15	45.6	--	1	4560	卖盘
09:49:12	45.6	--	1	4560	卖盘
09:49:09	45.6	--	16	72960	卖盘
09:49:00	45.6	--	5	22800	卖盘
09:48:57	45.6	0.01	0	3192	买盘
09:48:54	45.59	-0.01	12	54708	卖盘
09:48:48	45.6	--	1	4560	买盘
09:48:39	45.6	--	1	4560	买盘
09:48:33	45.6	--	12	54720	买盘
09:48:24	45.6	--	5	22800	买盘
09:48:15	45.6	--	1	5928	卖盘
09:48:12	45.6	--	2	9120	卖盘
09:47:54	45.6	--	7	31920	卖盘
09:47:48	45.6	-0.1	7	31920	卖盘
09:47:45	45.7	0.1	1	4570	买盘
09:47:39	45.6	--	2	9120	卖盘
09:47:30	45.6	-0.07	8	36480	卖盘
09:47:24	45.67	0.01	33	153907	买盘
09:47:21	45.66	--	5	24199	卖盘
09:47:18	45.66	-0.01	7	31961	卖盘
09:47:09	45.67	0.01	2	9134	中性盘
09:47:06	45.66	-0.01	26	118715	卖盘
09:47:03	45.67	--	7	31969	卖盘
09:47:00	45.67	--	28	127876	卖盘
09:46:54	45.67	--	7	31969	卖盘
09:46:51	45.67	-0.07	7	31969	卖盘
09:46:48	45.74	0.03	15	68610	买盘
09:46:45	45.71	--	1	7542	卖盘
09:46:42	45.71	--	12	54852	卖盘
09:46:39	45.71	--	2	9142	卖盘
09:46:30	45.71	--	7	31997	卖盘
09:46:18	45.71	-0.04	5	22855	卖盘
09:46:15	45.75	--	2	9150	买盘
09:45:57	45.75	--	2	9150	买盘
09:45:54	45.75	0.04	3	13725	买盘
09:45:51	45.71	--	10	45710	卖盘
09:45:48	45.71	--	10	45710	卖盘
09:45:45	45.71	--	21	97590	卖盘
09:45:39	45.71	0.04	30	137130	买盘
09:45:21	45.67	0.01	1	4567	买盘
09:45:18	45.66	--	4	18264	卖盘
09:45:06	45.66	0.09	20	94516	买盘
09:45:00	45.57	-0.03	2	9114	卖盘
09:44:57	45.6	--	4	18240	买盘
09:44:54	45.6	--	10	45600	买盘
09:44:45	45.6	--	1	4560	买盘
09:44:39	45.6	-0.06	5	24168	卖盘
09:44:36	45.66	0.06	6	27395	买盘
09:44:33	45.6	--	5	25992	卖盘
09:44:24	45.6	-0.02	7	31920	卖盘
09:44:18	45.62	0.02	4	18248	买盘
09:44:15	45.6	-0.01	4	18240	卖盘
09:44:12	45.61	--	1	4561	买盘
09:44:09	45.61	--	6	27366	买盘
09:44:06	45.61	-0.01	4	18244	买盘
09:43:57	45.62	-0.05	4	18248	卖盘
09:43:42	45.67	0.07	1	4567	买盘
09:43:30	45.6	--	1	4560	中性盘
09:43:27	45.6	-0.01	7	31920	卖盘
09:43:18	45.61	-0.11	2	9122	卖盘
09:43:15	45.72	0.05	9	41148	买盘
09:43:12	45.67	--	2	9134	卖盘
09:43:06	45.67	-0.06	2	9134	卖盘
09:42:57	45.73	-0.04	18	83685	卖盘
09:42:39	45.77	--	1	4577	买盘
09:42:36	45.77	0.04	13	59501	买盘
09:42:27	45.73	-0.04	5	22865	卖盘
09:42:24	45.77	--	4	18308	买盘
09:42:21	45.77	0.04	2	9154	买盘
09:42:15	45.73	-0.04	8	39785	卖盘
09:42:12	45.77	0.04	1	4577	买盘
09:42:09	45.73	-0.03	29	132617	卖盘
09:42:06	45.76	-0.01	3	13728	中性盘
09:42:00	45.77	0.04	6	27462	买盘
09:41:57	45.73	-0.04	2	9146	卖盘
09:41:54	45.77	--	90	411930	买盘
09:41:27	45.77	--	8	36616	买盘
09:41:24	45.77	-0.01	7	32039	卖盘
09:41:18	45.78	0.01	20	91560	买盘
09:41:12	45.77	--	57	260889	卖盘
09:41:09	45.77	--	18	82386	买盘
09:41:00	45.77	0.01	7	32039	买盘
09:40:57	45.76	-0.01	1	4576	卖盘
09:40:51	45.77	0.01	1	4577	买盘
09:40:42	45.76	-0.01	1	4576	卖盘
09:40:39	45.77	--	5	22885	买盘
09:40:36	45.77	0.01	3	13731	买盘
09:40:33	45.76	-0.01	32	146432	中性盘
09:40:30	45.77	0.04	1	4577	买盘
09:40:24	45.73	--	21	96033	卖盘
09:40:21	45.73	--	75	342975	卖盘
09:40:18	45.73	--	4	18292	卖盘
09:40:15	45.73	-0.02	21	96033	中性盘
09:40:12	45.75	0.02	12	54900	买盘
09:40:06	45.73	0.01	3	13718	买盘
09:40:00	45.72	-0.01	4	18288	卖盘
09:39:57	45.73	--	3	13718	买盘
09:39:54	45.73	--	12	54875	买盘
09:39:51	45.73	0.01	1	4573	买盘
09:39:45	45.72	--	1	4572	买盘
09:39:36	45.72	0.05	5	22860	买盘
09:39:18	45.67	0.06	18	82206	买盘
09:39:06	45.61	--	14	63854	卖盘
09:38:54	45.61	0.07	3	13683	买盘
09:38:51	45.54	--	13	59202	买盘
09:38:48	45.54	0.03	1	4554	买盘
09:38:45	45.51	-0.03	5	22755	卖盘
09:38:42	45.54	--	1	4554	买盘
09:38:39	45.54	-0.01	10	45540	买盘
09:38:36	45.55	-0.06	10	45550	卖盘
09:38:33	45.61	0.05	8	36488	买盘
09:38:30	45.56	--	5	22780	卖盘
09:38:27	45.56	0.01	5	22780	卖盘
09:38:24	45.55	--	5	22775	买盘
09:38:18	45.55	--	14	63769	买盘
09:38:15	45.55	0.01	14	63769	买盘
09:38:12	45.54	0.03	1	4554	买盘
09:38:09	45.51	-0.03	1	4551	卖盘
09:38:06	45.54	--	8	36432	买盘
09:38:03	45.54	--	16	72864	买盘
09:37:57	45.54	--	1	4554	买盘
09:37:54	45.54	0.02	10	45540	买盘
09:37:51	45.52	0.01	7	31864	中性盘
09:37:48	45.51	-0.03	20	91020	卖盘
09:37:42	45.54	--	7	31878	买盘
09:37:33	45.54	--	7	31878	买盘
09:37:24	45.54	0.04	35	159390	买盘
09:37:18	45.5	0.04	21	95550	买盘
09:37:12	45.46	--	1	4546	卖盘
09:37:09	45.46	-0.04	31	140926	卖盘
09:36:57	45.5	0.04	12	54600	买盘
09:36:54	45.46	--	10	45460	卖盘
09:36:51	45.46	--	8	36368	卖盘
09:36:42	45.46	--	11	50006	卖盘
09:36:39	45.46	0.01	100	454600	中性盘
09:36:36	45.45	-0.03	7	31815	卖盘
09:36:33	45.48	0.02	4	18192	买盘
09:36:27	45.46	-0.02	3	13638	中性盘
09:36:24	45.48	0.02	15	68220	买盘
09:36:21	45.46	-0.04	11	50006	卖盘
09:36:03	45.5	--	20	91000	买盘
09:36:00	45.5	0.04	4	18200	买盘
09:35:57	45.46	-0.04	11	50006	卖盘
09:35:54	45.5	-0.04	14	63700	卖盘
09:35:48	45.54	0.08	2	9108	买盘
09:35:45	45.46	-0.08	55	250030	卖盘
09:35:42	45.54	0.04	1	4554	中性盘
09:35:33	45.5	--	9	40950	卖盘
09:35:30	45.5	-0.05	7	31850	中性盘
09:35:24	45.55	0.1	16	72880	买盘
09:35:18	45.45	-0.05	12	54540	卖盘
09:35:09	45.5	--	8	36400	买盘
09:35:03	45.5	0.05	25	113750	买盘
09:34:54	45.45	-0.05	46	212160	卖盘
09:34:48	45.5	--	2	9100	卖盘
09:34:45	45.5	--	17	77350	卖盘
09:34:42	45.5	--	10	45500	卖盘
09:34:39	45.5	0.03	4	18200	买盘
09:34:36	45.47	--	7	31829	卖盘
09:34:33	45.47	0.02	33	150051	卖盘
09:34:30	45.45	-0.05	15	68175	卖盘
09:34:24	45.5	--	18	81900	买盘
09:34:21	45.5	--	5	22750	买盘
09:34:18	45.5	0.07	5	22750	买盘
09:34:15	45.43	-0.02	30	136290	卖盘
09:34:12	45.45	-0.05	4	18180	卖盘
09:34:06	45.5	0.05	18	81900	买盘
09:34:03	45.45	-0.02	1	4545	卖盘
09:34:00	45.47	0.02	12	54564	中性盘
09:33:51	45.45	-0.05	6	27270	卖盘
09:33:42	45.5	--	2	9100	买盘
09:33:33	45.5	-0.06	120	546000	卖盘
09:33:30	45.56	--	5	22780	卖盘
09:33:18	45.56	--	24	109344	卖盘
09:33:09	45.56	-0.07	5	22780	卖盘
09:33:06	45.63	0.07	11	50193	中性盘
09:32:54	45.56	-0.07	24	109344	卖盘
09:32:51	45.63	-0.01	3	13689	卖盘
09:32:45	45.64	--	2	9128	买盘
09:32:39	45.64	--	9	41076	卖盘
09:32:36	45.64	--	8	36512	卖盘
09:32:33	45.64	-0.09	8	36512	卖盘
09:32:15	45.73	-0.02	2	9146	中性盘
09:32:03	45.75	0.02	7	32025	买盘
09:31:54	45.73	-0.02	8	36584	卖盘
09:31:48	45.75	-0.03	7	32025	中性盘
09:31:42	45.78	--	7	32046	买盘
09:31:39	45.78	0.05	5	22890	买盘
09:31:36	45.73	--	2	9146	买盘
09:31:33	45.73	--	3	13718	买盘
09:31:30	45.73	--	11	50303	卖盘
09:31:24	45.73	--	119	544187	卖盘
09:31:21	45.73	--	7	32010	卖盘
09:31:15	45.73	0.04	53	242368	买盘
09:31:09	45.69	--	9	41121	买盘
09:31:06	45.69	-0.02	16	73104	卖盘
09:30:54	45.71	--	15	68565	卖盘
09:30:36	45.71	0.01	6	27426	买盘
09:30:30	45.7	-0.01	1	4570	卖盘
09:30:21	45.71	0.02	19	86849	买盘
09:30:18	45.69	--	33	150777	买盘
09:30:15	45.69	0.04	22	100883	买盘
09:30:09	45.65	--	1	4565	卖盘
09:30:06	45.65	--	70	319550	卖盘
09:30:03	45.65	0.02	1	4565	买盘
09:25:03	45.63	45.63	44	200772	买盘
