成交时间	成交价	价格变动	成交量(手)	成交额(元)	性质
15:00:03	60.2	-0.06	110	662200	卖盘
14:57:03	60.26	--	0	0	买盘
14:57:00	60.26	-0.01	2	12052	卖盘
14:56:48	60.27	0.01	2	12054	买盘
14:56:33	60.26	0.05	5	30130	买盘
14:56:27	60.21	--	2	12042	卖盘
14:55:30	60.21	-0.07	4	24084	卖盘
14:55:09	60.28	0.07	2	12056	买盘
14:55:03	60.21	--	3	18063	卖盘
14:54:57	60.21	--	3	18063	卖盘
14:54:30	60.21	-0.07	16	96336	卖盘
14:54:27	60.28	0.06	1	6028	中性盘
14:53:54	60.22	0.01	7	42154	卖盘
14:53:48	60.21	--	3	18063	卖盘
14:53:45	60.21	--	9	54189	卖盘
14:53:36	60.21	-0.08	3	18063	卖盘
14:53:30	60.29	0.09	3	18087	买盘
14:52:45	60.2	--	23	138460	卖盘
14:51:51	60.2	-0.09	2	12040	卖盘
14:51:45	60.29	0.08	10	60290	买盘
14:51:39	60.21	--	2	12042	买盘
14:51:30	60.21	--	2	12042	卖盘
14:51:21	60.21	0.01	3	18063	中性盘
14:50:45	60.2	--	13	78260	中性盘
14:49:42	60.2	0.02	5	30100	买盘
14:49:39	60.18	-0.02	1	6018	卖盘
14:49:18	60.2	--	2	12040	买盘
14:49:15	60.2	--	20	120400	买盘
14:49:12	60.2	-0.01	30	180600	卖盘
14:49:06	60.21	--	4	24084	买盘
14:48:45	60.21	-0.09	2	12042	卖盘
14:48:33	60.3	--	1	6030	买盘
14:48:27	60.3	0.09	2	12060	买盘
14:48:21	60.21	-0.09	3	18063	卖盘
14:48:18	60.3	--	30	180900	买盘
14:47:48	60.3	-0.01	7	42210	卖盘
14:47:12	60.31	-0.05	27	162837	卖盘
14:46:54	60.36	-0.02	1	6036	卖盘
14:46:21	60.38	-0.01	4	24152	卖盘
14:45:15	60.39	-0.03	2	12078	卖盘
14:45:09	60.42	0.02	8	48336	买盘
14:45:03	60.4	-0.01	12	72480	卖盘
14:44:54	60.41	--	4	24164	买盘
14:44:45	60.41	0.01	5	30205	买盘
14:44:30	60.4	-0.01	3	18120	卖盘
14:44:06	60.41	-0.01	11	66451	卖盘
14:43:33	60.42	-0.08	5	34620	卖盘
14:43:30	60.5	0.08	5	30250	买盘
14:42:51	60.42	--	1	7673	卖盘
14:42:42	60.42	0.01	2	12084	中性盘
14:42:12	60.41	-0.01	2	12082	卖盘
14:42:09	60.42	--	2	12084	买盘
14:41:57	60.42	--	1	6042	买盘
14:41:48	60.42	-0.08	3	18126	卖盘
14:41:18	60.5	--	1	6050	买盘
14:40:57	60.5	--	1	6050	买盘
14:40:18	60.5	--	1	6050	买盘
14:39:51	60.5	--	19	114950	卖盘
14:39:33	60.5	--	1	6050	中性盘
14:39:12	60.5	--	1	6050	买盘
14:37:42	60.5	--	1	6050	卖盘
14:37:30	60.5	--	7	42350	卖盘
14:37:24	60.5	-0.01	1	6050	中性盘
14:35:42	60.51	-0.02	1	6051	中性盘
14:33:27	60.53	--	3	18159	卖盘
14:32:45	60.53	-0.02	2	12106	卖盘
14:32:00	60.55	--	1	6055	买盘
14:31:27	60.55	--	1	6055	买盘
14:31:15	60.55	0.02	5	30275	买盘
14:30:45	60.53	-0.02	1	6053	卖盘
14:30:30	60.55	0.02	4	24220	买盘
14:30:21	60.53	--	11	66583	买盘
14:30:06	60.53	--	4	24212	买盘
14:29:21	60.53	--	3	18159	买盘
14:29:00	60.53	0.13	1	6053	买盘
14:28:42	60.4	-0.15	1	6040	中性盘
14:25:00	60.55	0.17	1	6055	买盘
14:24:30	60.38	0.01	1	6038	中性盘
14:23:15	60.37	-0.03	1	6037	买盘
14:22:48	60.4	-0.19	5	30200	卖盘
14:22:21	60.59	-0.01	1	6059	中性盘
14:21:24	60.6	--	1	10483	卖盘
14:21:18	60.6	--	5	30300	卖盘
14:21:12	60.6	--	9	54540	卖盘
14:21:09	60.6	--	8	48480	卖盘
14:21:03	60.6	--	1	6060	卖盘
14:20:57	60.6	--	2	12120	卖盘
14:20:54	60.6	--	2	12120	卖盘
14:20:48	60.6	--	9	54540	卖盘
14:20:45	60.6	--	3	18180	卖盘
14:20:39	60.6	--	12	72720	卖盘
14:20:36	60.6	-0.01	3	18180	卖盘
14:20:21	60.61	0.01	11	66671	买盘
14:20:18	60.6	-0.01	6	36360	卖盘
14:20:00	60.61	-0.02	1	6061	卖盘
14:19:57	60.63	--	20	121260	买盘
14:19:27	60.63	-0.01	3	18189	卖盘
14:19:00	60.64	0.01	4	24256	买盘
14:18:33	60.63	--	2	12126	卖盘
14:18:30	60.63	--	3	18189	卖盘
14:18:21	60.63	--	5	30315	卖盘
14:18:03	60.63	-0.02	20	121260	卖盘
14:17:48	60.65	-0.01	1	6065	卖盘
14:17:45	60.66	0.01	4	24264	买盘
14:17:30	60.65	--	3	18195	买盘
14:17:27	60.65	-0.05	3	18195	买盘
14:17:12	60.7	--	5	30350	买盘
14:17:09	60.7	0.05	5	30350	买盘
14:17:03	60.65	--	9	54585	卖盘
14:16:33	60.65	0.02	11	66715	买盘
14:16:18	60.63	--	4	24252	卖盘
14:16:03	60.63	--	7	42441	买盘
14:15:57	60.63	0.03	6	36378	买盘
14:15:36	60.6	--	3	18180	卖盘
14:15:30	60.6	0.08	71	431896	买盘
14:15:09	60.52	0.02	2	12104	买盘
14:15:03	60.5	--	2	12100	卖盘
14:15:00	60.5	0.18	73	441650	买盘
14:14:54	60.32	-0.06	8	48256	卖盘
14:14:24	60.38	0.04	9	54342	买盘
14:14:09	60.34	0.02	20	120680	买盘
14:13:54	60.32	--	1	6032	买盘
14:13:42	60.32	--	2	12064	买盘
14:12:36	60.32	--	1	6032	卖盘
14:11:27	60.32	--	1	6032	卖盘
14:10:45	60.32	-0.01	2	12064	中性盘
14:09:51	60.33	-0.01	5	30165	卖盘
14:09:24	60.34	--	8	48272	卖盘
14:08:18	60.34	--	5	30170	卖盘
14:08:09	60.34	-0.01	2	12068	卖盘
14:07:57	60.35	0.01	3	18105	买盘
14:07:54	60.34	--	1	6034	卖盘
14:07:09	60.34	--	5	30170	卖盘
14:07:03	60.34	--	6	36204	卖盘
14:07:00	60.34	--	2	12068	买盘
14:06:30	60.34	-0.01	4	24136	卖盘
14:06:00	60.35	--	1	6035	买盘
14:04:54	60.35	0.02	6	36210	买盘
14:04:27	60.33	--	5	30165	卖盘
14:03:54	60.33	0.03	1	6033	买盘
14:03:18	60.3	--	29	174870	卖盘
14:02:57	60.3	--	5	30150	卖盘
14:02:30	60.3	-0.03	2	12060	卖盘
14:02:12	60.33	0.01	2	12066	买盘
14:02:06	60.32	0.02	3	18096	买盘
14:02:00	60.3	0.13	116	699480	买盘
14:01:57	60.17	--	1	6017	买盘
14:01:54	60.17	0.01	1	6017	中性盘
14:00:21	60.16	--	1	6016	卖盘
13:59:48	60.16	-0.02	10	60160	卖盘
13:59:18	60.18	--	1	6018	买盘
13:59:03	60.18	0.02	4	24072	买盘
13:58:54	60.16	--	4	24064	中性盘
13:58:39	60.16	--	5	30080	买盘
13:58:15	60.16	--	1	6016	买盘
13:58:06	60.16	--	5	30080	买盘
13:57:33	60.16	--	3	18048	买盘
13:57:27	60.16	--	1	6016	买盘
13:57:24	60.16	0.01	1	6016	中性盘
13:55:18	60.15	--	10	60150	买盘
13:54:39	60.15	0.03	10	60150	买盘
13:54:21	60.12	--	3	18036	买盘
13:53:30	60.12	-0.03	2	12024	卖盘
13:53:12	60.15	0.04	1	6015	买盘
13:52:24	60.11	0.01	1	6011	中性盘
13:51:12	60.1	--	3	20554	卖盘
13:50:57	60.1	--	21	126210	卖盘
13:50:42	60.1	--	60	360600	卖盘
13:50:12	60.1	-0.01	2	12020	卖盘
13:49:36	60.11	-0.03	5	30055	卖盘
13:49:06	60.14	-0.06	5	30070	中性盘
13:46:30	60.2	0.1	4	24080	买盘
13:46:21	60.1	-0.01	3	18030	卖盘
13:46:00	60.11	--	1	6011	买盘
13:45:51	60.11	-0.01	10	60110	卖盘
13:45:27	60.12	-0.02	1	6012	卖盘
13:45:09	60.14	--	3	18042	卖盘
13:44:54	60.14	-0.01	1	6014	卖盘
13:44:12	60.15	-0.05	5	30075	卖盘
13:42:30	60.2	-0.01	22	132440	卖盘
13:40:33	60.21	-0.08	5	30105	卖盘
13:38:18	60.29	--	3	18087	卖盘
13:37:36	60.29	--	8	48232	买盘
13:37:24	60.29	0.04	3	18087	买盘
13:37:06	60.25	0.05	4	24100	买盘
13:35:09	60.2	--	8	48160	买盘
13:34:39	60.2	0.05	1	6020	买盘
13:34:27	60.15	--	5	30075	卖盘
13:34:12	60.15	-0.05	2	12030	卖盘
13:34:00	60.2	0.06	1	6020	买盘
13:31:54	60.14	0.04	5	30070	中性盘
13:29:57	60.1	-0.03	130	781300	卖盘
13:29:18	60.13	-0.13	1	6013	中性盘
13:26:30	60.26	--	1	6026	卖盘
13:25:57	60.26	0.14	1	6026	中性盘
13:24:48	60.12	-0.17	2	12024	中性盘
13:24:09	60.29	0.17	5	30145	买盘
13:23:48	60.12	-0.09	5	30060	中性盘
13:23:15	60.21	0.1	1	6021	中性盘
13:22:33	60.11	-0.11	4	24044	卖盘
13:22:00	60.22	-0.07	6	36132	卖盘
13:21:27	60.29	--	1	6029	买盘
13:21:24	60.29	--	2	12058	买盘
13:20:57	60.29	0.19	1	6029	中性盘
13:16:09	60.1	-0.1	100	601000	卖盘
13:15:12	60.2	0.14	190	1143800	中性盘
13:13:15	60.06	--	3	18018	买盘
13:13:09	60.06	--	5	30030	买盘
13:13:03	60.06	--	5	30030	买盘
13:12:45	60.06	-0.29	87	522522	卖盘
13:11:39	60.35	--	4	24140	卖盘
13:10:54	60.35	-0.03	50	301750	卖盘
13:10:12	60.38	0.01	1	6038	买盘
13:09:51	60.37	--	16	96592	买盘
13:09:45	60.37	0.02	2	12074	买盘
13:07:21	60.35	--	3	18105	卖盘
13:06:54	60.35	--	2	12070	卖盘
13:06:15	60.35	-0.01	1	6035	卖盘
13:05:57	60.36	--	1	6036	买盘
13:05:51	60.36	0.01	1	6036	买盘
13:04:57	60.35	--	1	6035	卖盘
13:03:39	60.35	-0.01	1	6035	卖盘
13:03:27	60.36	0.01	1	6036	买盘
13:03:18	60.35	-0.01	2	12070	卖盘
13:02:57	60.36	0.01	1	6036	买盘
13:02:51	60.35	0.05	2	12070	卖盘
13:02:36	60.3	0.29	9	54270	买盘
13:00:09	60.01	-0.35	1	6001	卖盘
13:00:06	60.36	0.03	35	211260	买盘
13:00:03	60.33	0.33	1	6033	买盘
11:30:03	60.0	--	0	0	卖盘
11:29:51	60.0	-0.3	100	600000	卖盘
11:29:21	60.3	--	3	18090	买盘
11:28:57	60.3	--	1	6030	中性盘
11:28:39	60.3	--	4	24120	卖盘
11:27:54	60.3	--	1	6030	卖盘
11:27:09	60.3	-0.03	12	72360	卖盘
11:26:21	60.33	-0.03	3	18099	卖盘
11:26:00	60.36	0.03	1	6036	买盘
11:25:54	60.33	-0.03	5	30165	卖盘
11:25:45	60.36	0.03	1	6036	买盘
11:25:42	60.33	--	2	12066	中性盘
11:25:00	60.33	0.03	8	48264	买盘
11:24:57	60.3	--	5	30150	卖盘
11:24:42	60.3	-0.03	3	18090	中性盘
11:24:09	60.33	--	1	6033	买盘
11:23:57	60.33	0.23	4	24132	买盘
11:23:45	60.1	0.02	1	6010	买盘
11:23:27	60.08	--	2	12016	买盘
11:23:24	60.08	--	5	30040	买盘
11:23:21	60.08	--	7	42056	买盘
11:22:48	60.08	--	3	18024	买盘
11:22:42	60.08	--	14	84112	卖盘
11:21:36	60.08	0.02	1	6008	中性盘
11:20:51	60.06	--	30	180180	卖盘
11:20:27	60.06	--	15	90090	卖盘
11:20:03	60.06	-0.01	30	180180	卖盘
11:19:09	60.07	-0.08	100	600700	卖盘
11:19:06	60.15	0.02	10	60150	中性盘
11:18:27	60.13	-0.04	10	60130	卖盘
11:18:18	60.17	-0.02	5	30085	卖盘
11:17:30	60.19	-0.01	5	30095	卖盘
11:16:57	60.2	0.01	5	30100	中性盘
11:16:36	60.19	-0.21	5	30095	中性盘
11:16:18	60.4	--	4	24160	卖盘
11:16:09	60.4	--	1	6040	卖盘
11:16:03	60.4	0.01	38	229520	买盘
11:15:57	60.39	0.29	1	6039	中性盘
11:14:42	60.1	-0.18	43	258430	卖盘
11:14:12	60.28	0.18	1	6028	买盘
11:13:36	60.1	--	20	120200	卖盘
11:13:33	60.1	--	8	48080	卖盘
11:13:30	60.1	--	5	30050	卖盘
11:13:15	60.1	--	50	300500	卖盘
11:13:03	60.1	-0.05	21	126210	卖盘
11:13:00	60.15	--	10	60150	卖盘
11:12:51	60.15	-0.12	5	30075	卖盘
11:12:45	60.27	-0.01	5	30135	卖盘
11:12:18	60.28	-0.02	1	6028	卖盘
11:12:06	60.3	--	20	120600	买盘
11:11:54	60.3	-0.03	21	126630	卖盘
11:11:39	60.33	-0.08	42	253386	卖盘
11:10:36	60.41	-0.01	4	24164	卖盘
11:10:18	60.42	--	1	6042	买盘
11:08:42	60.42	--	4	24168	买盘
11:07:57	60.42	--	1	6042	买盘
11:07:48	60.42	-0.11	1	6042	卖盘
11:07:36	60.53	-0.01	6	36318	中性盘
11:06:48	60.54	0.01	6	36324	买盘
11:06:30	60.53	-0.01	1	6053	中性盘
11:06:12	60.54	--	6	36324	卖盘
11:06:03	60.54	-0.01	10	60540	卖盘
11:06:00	60.55	0.01	7	42385	买盘
11:05:54	60.54	-0.01	1	6054	卖盘
11:05:48	60.55	0.01	10	60550	买盘
11:05:09	60.54	-0.01	6	36324	中性盘
11:04:57	60.55	--	1	6055	买盘
11:04:51	60.55	--	1	6055	买盘
11:04:21	60.55	--	6	36330	买盘
11:03:33	60.55	--	6	36330	买盘
11:03:03	60.55	--	4	24220	买盘
11:02:57	60.55	--	1	6055	买盘
11:02:42	60.55	--	6	36330	买盘
11:01:57	60.55	--	1	6055	买盘
11:01:54	60.55	--	6	36330	买盘
11:01:48	60.55	--	5	30275	买盘
11:01:06	60.55	--	6	36330	买盘
11:01:00	60.55	--	1	6055	买盘
11:00:24	60.55	--	2	12110	买盘
11:00:15	60.55	--	6	36330	买盘
11:00:00	60.55	--	3	18165	买盘
10:59:27	60.55	0.01	6	36330	买盘
10:58:57	60.54	-0.01	1	6054	中性盘
10:58:45	60.55	--	1	6055	买盘
10:58:42	60.55	0.01	6	36330	买盘
10:58:39	60.54	--	5	30270	买盘
10:58:12	60.54	--	1	6054	买盘
10:58:00	60.54	--	7	42378	买盘
10:57:57	60.54	--	1	6054	买盘
10:57:48	60.54	--	5	30270	买盘
10:57:15	60.54	-0.01	4	24216	中性盘
10:57:00	60.55	--	3	18165	买盘
10:56:45	60.55	0.01	5	30275	买盘
10:56:03	60.54	-0.01	1	6054	卖盘
10:55:57	60.55	0.19	11	66605	买盘
10:55:45	60.36	-0.19	5	30180	卖盘
10:55:24	60.55	--	4	24220	买盘
10:54:51	60.55	--	4	24220	买盘
10:54:18	60.55	0.01	1	6055	买盘
10:54:15	60.54	--	11	66594	买盘
10:53:57	60.54	--	2	12108	买盘
10:53:42	60.54	--	1	6054	买盘
10:53:39	60.54	--	5	30270	买盘
10:53:30	60.54	0.01	6	36324	买盘
10:53:27	60.53	--	10	60530	中性盘
10:53:00	60.53	--	1	6053	买盘
10:52:57	60.53	0.01	1	6053	买盘
10:52:42	60.52	0.02	6	36312	买盘
10:52:18	60.5	--	5	30250	买盘
10:52:06	60.5	--	9	54450	买盘
10:51:54	60.5	--	6	36300	买盘
10:51:06	60.5	--	6	36300	买盘
10:50:57	60.5	--	7	42350	买盘
10:50:21	60.5	--	1	6050	买盘
10:50:18	60.5	0.13	5	30250	买盘
10:49:33	60.37	--	1	6037	买盘
10:49:30	60.37	0.02	5	30185	买盘
10:49:27	60.35	-0.02	6	36210	卖盘
10:48:42	60.37	0.01	6	36222	买盘
10:48:09	60.36	--	4	24144	买盘
10:48:00	60.36	-0.01	2	12072	卖盘
10:47:54	60.37	--	6	36222	买盘
10:47:18	60.37	--	7	42259	买盘
10:47:12	60.37	-0.13	4	24148	卖盘
10:47:03	60.5	--	6	36300	买盘
10:46:12	60.5	--	6	36300	买盘
10:45:27	60.5	--	1	6050	买盘
10:45:24	60.5	0.12	5	30250	买盘
10:45:12	60.38	0.01	1	6038	买盘
10:44:57	60.37	-0.01	6	36222	卖盘
10:44:33	60.38	-0.11	1	6038	卖盘
10:43:57	60.49	-0.01	1	6049	中性盘
10:43:00	60.5	-0.02	1	6050	中性盘
10:41:42	60.52	0.15	5	30260	买盘
10:41:18	60.37	-0.13	5	30185	卖盘
10:41:06	60.5	--	4	24200	买盘
10:40:33	60.5	0.13	4	24200	买盘
10:40:12	60.37	--	9	54333	买盘
10:40:03	60.37	--	4	24148	买盘
10:39:57	60.37	--	1	6037	买盘
10:39:48	60.37	-0.13	1	6037	卖盘
10:39:30	60.5	-0.03	4	24200	中性盘
10:39:00	60.53	--	1	6053	买盘
10:38:57	60.53	--	5	30265	买盘
10:38:54	60.53	-0.01	1	6053	中性盘
10:38:09	60.54	--	5	30270	买盘
10:37:36	60.54	--	4	24216	买盘
10:36:48	60.54	0.19	8	48432	买盘
10:35:57	60.35	-0.19	4	24140	卖盘
10:35:42	60.54	0.01	5	30270	买盘
10:35:24	60.53	0.18	4	24212	买盘
10:35:21	60.35	-0.17	1	6035	卖盘
10:35:03	60.52	-0.01	5	30260	卖盘
10:34:27	60.53	-0.01	9	58895	卖盘
10:33:57	60.54	0.01	1	6054	买盘
10:33:51	60.53	--	2	12106	卖盘
10:33:21	60.53	--	4	24212	卖盘
10:33:00	60.53	-0.01	2	13740	卖盘
10:32:57	60.54	--	1	6054	买盘
10:32:54	60.54	--	1	6054	中性盘
10:31:45	60.54	0.01	2	12108	中性盘
10:30:54	60.53	-0.03	3	18159	卖盘
10:30:36	60.56	--	5	30280	买盘
10:30:30	60.56	-0.02	2	12112	卖盘
10:30:24	60.58	0.02	1	6058	买盘
10:30:18	60.56	-0.02	2	12112	卖盘
10:29:57	60.58	--	4	24232	买盘
10:29:45	60.58	0.02	15	90870	买盘
10:29:30	60.56	--	6	36336	买盘
10:29:00	60.56	--	1	6056	买盘
10:28:48	60.56	--	7	42392	卖盘
10:28:36	60.56	-0.01	7	42392	卖盘
10:28:15	60.57	--	6	36342	买盘
10:28:00	60.57	--	1	6057	买盘
10:27:51	60.57	0.01	1	6057	买盘
10:27:39	60.56	--	1	6056	卖盘
10:27:27	60.56	--	3	18168	卖盘
10:27:21	60.56	--	2	12112	中性盘
10:26:54	60.56	0.03	5	30280	买盘
10:26:51	60.53	-0.03	4	24212	卖盘
10:26:48	60.56	0.03	1	6056	中性盘
10:26:18	60.53	--	2	12106	卖盘
10:26:03	60.53	--	5	30265	卖盘
10:25:45	60.53	--	6	36318	卖盘
10:24:27	60.53	--	5	30265	卖盘
10:24:21	60.53	--	4	24212	买盘
10:24:18	60.53	0.01	1	6053	买盘
10:24:00	60.52	--	1	6052	买盘
10:23:57	60.52	0.12	2	12104	买盘
10:23:36	60.4	--	2	12080	买盘
10:22:42	60.4	--	1	6040	买盘
10:22:36	60.4	--	1	6040	买盘
10:21:21	60.4	--	4	24160	买盘
10:21:09	60.4	-0.12	12	72480	卖盘
10:20:57	60.52	-0.01	1	6052	中性盘
10:20:15	60.53	0.13	2	12106	买盘
10:20:12	60.4	-0.09	2	12080	卖盘
10:19:48	60.49	--	1	6049	卖盘
10:19:36	60.49	--	4	24196	买盘
10:19:24	60.49	-0.04	6	36294	卖盘
10:19:00	60.53	--	1	6053	买盘
10:18:45	60.53	-0.03	3	18159	卖盘
10:18:42	60.56	-0.02	2	12112	中性盘
10:17:57	60.58	0.18	1	6058	买盘
10:17:24	60.4	0.02	4	24160	中性盘
10:16:57	60.38	0.04	3	18114	买盘
10:16:42	60.34	0.03	4	24136	买盘
10:16:27	60.31	--	7	42217	买盘
10:16:06	60.31	--	1	6031	买盘
10:15:54	60.31	0.02	1	6031	买盘
10:15:30	60.29	--	3	18087	买盘
10:14:57	60.29	0.01	1	6029	买盘
10:14:33	60.28	0.04	7	42196	买盘
10:13:54	60.24	0.05	18	108432	买盘
10:13:15	60.19	--	15	90285	买盘
10:12:57	60.19	0.03	1	6019	买盘
10:12:15	60.16	0.04	1	6016	买盘
10:11:42	60.12	--	1	6012	买盘
10:11:33	60.12	--	1	6012	买盘
10:11:15	60.12	0.02	2	12024	买盘
10:11:00	60.1	--	75	451050	买盘
10:10:39	60.1	--	5	30050	买盘
10:10:24	60.1	0.01	7	42070	买盘
10:09:48	60.09	--	6	36054	买盘
10:09:39	60.09	--	2	12018	买盘
10:09:36	60.09	--	1	6009	买盘
10:09:24	60.09	--	2	12018	买盘
10:09:12	60.09	--	1	6009	买盘
10:08:57	60.09	--	4	24036	中性盘
10:08:51	60.09	--	4	24036	卖盘
10:08:39	60.09	-0.01	1	6009	卖盘
10:08:36	60.1	--	2	12020	买盘
10:08:15	60.1	-0.05	47	282470	卖盘
10:07:57	60.15	--	5	30075	买盘
10:07:51	60.15	--	17	102255	卖盘
10:07:39	60.15	--	2	12030	卖盘
10:07:18	60.15	-0.01	4	24060	卖盘
10:07:15	60.16	--	4	24064	卖盘
10:07:09	60.16	0.01	3	18048	中性盘
10:06:24	60.15	-0.02	14	84210	卖盘
10:06:06	60.17	-0.01	3	18051	卖盘
10:06:03	60.18	-0.01	6	36108	卖盘
10:05:57	60.19	--	1	6019	买盘
10:05:39	60.19	-0.02	1	6019	卖盘
10:05:27	60.21	0.02	3	18063	买盘
10:04:54	60.19	-0.02	2	12038	卖盘
10:04:36	60.21	--	7	42147	买盘
10:04:30	60.21	--	3	18063	买盘
10:03:57	60.21	--	1	6021	买盘
10:03:30	60.21	--	5	30105	买盘
10:02:48	60.21	0.03	5	30105	买盘
10:02:45	60.18	--	1	6018	卖盘
10:01:09	60.18	-0.01	2	12036	卖盘
10:00:54	60.19	--	3	18057	买盘
10:00:48	60.19	--	1	6019	卖盘
10:00:42	60.19	-0.02	1	6019	卖盘
10:00:00	60.21	--	1	6021	买盘
09:59:54	60.21	--	1	6021	买盘
09:59:39	60.21	--	1	6021	买盘
09:59:00	60.21	--	3	18063	买盘
09:58:57	60.21	0.04	1	6021	买盘
09:56:33	60.17	-0.07	5	30085	卖盘
09:56:00	60.24	0.06	1	6024	买盘
09:55:57	60.18	--	2	12036	买盘
09:55:42	60.18	0.01	1	6018	买盘
09:55:27	60.17	-0.01	5	30085	卖盘
09:55:18	60.18	0.01	5	30090	买盘
09:55:09	60.17	-0.01	9	54153	卖盘
09:54:57	60.18	--	1	6018	中性盘
09:54:48	60.18	--	5	30090	中性盘
09:54:30	60.18	--	1	6018	卖盘
09:54:21	60.18	0.01	4	24072	中性盘
09:53:45	60.17	--	2	12034	卖盘
09:52:39	60.17	-0.09	3	18051	卖盘
09:51:57	60.26	0.07	10	60260	买盘
09:51:45	60.19	--	1	6019	卖盘
09:51:00	60.19	-0.07	3	18057	卖盘
09:50:57	60.26	-0.03	1	6026	中性盘
09:49:12	60.29	--	1	6029	买盘
09:48:57	60.29	0.12	1	6029	买盘
09:48:54	60.17	-0.03	10	60170	卖盘
09:48:33	60.2	-0.09	1	6020	卖盘
09:48:15	60.29	0.01	2	12058	买盘
09:47:42	60.28	0.08	17	102476	买盘
09:47:27	60.2	0.03	1	6020	买盘
09:47:24	60.17	-0.03	14	84238	卖盘
09:47:09	60.2	-0.08	4	24080	中性盘
09:47:00	60.28	0.1	3	18084	买盘
09:46:57	60.18	-0.1	3	18054	卖盘
09:46:48	60.28	0.11	6	36168	中性盘
09:45:57	60.17	--	2	12034	买盘
09:45:51	60.17	--	2	12034	买盘
09:45:45	60.17	--	5	30085	买盘
09:45:24	60.17	--	1	6017	买盘
09:45:15	60.17	0.01	1	6017	买盘
09:45:09	60.16	-0.01	2	12032	卖盘
09:45:06	60.17	0.01	4	24068	买盘
09:44:57	60.16	-0.01	1	6016	卖盘
09:44:54	60.17	0.01	5	30085	买盘
09:44:39	60.16	-0.01	3	18048	卖盘
09:44:03	60.17	-0.14	6	36102	中性盘
09:42:21	60.31	0.15	2	12062	买盘
09:42:18	60.16	-0.15	1	6016	中性盘
09:42:00	60.31	0.16	1	6031	买盘
09:41:12	60.15	--	18	108270	卖盘
09:39:33	60.15	-0.04	2	12030	卖盘
09:38:54	60.19	-0.14	5	30095	卖盘
09:38:21	60.33	--	1	6033	买盘
09:38:18	60.33	--	8	48264	买盘
09:38:06	60.33	--	5	30165	买盘
09:37:57	60.33	--	1	6033	卖盘
09:36:33	60.33	0.27	1	6033	中性盘
09:34:45	60.06	--	3	18018	买盘
09:34:42	60.06	--	7	42042	卖盘
09:34:39	60.06	--	3	18018	卖盘
09:34:33	60.06	--	3	18018	中性盘
09:34:21	60.06	0.01	1	6006	中性盘
09:33:51	60.05	-0.3	10	60050	卖盘
09:33:21	60.35	--	3	18105	卖盘
09:32:54	60.35	--	2	12070	买盘
09:32:42	60.35	--	2	12070	买盘
09:32:36	60.35	-0.1	5	30175	卖盘
09:32:30	60.45	-0.02	4	24180	中性盘
09:32:06	60.47	0.02	8	48376	中性盘
09:30:36	60.45	-0.18	5	30225	中性盘
09:30:03	60.63	--	0	0	买盘
09:25:03	60.63	60.63	5	30315	买盘
