成交时间	成交价	价格变动	成交量(手)	成交额(元)	性质
15:00:03	29.45	-0.01	715	2105675	卖盘
14:57:03	29.46	--	7	20622	买盘
14:56:54	29.46	--	9	26514	买盘
14:56:51	29.46	0.01	3	8838	买盘
14:56:48	29.45	-0.01	1	2945	卖盘
14:56:42	29.46	--	11	32406	买盘
14:56:39	29.46	--	8	23568	买盘
14:56:36	29.46	--	1	2946	买盘
14:56:33	29.46	--	3	8838	买盘
14:56:30	29.46	0.01	10	29460	买盘
14:56:27	29.45	--	19	55955	卖盘
14:56:21	29.45	--	14	41230	卖盘
14:56:18	29.45	-0.01	5	14725	卖盘
14:56:15	29.46	--	2	5892	买盘
14:56:06	29.46	-0.02	15	44190	卖盘
14:55:57	29.48	0.02	6	17688	买盘
14:55:54	29.46	--	1	2946	卖盘
14:55:51	29.46	--	1	2946	卖盘
14:55:48	29.46	-0.03	5	14730	卖盘
14:55:45	29.49	0.01	56	165144	买盘
14:55:30	29.48	--	5	14740	买盘
14:55:24	29.48	--	5	14740	买盘
14:55:18	29.48	--	2	5896	买盘
14:55:12	29.48	--	6	17688	卖盘
14:55:09	29.48	--	3	8844	卖盘
14:55:06	29.48	--	135	397980	卖盘
14:55:03	29.48	--	2	5896	卖盘
14:54:57	29.48	-0.01	100	294800	卖盘
14:54:51	29.49	--	5	14745	买盘
14:54:48	29.49	--	1	2949	买盘
14:54:45	29.49	-0.01	17	50133	卖盘
14:54:42	29.5	-0.01	6	17700	卖盘
14:54:39	29.51	0.01	10	29510	买盘
14:54:36	29.5	--	53	156350	买盘
14:54:30	29.5	0.01	16	47200	买盘
14:54:21	29.49	-0.01	6	17694	中性盘
14:54:15	29.5	0.02	3	8850	卖盘
14:54:12	29.48	-0.03	2	5896	卖盘
14:54:09	29.51	0.03	72	212472	买盘
14:54:06	29.48	--	15	44220	卖盘
14:54:03	29.48	--	1	2948	卖盘
14:53:54	29.48	-0.02	11	32428	卖盘
14:53:51	29.5	--	4	11800	卖盘
14:53:48	29.5	--	2	5900	卖盘
14:53:45	29.5	--	3	8850	卖盘
14:53:42	29.5	0.02	23	67850	买盘
14:53:36	29.48	--	3	8844	卖盘
14:53:33	29.48	--	26	76648	卖盘
14:53:27	29.48	-0.04	12	35376	卖盘
14:53:24	29.52	0.01	43	126936	买盘
14:53:21	29.51	-0.02	4	11804	卖盘
14:53:03	29.53	0.01	29	85637	买盘
14:52:57	29.52	--	18	53136	卖盘
14:52:54	29.52	-0.01	2	5904	卖盘
14:52:45	29.53	0.01	24	70872	买盘
14:52:42	29.52	-0.02	7	20664	卖盘
14:52:39	29.54	0.01	10	29540	买盘
14:52:36	29.53	--	25	73825	卖盘
14:52:33	29.53	-0.01	7	20671	卖盘
14:52:30	29.54	0.01	47	138838	买盘
14:52:27	29.53	--	103	304159	卖盘
14:52:24	29.53	--	17	50201	卖盘
14:52:21	29.53	--	24	70872	卖盘
14:52:15	29.53	-0.01	46	135838	卖盘
14:52:12	29.54	--	6	17724	买盘
14:52:03	29.54	0.01	3	8862	买盘
14:52:00	29.53	-0.01	1	2953	卖盘
14:51:57	29.54	--	8	23632	买盘
14:51:48	29.54	-0.02	51	150654	卖盘
14:51:39	29.56	0.02	144	425664	买盘
14:51:33	29.54	-0.02	3	8862	中性盘
14:51:30	29.56	0.03	227	671012	买盘
14:51:27	29.53	--	17	50201	卖盘
14:51:24	29.53	-0.03	3	8859	卖盘
14:51:15	29.56	0.01	16	47296	买盘
14:51:03	29.55	0.01	14	41370	买盘
14:51:00	29.54	-0.02	18	53172	卖盘
14:50:57	29.56	--	30	88680	卖盘
14:50:54	29.56	0.03	165	487740	买盘
14:50:51	29.53	-0.02	5	14765	卖盘
14:50:42	29.55	--	51	150705	卖盘
14:50:39	29.55	--	8	23640	卖盘
14:50:33	29.55	-0.01	12	35460	中性盘
14:50:21	29.56	--	15	44340	卖盘
14:50:18	29.56	0.01	36	106416	买盘
14:50:12	29.55	--	25	73875	买盘
14:50:09	29.55	0.02	10	29550	买盘
14:50:06	29.53	-0.02	30	88590	卖盘
14:49:57	29.55	0.02	11	32505	买盘
14:49:54	29.53	-0.01	10	29530	卖盘
14:49:51	29.54	0.01	8	23632	买盘
14:49:48	29.53	-0.06	14	41342	卖盘
14:49:45	29.59	0.03	314	929126	买盘
14:49:42	29.56	0.03	152	449312	买盘
14:49:39	29.53	--	20	59060	卖盘
14:49:33	29.53	--	1	2953	卖盘
14:49:30	29.53	--	11	32483	卖盘
14:49:27	29.53	0.02	5	14765	中性盘
14:49:24	29.51	-0.02	253	746603	卖盘
14:49:21	29.53	0.02	3	8859	买盘
14:49:18	29.51	-0.01	3	8853	卖盘
14:49:15	29.52	-0.01	6	17712	卖盘
14:49:09	29.53	0.01	14	41342	买盘
14:49:03	29.52	0.01	22	64944	买盘
14:48:54	29.51	--	1	2951	卖盘
14:48:51	29.51	0.01	6	17706	买盘
14:48:48	29.5	--	6	17700	卖盘
14:48:45	29.5	0.01	154	454300	买盘
14:48:39	29.49	--	14	41286	买盘
14:48:36	29.49	--	4	11796	买盘
14:48:30	29.49	-0.01	1	2949	中性盘
14:48:24	29.5	0.05	32	94400	买盘
14:48:15	29.45	-0.04	8	23560	卖盘
14:48:12	29.49	--	2	5898	卖盘
14:48:09	29.49	0.02	4	11796	买盘
14:48:06	29.47	--	2	5894	卖盘
14:48:03	29.47	0.01	8	23576	买盘
14:48:00	29.46	--	7	20622	卖盘
14:47:57	29.46	-0.01	22	64812	买盘
14:47:54	29.47	0.01	20	58940	买盘
14:47:45	29.46	0.01	2	5892	卖盘
14:47:42	29.45	-0.01	10	29450	卖盘
14:47:39	29.46	--	67	197382	卖盘
14:47:36	29.46	-0.03	1	2946	卖盘
14:47:33	29.49	0.01	6	17694	买盘
14:47:30	29.48	0.03	5	14740	中性盘
14:47:24	29.45	-0.03	153	450585	卖盘
14:47:18	29.48	0.01	2	5896	中性盘
14:47:09	29.47	--	4	11788	卖盘
14:47:06	29.47	-0.04	10	29470	卖盘
14:47:00	29.51	--	2	5902	卖盘
14:46:57	29.51	0.01	9	26559	买盘
14:46:54	29.5	--	98	289100	卖盘
14:46:51	29.5	0.03	414	1221300	买盘
14:46:45	29.47	0.02	18	53046	买盘
14:46:39	29.45	--	23	67735	卖盘
14:46:36	29.45	--	39	114855	买盘
14:46:33	29.45	0.01	75	220875	买盘
14:46:30	29.44	--	12	35328	卖盘
14:46:27	29.44	-0.01	5	14720	卖盘
14:46:24	29.45	0.01	32	94240	买盘
14:46:21	29.44	--	3	8832	卖盘
14:46:15	29.44	--	28	82432	卖盘
14:46:12	29.44	--	14	41216	卖盘
14:46:06	29.44	--	4	11776	卖盘
14:46:03	29.44	--	28	82432	买盘
14:46:00	29.44	0.01	17	50048	买盘
14:45:57	29.43	--	12	35316	卖盘
14:45:54	29.43	--	1	2943	卖盘
14:45:48	29.43	--	5	14715	卖盘
14:45:45	29.43	--	2	5886	卖盘
14:45:42	29.43	--	9	28282	卖盘
14:45:39	29.43	--	10	29430	卖盘
14:45:36	29.43	--	5	14715	卖盘
14:45:33	29.43	--	51	150093	买盘
14:45:21	29.43	--	18	52974	买盘
14:45:15	29.43	0.01	25	73575	买盘
14:45:09	29.42	-0.01	8	23536	卖盘
14:45:06	29.43	0.01	9	27046	买盘
14:45:00	29.42	--	10	29420	卖盘
14:44:57	29.42	0.01	19	55898	买盘
14:44:54	29.41	-0.01	3	8823	卖盘
14:44:51	29.42	0.01	74	217708	买盘
14:44:45	29.41	-0.01	5	14705	卖盘
14:44:42	29.42	--	17	50014	卖盘
14:44:39	29.42	--	1	2942	买盘
14:44:36	29.42	0.01	29	85318	买盘
14:44:33	29.41	-0.02	3	8823	卖盘
14:44:30	29.43	0.02	2	5886	买盘
14:44:27	29.41	--	5	14705	卖盘
14:44:24	29.41	-0.02	12	35292	卖盘
14:44:21	29.43	0.02	36	105948	买盘
14:44:18	29.41	--	3	8823	卖盘
14:44:12	29.41	--	11	32351	卖盘
14:44:09	29.41	--	29	85289	买盘
14:44:06	29.41	0.01	113	332333	买盘
14:44:03	29.4	--	14	41160	卖盘
14:44:00	29.4	--	10	29400	卖盘
14:43:57	29.4	0.02	11	32340	买盘
14:43:51	29.38	--	15	44070	卖盘
14:43:48	29.38	-0.05	49	145078	卖盘
14:43:42	29.43	0.03	230	676890	买盘
14:43:36	29.4	-0.01	38	111720	卖盘
14:43:33	29.41	--	8	23528	买盘
14:43:27	29.41	--	5	17087	卖盘
14:43:21	29.41	--	3	8823	卖盘
14:43:15	29.41	--	6	17646	卖盘
14:43:12	29.41	--	19	55879	卖盘
14:43:09	29.41	--	5	14705	卖盘
14:43:06	29.41	--	1	2941	卖盘
14:43:03	29.41	--	36	106434	买盘
14:43:00	29.41	--	5	17087	卖盘
14:42:54	29.41	--	9	27027	买盘
14:42:51	29.41	-0.01	14	43556	卖盘
14:42:48	29.42	0.01	5	14710	买盘
14:42:45	29.41	--	0	558	买盘
14:42:42	29.41	--	10	29410	买盘
14:42:39	29.41	--	1	5323	卖盘
14:42:30	29.41	-0.02	5	14705	卖盘
14:42:24	29.43	0.02	5	14715	买盘
14:42:18	29.41	0.01	7	20587	卖盘
14:42:12	29.4	0.02	138	406278	买盘
14:42:06	29.38	--	31	91078	卖盘
14:42:03	29.38	-0.01	5	14690	卖盘
14:42:00	29.39	0.01	3	8817	买盘
14:41:48	29.38	--	30	88140	卖盘
14:41:45	29.38	0.02	339	998009	买盘
14:41:42	29.36	--	2	5872	卖盘
14:41:39	29.36	--	47	137992	卖盘
14:41:33	29.36	0.01	116	340576	买盘
14:41:27	29.35	--	1	2935	卖盘
14:41:24	29.35	--	4	11740	卖盘
14:41:18	29.35	--	1	2935	卖盘
14:41:15	29.35	0.02	80	235122	买盘
14:41:12	29.33	--	3	8799	卖盘
14:41:03	29.33	--	22	64525	卖盘
14:41:00	29.33	--	5	14665	卖盘
14:40:51	29.33	0.01	7	20531	卖盘
14:40:48	29.32	-0.01	48	140736	卖盘
14:40:42	29.33	0.01	5	14665	买盘
14:40:33	29.32	--	1	2932	卖盘
14:40:30	29.32	0.01	20	58640	买盘
14:40:12	29.31	--	20	58620	买盘
14:40:03	29.31	--	14	41034	买盘
14:39:54	29.31	0.01	3	8793	买盘
14:39:48	29.3	-0.01	8	23440	买盘
14:39:33	29.31	0.01	56	164136	买盘
14:39:30	29.3	-0.01	3	8790	中性盘
14:39:18	29.31	0.02	10	29310	买盘
14:39:15	29.29	-0.01	5	14645	卖盘
14:39:09	29.3	--	2	5860	卖盘
14:39:06	29.3	--	2	5860	卖盘
14:39:03	29.3	0.02	4	11720	买盘
14:38:54	29.28	-0.01	8	23424	卖盘
14:38:39	29.29	--	17	49793	买盘
14:38:36	29.29	--	16	46864	卖盘
14:38:24	29.29	--	3	8787	卖盘
14:38:18	29.29	--	1	2929	买盘
14:38:15	29.29	--	1	2929	买盘
14:38:00	29.29	--	1	2929	买盘
14:37:54	29.29	--	2	5858	买盘
14:37:51	29.29	--	11	32219	买盘
14:37:48	29.29	-0.01	14	41006	卖盘
14:37:36	29.3	-0.01	79	231470	卖盘
14:37:33	29.31	-0.02	10	29310	卖盘
14:37:30	29.33	0.02	1	2933	买盘
14:37:27	29.31	-0.01	5	14655	卖盘
14:37:03	29.32	0.02	10	29320	买盘
14:36:45	29.3	-0.04	6	17580	中性盘
14:36:33	29.34	0.04	29	85086	买盘
14:36:27	29.3	--	10	29300	买盘
14:36:24	29.3	--	10	29300	买盘
14:36:21	29.3	-0.03	52	152360	卖盘
14:36:18	29.33	0.01	25	73325	买盘
14:36:15	29.32	--	2	5864	卖盘
14:36:09	29.32	-0.01	10	29320	卖盘
14:36:06	29.33	0.01	3	8799	买盘
14:36:03	29.32	--	29	85028	卖盘
14:35:57	29.32	--	10	29320	卖盘
14:35:48	29.32	0.02	34	99688	买盘
14:35:45	29.3	--	10	29300	卖盘
14:35:42	29.3	-0.02	5	14650	卖盘
14:35:33	29.32	0.02	108	316656	买盘
14:35:27	29.3	0.01	3	8790	买盘
14:35:24	29.29	-0.01	2	5858	卖盘
14:35:12	29.3	--	7	20510	卖盘
14:35:09	29.3	--	2	5860	卖盘
14:35:06	29.3	--	2	5860	买盘
14:34:57	29.3	-0.02	13	38090	卖盘
14:34:54	29.32	--	4	11728	买盘
14:34:48	29.32	--	18	52776	卖盘
14:34:45	29.32	--	2	5864	卖盘
14:34:33	29.32	-0.01	2	5864	卖盘
14:34:24	29.33	-0.01	10	29330	卖盘
14:34:21	29.34	--	1	2934	买盘
14:34:18	29.34	--	10	29340	买盘
14:34:15	29.34	--	5	14670	卖盘
14:34:09	29.34	--	10	29340	卖盘
14:34:06	29.34	-0.01	12	35208	卖盘
14:34:03	29.35	0.01	6	17610	买盘
14:33:54	29.34	--	6	17604	卖盘
14:33:51	29.34	-0.04	17	49878	卖盘
14:33:48	29.38	0.04	400	1175200	买盘
14:33:45	29.34	-0.01	1	2934	卖盘
14:33:36	29.35	-0.01	4	11740	卖盘
14:33:27	29.36	-0.01	172	504992	卖盘
14:33:21	29.37	--	8	23496	买盘
14:33:18	29.37	--	5	14685	买盘
14:33:15	29.37	--	82	240834	卖盘
14:33:12	29.37	-0.01	36	105732	卖盘
14:33:09	29.38	0.01	20	58760	买盘
14:33:06	29.37	-0.01	20	58740	卖盘
14:32:57	29.38	--	11	32318	中性盘
14:32:51	29.38	--	63	185094	卖盘
14:32:48	29.38	--	14	41132	卖盘
14:32:45	29.38	-0.01	3	8814	卖盘
14:32:42	29.39	--	3	8817	买盘
14:32:39	29.39	--	3	8817	买盘
14:32:36	29.39	--	15	44085	买盘
14:32:33	29.39	0.01	13	38207	买盘
14:32:27	29.38	-0.01	4	11752	卖盘
14:32:24	29.39	--	3	8817	买盘
14:32:21	29.39	0.01	1	2939	买盘
14:32:18	29.38	-0.01	8	23504	卖盘
14:32:12	29.39	0.01	25	73475	买盘
14:32:09	29.38	-0.01	1	2938	卖盘
14:32:06	29.39	--	34	99926	买盘
14:32:03	29.39	0.01	1	2939	买盘
14:31:57	29.38	--	28	82264	买盘
14:31:54	29.38	--	10	29380	买盘
14:31:51	29.38	--	10	29380	买盘
14:31:48	29.38	--	25	73450	买盘
14:31:45	29.38	0.01	25	73450	买盘
14:31:36	29.37	--	10	29370	卖盘
14:31:33	29.37	--	8	23496	卖盘
14:31:30	29.37	0.01	62	182094	买盘
14:31:27	29.36	--	28	82208	买盘
14:31:24	29.36	--	10	29360	买盘
14:31:21	29.36	--	4	11744	买盘
14:31:18	29.36	--	3	8808	买盘
14:31:15	29.36	--	22	64592	卖盘
14:31:12	29.36	--	2	5872	卖盘
14:31:06	29.36	--	17	49912	卖盘
14:31:03	29.36	0.01	22	64592	买盘
14:31:00	29.35	--	5	14675	卖盘
14:30:54	29.35	-0.02	2	5870	卖盘
14:30:51	29.37	0.01	19	55803	买盘
14:30:45	29.36	--	2	5872	买盘
14:30:42	29.36	--	5	14680	中性盘
14:30:36	29.36	0.01	6	17616	中性盘
14:30:30	29.35	-0.01	17	49895	卖盘
14:30:27	29.36	0.01	11	32296	买盘
14:30:21	29.35	--	17	49895	卖盘
14:30:18	29.35	0.01	3	8805	卖盘
14:30:06	29.34	-0.01	32	93888	卖盘
14:30:03	29.35	--	10	29350	买盘
14:29:57	29.35	0.01	50	146750	买盘
14:29:51	29.34	0.01	24	70416	买盘
14:29:48	29.33	-0.01	2	5866	中性盘
14:29:36	29.34	0.02	24	70416	买盘
14:29:30	29.32	--	3	8796	卖盘
14:29:27	29.32	-0.01	5	14660	卖盘
14:29:24	29.33	--	15	43995	买盘
14:29:21	29.33	0.01	18	52794	买盘
14:29:18	29.32	--	23	67436	卖盘
14:29:09	29.32	--	64	187648	买盘
14:29:06	29.32	--	250	733000	买盘
14:28:57	29.32	0.01	19	55708	买盘
14:28:54	29.31	--	2	5862	中性盘
14:28:48	29.31	--	3	8793	买盘
14:28:45	29.31	0.02	17	49827	买盘
14:28:36	29.29	-0.01	79	231391	卖盘
14:28:33	29.3	--	7	20510	卖盘
14:28:27	29.3	0.01	9	26370	买盘
14:28:24	29.29	-0.01	28	82012	卖盘
14:28:21	29.3	--	3	8790	买盘
14:28:15	29.3	0.01	3	8790	买盘
14:28:09	29.29	--	29	84941	卖盘
14:28:06	29.29	-0.01	202	591658	卖盘
14:28:03	29.3	0.01	64	187520	买盘
14:28:00	29.29	--	2	5858	卖盘
14:27:57	29.29	--	15	43935	卖盘
14:27:54	29.29	-0.01	5	14645	卖盘
14:27:51	29.3	0.01	42	123060	买盘
14:27:48	29.29	--	2	5858	卖盘
14:27:45	29.29	-0.01	1	2929	卖盘
14:27:36	29.3	0.01	37	108410	买盘
14:27:30	29.29	--	2	5858	卖盘
14:27:24	29.29	-0.01	15	43935	卖盘
14:27:21	29.3	0.01	25	73250	买盘
14:27:15	29.29	--	20	58580	卖盘
14:27:12	29.29	--	27	79083	买盘
14:27:06	29.29	0.01	12	35148	买盘
14:27:03	29.28	-0.02	1	2928	卖盘
14:26:51	29.3	0.01	27	79110	买盘
14:26:48	29.29	-0.01	3	8787	卖盘
14:26:45	29.3	--	1	2930	买盘
14:26:36	29.3	--	82	240260	买盘
14:26:33	29.3	--	4	11720	买盘
14:26:30	29.3	--	52	152360	卖盘
14:26:27	29.3	--	34	99620	卖盘
14:26:24	29.3	-0.02	2	5860	卖盘
14:26:21	29.32	0.01	124	363568	买盘
14:26:18	29.31	0.01	7	20517	买盘
14:26:15	29.3	--	15	43950	卖盘
14:26:12	29.3	-0.02	20	58600	卖盘
14:26:09	29.32	--	146	428072	买盘
14:26:06	29.32	--	10	29320	买盘
14:26:03	29.32	--	48	140736	卖盘
14:26:00	29.32	--	3	8796	卖盘
14:25:57	29.32	-0.01	2	5864	卖盘
14:25:54	29.33	--	6	17598	买盘
14:25:51	29.33	0.01	10	29330	买盘
14:25:42	29.32	--	1	2932	卖盘
14:25:39	29.32	-0.01	3	8796	卖盘
14:25:36	29.33	--	10	29330	买盘
14:25:33	29.33	0.03	74	217042	买盘
14:25:30	29.3	--	1	2930	卖盘
14:25:24	29.3	--	15	43950	卖盘
14:25:21	29.3	-0.02	15	43950	卖盘
14:25:18	29.32	0.02	9	26388	买盘
14:25:15	29.3	-0.02	3	8790	卖盘
14:25:06	29.32	0.01	14	41048	买盘
14:25:00	29.31	0.01	25	73275	买盘
14:24:57	29.3	--	2	5860	卖盘
14:24:51	29.3	--	14	41020	卖盘
14:24:45	29.3	0.02	119	348670	买盘
14:24:42	29.28	--	1	2928	卖盘
14:24:39	29.28	--	1	2928	卖盘
14:24:36	29.28	0.01	2	5856	买盘
14:24:33	29.27	--	2	5854	卖盘
14:24:30	29.27	-0.01	3	8781	卖盘
14:24:27	29.28	--	1	2928	买盘
14:24:24	29.28	0.02	100	292800	买盘
14:24:21	29.26	-0.01	25	73150	卖盘
14:24:15	29.27	0.01	29	84883	买盘
14:24:12	29.26	--	35	102410	卖盘
14:24:06	29.26	--	6	17556	卖盘
14:24:00	29.26	0.04	65	190190	买盘
14:23:54	29.22	-0.03	22	64284	卖盘
14:23:48	29.25	--	2	5850	买盘
14:23:45	29.25	--	20	58500	买盘
14:23:42	29.25	-0.02	1	2925	买盘
14:23:33	29.27	0.01	30	87810	买盘
14:23:30	29.26	--	102	298452	买盘
14:23:24	29.26	--	22	64372	买盘
14:23:21	29.26	--	7	20482	卖盘
14:23:12	29.26	-0.01	2	5852	卖盘
14:23:06	29.27	0.01	1	2927	买盘
14:23:00	29.26	-0.01	6	17556	卖盘
14:22:51	29.27	0.01	20	58540	买盘
14:22:48	29.26	--	16	46816	卖盘
14:22:45	29.26	-0.01	8	23408	卖盘
14:22:39	29.27	--	9	26343	买盘
14:22:36	29.27	--	9	26343	卖盘
14:22:33	29.27	--	3	8781	卖盘
14:22:27	29.27	-0.01	10	29270	卖盘
14:22:21	29.28	0.01	1	2928	买盘
14:22:18	29.27	--	5	14635	卖盘
14:22:12	29.27	--	19	55613	买盘
14:22:03	29.27	0.01	5	14635	买盘
14:22:00	29.26	--	2	5852	买盘
14:21:48	29.26	-0.01	2	5852	买盘
14:21:45	29.27	-0.01	2	5854	卖盘
14:21:42	29.28	0.01	2	5856	买盘
14:21:39	29.27	--	38	111226	买盘
14:21:36	29.27	0.02	5	14635	买盘
14:21:30	29.25	--	30	87750	卖盘
14:21:27	29.25	--	10	29250	卖盘
14:21:24	29.25	-0.02	30	87750	卖盘
14:21:21	29.27	--	12	35124	买盘
14:21:18	29.27	0.02	3	8781	买盘
14:21:03	29.25	--	5	14625	卖盘
14:21:00	29.25	--	18	52650	买盘
14:20:57	29.25	--	12	35100	买盘
14:20:54	29.25	0.03	10	29250	中性盘
14:20:48	29.22	--	2	5844	卖盘
14:20:45	29.22	-0.03	16	46752	卖盘
14:20:42	29.25	0.01	1	2925	卖盘
14:20:39	29.24	0.02	12	35088	买盘
14:20:33	29.22	-0.03	7	20454	卖盘
14:20:30	29.25	0.01	48	140400	买盘
14:20:27	29.24	--	5	14620	中性盘
14:20:21	29.24	0.02	8	23392	卖盘
14:20:18	29.22	-0.02	1	2922	卖盘
14:20:15	29.24	0.02	10	29240	买盘
14:20:03	29.22	--	11	32142	买盘
14:20:00	29.22	--	29	84738	买盘
14:19:51	29.22	0.01	2	5844	买盘
14:19:48	29.21	--	8	23368	买盘
14:19:45	29.21	0.01	10	29210	买盘
14:19:36	29.2	-0.01	1	2920	卖盘
14:19:30	29.21	--	51	148971	买盘
14:19:27	29.21	0.01	30	87630	买盘
14:19:24	29.2	--	20	58400	卖盘
14:19:18	29.2	-0.01	25	73000	卖盘
14:19:15	29.21	0.01	8	23368	买盘
14:19:09	29.2	--	10	29200	卖盘
14:19:06	29.2	--	1	2920	卖盘
14:19:00	29.2	--	62	181040	卖盘
14:18:57	29.2	--	17	49640	卖盘
14:18:54	29.2	0.01	39	114493	买盘
14:18:48	29.19	-0.01	21	61299	卖盘
14:18:45	29.2	--	153	446760	买盘
14:18:42	29.2	--	17	49640	买盘
14:18:33	29.2	0.01	30	87600	买盘
14:18:30	29.19	-0.01	25	72975	买盘
14:18:27	29.2	--	12	35040	卖盘
14:18:24	29.2	0.01	3	8760	买盘
14:18:21	29.19	-0.01	14	40866	卖盘
14:18:18	29.2	--	8	23360	买盘
14:18:15	29.2	--	10	29200	买盘
14:18:12	29.2	0.01	5	14600	买盘
14:18:09	29.19	--	6	17514	卖盘
14:18:03	29.19	--	1	2919	卖盘
14:18:00	29.19	-0.01	4	11676	买盘
14:17:51	29.2	0.02	3	8760	买盘
14:17:42	29.18	--	25	72950	卖盘
14:17:39	29.18	-0.01	10	29180	卖盘
14:17:30	29.19	0.03	6	17514	买盘
14:17:24	29.16	-0.02	1	2916	卖盘
14:17:21	29.18	0.02	79	230522	买盘
14:17:18	29.16	--	10	29160	卖盘
14:17:15	29.16	--	25	72900	卖盘
14:17:12	29.16	-0.01	9	26244	卖盘
14:17:09	29.17	--	5	14585	买盘
14:17:03	29.17	--	3	8751	卖盘
14:17:00	29.17	--	11	32087	买盘
14:16:57	29.17	0.01	2	5834	买盘
14:16:54	29.16	0.01	28	81648	买盘
14:16:51	29.15	--	5	14575	卖盘
14:16:42	29.15	--	6	17490	买盘
14:16:36	29.15	0.01	5	14575	买盘
14:16:33	29.14	-0.02	2	5828	中性盘
14:16:30	29.16	0.08	33	96228	买盘
14:16:27	29.08	-0.08	133	386764	卖盘
14:16:24	29.16	0.02	6	17496	买盘
14:16:18	29.14	--	14	40796	卖盘
14:16:15	29.14	-0.02	5	14570	卖盘
14:16:12	29.16	0.02	22	64152	买盘
14:16:06	29.14	0.06	13	37882	买盘
14:16:03	29.08	-0.06	250	727000	卖盘
14:16:00	29.14	0.03	22	64108	买盘
14:15:51	29.11	0.01	13	37843	买盘
14:15:45	29.1	0.02	13	37830	买盘
14:15:42	29.08	--	10	29080	卖盘
14:15:39	29.08	0.01	271	788068	买盘
14:15:30	29.07	0.01	32	93024	买盘
14:15:27	29.06	--	5	14530	卖盘
14:15:15	29.06	--	6	17436	买盘
14:15:12	29.06	0.02	2	5812	买盘
14:15:09	29.04	--	6	17424	买盘
14:15:06	29.04	--	5	14520	买盘
14:15:03	29.04	--	1	2904	买盘
14:15:00	29.04	--	16	46464	买盘
14:14:51	29.04	-0.01	52	151008	卖盘
14:14:42	29.05	0.01	3	8715	买盘
14:14:30	29.04	--	13	37752	买盘
14:14:27	29.04	--	6	17424	买盘
14:14:24	29.04	--	1	2904	买盘
14:14:15	29.04	0.01	57	165528	买盘
14:14:09	29.03	--	11	31933	买盘
14:13:57	29.03	0.01	15	43545	买盘
14:13:45	29.02	-0.01	15	43530	中性盘
14:13:30	29.03	--	58	168374	买盘
14:13:27	29.03	--	8	23224	买盘
14:13:15	29.03	--	10	29030	买盘
14:13:03	29.03	-0.01	12	34836	卖盘
14:13:00	29.04	--	294	853776	买盘
14:12:48	29.04	--	13	37752	卖盘
14:12:33	29.04	--	2	5808	卖盘
14:12:30	29.04	--	4	11616	买盘
14:12:15	29.04	0.04	18	52272	买盘
14:12:12	29.0	-0.04	44	127600	卖盘
14:12:00	29.04	0.01	47	136488	买盘
14:11:45	29.03	--	7	20321	买盘
14:11:39	29.03	0.01	5	14515	买盘
14:11:36	29.02	-0.01	1	2902	卖盘
14:11:30	29.03	0.01	19	55157	买盘
14:11:18	29.02	0.01	7	20314	买盘
14:11:15	29.01	0.01	29	84129	买盘
14:11:03	29.0	-0.01	12	34800	卖盘
14:11:00	29.01	--	26	75426	卖盘
14:10:54	29.01	-0.02	15	43515	卖盘
14:10:45	29.03	0.01	107	310621	买盘
14:10:42	29.02	--	7	20314	卖盘
14:10:39	29.02	-0.01	5	14510	卖盘
14:10:30	29.03	0.01	506	1468918	买盘
14:10:27	29.02	-0.01	10	29020	卖盘
14:10:21	29.03	-0.01	15	43545	卖盘
14:10:15	29.04	--	13	37752	卖盘
14:10:12	29.04	--	5	14520	卖盘
14:10:09	29.04	--	3	8712	卖盘
14:09:54	29.04	-0.01	2	5808	卖盘
14:09:45	29.05	--	11	31955	买盘
14:09:21	29.05	--	12	34860	卖盘
14:09:15	29.05	--	9	26145	买盘
14:09:00	29.05	--	10	29050	买盘
14:08:57	29.05	-0.01	22	63910	卖盘
14:08:48	29.06	--	3	8718	买盘
14:08:45	29.06	0.01	10	29060	买盘
14:08:42	29.05	-0.02	5	14525	卖盘
14:08:30	29.07	0.01	29	84303	买盘
14:08:27	29.06	--	3	8718	卖盘
14:08:24	29.06	--	10	29060	买盘
14:08:15	29.06	--	16	46496	买盘
14:08:00	29.06	--	10	29060	买盘
14:07:57	29.06	-0.01	5	14530	卖盘
14:07:48	29.07	--	1	2907	买盘
14:07:45	29.07	-0.01	11	31977	中性盘
14:07:21	29.08	--	1	2908	买盘
14:07:15	29.08	0.01	10	29080	买盘
14:07:12	29.07	-0.01	10	29070	卖盘
14:07:09	29.08	0.01	7	20356	卖盘
14:06:57	29.07	0.01	23	66861	买盘
14:06:54	29.06	--	10	29060	卖盘
14:06:45	29.06	--	4	11624	买盘
14:06:36	29.06	-0.04	38	110428	卖盘
14:06:30	29.1	0.03	35	101850	买盘
14:06:27	29.07	--	3	8721	中性盘
14:06:18	29.07	-0.01	29	84303	卖盘
14:06:15	29.08	--	27	78516	买盘
14:06:12	29.08	0.01	5	14540	买盘
14:06:09	29.07	--	10	29070	卖盘
14:06:03	29.07	--	2	5814	卖盘
14:05:57	29.07	--	8	23256	买盘
14:05:51	29.07	--	16	46512	买盘
14:05:48	29.07	--	11	31977	买盘
14:05:36	29.07	0.01	3	8721	卖盘
14:05:33	29.06	-0.02	2	5812	买盘
14:05:30	29.08	0.03	105	305340	买盘
14:05:21	29.05	--	5	14525	卖盘
14:05:15	29.05	0.05	34	98770	中性盘
14:04:54	29.0	-0.05	3	8700	卖盘
14:04:48	29.05	0.05	30	87150	买盘
14:04:21	29.0	-0.05	5	14500	卖盘
14:04:18	29.05	0.05	3	8715	买盘
14:04:09	29.0	--	2	5800	卖盘
14:04:03	29.0	--	26	75400	买盘
14:03:39	29.0	0.01	12	34800	买盘
14:03:36	28.99	--	7	20293	买盘
14:03:33	28.99	0.01	30	86970	买盘
14:03:24	28.98	-0.01	6	17388	卖盘
14:03:18	28.99	0.01	30	86970	买盘
14:03:12	28.98	0.03	2	5796	买盘
14:03:03	28.95	--	16	46320	买盘
14:02:57	28.95	0.01	2	5790	买盘
14:02:54	28.94	-0.01	6	17364	卖盘
14:02:48	28.95	0.01	2	5790	买盘
14:02:33	28.94	0.02	13	37622	买盘
14:02:27	28.92	0.01	54	156168	买盘
14:02:21	28.91	0.01	14	40474	买盘
14:02:09	28.9	--	2	5780	卖盘
14:02:03	28.9	--	7	23091	买盘
14:01:57	28.9	0.02	1	2890	买盘
14:01:51	28.88	-0.02	18	51984	卖盘
14:01:48	28.9	0.02	30	86700	买盘
14:01:45	28.88	--	3	8664	卖盘
14:01:42	28.88	--	15	43320	卖盘
14:01:33	28.88	--	5	14440	买盘
14:01:30	28.88	--	100	288800	买盘
14:01:27	28.88	--	55	158840	买盘
14:01:18	28.88	--	42	121296	买盘
14:01:12	28.88	--	3	8664	卖盘
14:00:57	28.88	0.01	2	5776	中性盘
14:00:51	28.87	--	4	11548	买盘
14:00:48	28.87	--	2	5774	买盘
14:00:42	28.87	--	30	86610	买盘
14:00:39	28.87	0.01	2	5774	买盘
14:00:33	28.86	--	6	17316	卖盘
14:00:30	28.86	-0.01	1	3030	卖盘
14:00:18	28.87	0.01	10	28870	买盘
14:00:12	28.86	--	5	14430	卖盘
13:59:42	28.86	-0.02	2	5772	卖盘
13:59:33	28.88	-0.01	18	51984	卖盘
13:59:18	28.89	-0.01	13	37557	卖盘
13:59:00	28.9	--	1	2918	卖盘
13:58:48	28.9	--	9	28871	买盘
13:58:24	28.9	0.02	1	2890	买盘
13:58:06	28.88	0.02	4	11552	中性盘
13:57:42	28.86	-0.03	23	66378	卖盘
13:57:36	28.89	0.01	2	5778	卖盘
13:57:33	28.88	-0.02	2	5776	中性盘
13:56:42	28.9	0.02	2	5780	买盘
13:56:39	28.88	--	1	2888	中性盘
13:56:21	28.88	0.02	10	28880	中性盘
13:56:03	28.86	-0.02	14	40404	卖盘
13:55:51	28.88	--	1	2888	卖盘
13:55:33	28.88	--	5	14440	买盘
13:55:24	28.88	--	4	11552	买盘
13:55:12	28.88	--	15	43320	卖盘
13:55:06	28.88	--	15	43320	卖盘
13:54:57	28.88	0.02	25	72200	买盘
13:54:39	28.86	--	5	14430	买盘
13:54:33	28.86	--	1	2886	买盘
13:54:24	28.86	0.01	11	31746	买盘
13:54:12	28.85	-0.01	3	8655	卖盘
13:54:06	28.86	--	5	14430	卖盘
13:53:51	28.86	--	4	11544	买盘
13:53:42	28.86	--	31	89466	卖盘
13:53:33	28.86	--	5	14430	卖盘
13:53:09	28.86	-0.02	12	34632	卖盘
13:53:06	28.88	0.02	6	17328	中性盘
13:52:48	28.86	--	11	31746	卖盘
13:52:30	28.86	-0.03	10	28860	卖盘
13:52:15	28.89	0.01	5	14445	买盘
13:52:00	28.88	--	1	2916	卖盘
13:51:42	28.88	0.03	10	31739	买盘
13:51:39	28.85	--	10	28850	卖盘
13:51:21	28.85	--	11	31735	卖盘
13:51:06	28.85	--	5	14425	卖盘
13:51:03	28.85	--	12	34620	卖盘
13:50:45	28.85	-0.01	5	14425	卖盘
13:50:39	28.86	0.01	17	49062	买盘
13:50:36	28.85	--	10	28850	卖盘
13:50:33	28.85	--	6	17310	卖盘
13:50:30	28.85	--	5	14425	卖盘
13:50:24	28.85	--	6	17310	卖盘
13:50:12	28.85	-0.01	4	11540	卖盘
13:50:00	28.86	--	4	11544	买盘
13:49:51	28.86	--	3	8658	买盘
13:49:48	28.86	0.01	2	5772	买盘
13:49:45	28.85	--	3	8655	卖盘
13:49:42	28.85	-0.01	42	121170	卖盘
13:49:39	28.86	0.01	7	20202	买盘
13:49:30	28.85	--	70	201950	卖盘
13:49:18	28.85	-0.01	15	43275	卖盘
13:49:06	28.86	-0.01	32	92352	卖盘
13:49:00	28.87	0.01	5	14435	买盘
13:48:57	28.86	--	15	43290	卖盘
13:48:54	28.86	--	15	43290	卖盘
13:48:33	28.86	-0.01	100	288600	卖盘
13:48:15	28.87	--	3	8661	买盘
13:48:12	28.87	0.01	1	2887	中性盘
13:47:45	28.86	-0.01	3	8658	卖盘
13:47:42	28.87	--	15	43305	卖盘
13:47:39	28.87	--	17	49079	买盘
13:47:33	28.87	--	16	46192	买盘
13:47:27	28.87	--	2	5774	买盘
13:47:24	28.87	0.01	1	2887	买盘
13:47:18	28.86	-0.01	3	8658	卖盘
13:47:15	28.87	--	10	28870	买盘
13:47:12	28.87	0.01	5	14435	中性盘
13:46:48	28.86	-0.02	6	17316	卖盘
13:46:45	28.88	0.02	2	5776	买盘
13:46:36	28.86	--	6	17316	卖盘
13:46:33	28.86	--	27	77922	卖盘
13:46:30	28.86	-0.02	7	20202	卖盘
13:46:21	28.88	0.01	5	14440	买盘
13:46:18	28.87	--	2	5774	卖盘
13:46:15	28.87	-0.01	9	25983	中性盘
13:45:57	28.88	0.01	8	23104	买盘
13:45:45	28.87	-0.01	3	8661	卖盘
13:45:42	28.88	0.01	10	28880	买盘
13:45:36	28.87	--	12	34644	卖盘
13:45:33	28.87	-0.01	12	34644	卖盘
13:45:12	28.88	--	21	60676	卖盘
13:45:06	28.88	--	30	86640	卖盘
13:44:54	28.88	--	5	14440	卖盘
13:44:51	28.88	-0.01	17	49096	卖盘
13:44:36	28.89	0.01	2	5778	买盘
13:44:21	28.88	--	4	11552	卖盘
13:43:54	28.88	-0.01	26	77947	卖盘
13:43:39	28.89	0.01	1	2889	买盘
13:43:12	28.88	--	5	14440	卖盘
13:42:57	28.88	--	19	54872	卖盘
13:42:48	28.88	--	45	129960	买盘
13:42:42	28.88	--	1	2888	卖盘
13:42:33	28.88	--	50	144400	卖盘
13:42:15	28.88	--	5	14440	卖盘
13:41:42	28.88	--	2	5776	卖盘
13:41:39	28.88	--	50	144400	卖盘
13:41:36	28.88	-0.01	2	5776	卖盘
13:41:24	28.89	--	13	37557	卖盘
13:41:18	28.89	--	13	37557	卖盘
13:41:09	28.89	-0.01	3	8667	卖盘
13:41:00	28.9	--	3	8670	买盘
13:40:54	28.9	-0.01	45	130050	卖盘
13:40:45	28.91	0.01	29	83839	买盘
13:40:33	28.9	-0.01	4	11560	卖盘
13:40:21	28.91	0.01	5	14455	买盘
13:40:18	28.9	-0.01	3	8670	卖盘
13:40:15	28.91	--	10	28910	买盘
13:40:12	28.91	--	1	2891	买盘
13:39:48	28.91	--	11	31801	卖盘
13:39:45	28.91	--	5	14455	卖盘
13:39:39	28.91	--	2	5782	买盘
13:39:33	28.91	--	4	11564	卖盘
13:39:27	28.91	--	4	11564	卖盘
13:39:21	28.91	--	2	5782	买盘
13:39:00	28.91	--	2	5782	卖盘
13:38:57	28.91	0.01	3	8673	买盘
13:38:51	28.9	--	1	2890	卖盘
13:38:42	28.9	--	2	5780	买盘
13:38:27	28.9	--	2	5780	中性盘
13:38:00	28.9	--	17	49130	买盘
13:37:36	28.9	--	10	28900	买盘
13:37:27	28.9	--	14	40460	买盘
13:36:33	28.9	0.01	5	14450	买盘
13:36:24	28.89	--	3	8667	卖盘
13:36:09	28.89	--	3	8667	卖盘
13:36:00	28.89	-0.01	5	14445	卖盘
13:35:57	28.9	0.01	5	14450	买盘
13:35:45	28.89	-0.01	10	28890	卖盘
13:35:24	28.9	-0.01	22	63580	卖盘
13:35:03	28.91	--	1	2891	卖盘
13:34:39	28.91	-0.01	11	31801	卖盘
13:34:12	28.92	-0.01	4	11568	卖盘
13:34:03	28.93	--	1	2893	买盘
13:33:42	28.93	0.01	20	57860	买盘
13:33:36	28.92	--	1	2892	卖盘
13:33:27	28.92	--	2	5784	买盘
13:33:09	28.92	--	6	17352	买盘
13:32:45	28.92	--	5	14460	买盘
13:32:36	28.92	--	8	23136	买盘
13:32:03	28.92	0.03	1	2892	买盘
13:31:39	28.89	--	10	28890	卖盘
13:31:33	28.89	-0.01	38	109782	卖盘
13:31:27	28.9	0.01	2	5780	买盘
13:31:03	28.89	--	22	63558	买盘
13:30:57	28.89	--	25	72225	买盘
13:30:54	28.89	0.01	10	28890	买盘
13:30:51	28.88	--	12	34656	卖盘
13:30:12	28.88	--	6	17328	买盘
13:30:00	28.88	0.02	5	14440	买盘
13:29:39	28.86	--	15	43290	卖盘
13:29:33	28.86	--	1	2886	卖盘
13:29:27	28.86	-0.02	3	8658	卖盘
13:29:12	28.88	--	5	14440	买盘
13:29:06	28.88	--	4	11552	卖盘
13:28:57	28.88	--	6	17328	买盘
13:28:51	28.88	--	4	11552	卖盘
13:28:36	28.88	--	60	173280	卖盘
13:28:33	28.88	0.02	53	153064	买盘
13:28:21	28.86	--	3	8658	卖盘
13:28:18	28.86	--	3	8658	卖盘
13:28:15	28.86	0.01	2	5772	中性盘
13:27:18	28.85	-0.01	3	8655	卖盘
13:27:06	28.86	--	12	34632	卖盘
13:26:57	28.86	--	5	14430	卖盘
13:26:21	28.86	-0.02	1	2886	卖盘
13:25:48	28.88	--	12	34656	买盘
13:25:24	28.88	0.02	1	2888	买盘
13:25:21	28.86	-0.02	2	5772	卖盘
13:25:12	28.88	--	2	5776	中性盘
13:24:45	28.88	0.02	10	28880	买盘
13:24:39	28.86	--	4	11544	买盘
13:24:36	28.86	--	4	11544	卖盘
13:24:21	28.86	--	1	2886	中性盘
13:24:06	28.86	--	10	28860	卖盘
13:24:03	28.86	--	15	43290	买盘
13:24:00	28.86	0.01	8	23088	买盘
13:23:51	28.85	--	13	37505	卖盘
13:23:39	28.85	--	27	77895	卖盘
13:23:33	28.85	-0.01	21	60585	卖盘
13:23:27	28.86	0.01	10	28860	买盘
13:23:03	28.85	-0.01	38	109630	卖盘
13:23:00	28.86	0.01	14	40404	买盘
13:22:48	28.85	--	10	28850	卖盘
13:22:45	28.85	-0.01	20	57700	卖盘
13:22:27	28.86	--	9	25974	买盘
13:22:24	28.86	--	144	415584	卖盘
13:22:00	28.86	--	9	25974	卖盘
13:21:51	28.86	--	15	43290	卖盘
13:21:45	28.86	-0.02	177	510822	卖盘
13:21:39	28.88	--	4	11552	卖盘
13:21:30	28.88	0.01	1	2888	买盘
13:21:27	28.87	--	5	14435	卖盘
13:21:12	28.87	-0.01	7	20209	卖盘
13:21:06	28.88	-0.01	44	127072	卖盘
13:21:03	28.89	--	6	17334	买盘
13:20:54	28.89	--	13	37557	买盘
13:20:48	28.89	--	4	11556	买盘
13:20:45	28.89	--	20	57780	买盘
13:20:39	28.89	--	30	86670	买盘
13:20:30	28.89	--	3	8667	买盘
13:20:27	28.89	0.01	20	57780	买盘
13:20:18	28.88	--	8	23104	卖盘
13:20:15	28.88	-0.01	8	23104	卖盘
13:20:03	28.89	--	5	14445	买盘
13:19:57	28.89	-0.01	15	43335	卖盘
13:19:27	28.9	--	20	57800	买盘
13:19:24	28.9	--	1	2890	买盘
13:19:21	28.9	-0.01	1	2890	卖盘
13:19:03	28.91	--	8	23128	卖盘
13:18:45	28.91	--	21	60711	买盘
13:18:42	28.91	--	13	37583	买盘
13:18:36	28.91	--	14	40474	买盘
13:18:27	28.91	--	12	34692	买盘
13:18:21	28.91	0.01	51	147441	买盘
13:18:18	28.9	--	1	2890	买盘
13:18:15	28.9	-0.01	32	92480	卖盘
13:18:00	28.91	-0.03	11	31801	卖盘
13:17:39	28.94	--	10	28940	买盘
13:17:09	28.94	--	1	2894	买盘
13:16:39	28.94	-0.01	6	17364	卖盘
13:16:27	28.95	--	1	2895	买盘
13:16:21	28.95	--	3	8685	买盘
13:16:15	28.95	0.01	2	5790	买盘
13:15:24	28.94	--	17	49198	卖盘
13:15:00	28.94	0.05	30	86820	中性盘
13:14:36	28.89	--	14	40446	卖盘
13:14:33	28.89	--	10	28890	卖盘
13:14:09	28.89	--	15	43335	卖盘
13:13:45	28.89	0.01	5	14445	中性盘
13:12:48	28.88	-0.01	10	28880	卖盘
13:12:42	28.89	0.01	5	14445	中性盘
13:11:45	28.88	--	3	8664	买盘
13:11:42	28.88	0.01	1	2888	中性盘
13:11:03	28.87	-0.08	35	101045	卖盘
13:11:00	28.95	0.07	26	75270	买盘
13:10:57	28.88	0.01	10	28880	买盘
13:10:51	28.87	-0.01	7	20209	卖盘
13:10:45	28.88	-0.01	25	72200	卖盘
13:10:36	28.89	--	29	83781	卖盘
13:10:27	28.89	-0.01	3	8667	卖盘
13:10:21	28.9	--	1	2890	买盘
13:09:57	28.9	0.02	5	14450	买盘
13:09:48	28.88	0.01	2	5776	买盘
13:09:45	28.87	-0.01	13	37531	卖盘
13:09:39	28.88	-0.06	6	17328	中性盘
13:09:30	28.94	--	7	20258	买盘
13:09:21	28.94	0.06	1	2894	买盘
13:09:00	28.88	--	21	60648	买盘
13:08:48	28.88	0.01	3	8664	中性盘
13:08:39	28.87	-0.01	17	49079	卖盘
13:08:33	28.88	-0.07	4	11552	中性盘
13:08:03	28.95	0.09	2	5790	中性盘
13:07:15	28.86	-0.09	172	496392	卖盘
13:07:06	28.95	--	6	17370	中性盘
13:06:12	28.95	0.09	10	28950	中性盘
13:05:39	28.86	--	0	2222	买盘
13:05:36	28.86	--	1	2886	买盘
13:05:33	28.86	--	8	23751	卖盘
13:05:09	28.86	-0.11	24	69264	卖盘
13:04:54	28.97	0.11	3	8691	买盘
13:04:21	28.86	--	40	117662	买盘
13:04:18	28.86	--	1	2886	买盘
13:04:03	28.86	--	22	63492	买盘
13:03:57	28.86	0.01	50	144300	买盘
13:03:51	28.85	-0.01	40	115400	卖盘
13:03:45	28.86	--	10	28860	买盘
13:03:42	28.86	--	24	69264	买盘
13:03:27	28.86	--	2	5772	买盘
13:03:21	28.86	-0.01	81	233766	卖盘
13:02:39	28.87	--	1	2887	买盘
13:02:03	28.87	0.01	10	28870	中性盘
13:01:42	28.86	--	19	54834	买盘
13:01:21	28.86	--	10	28860	买盘
13:01:18	28.86	-0.01	19	54834	卖盘
13:01:03	28.87	--	1	2887	买盘
13:00:57	28.87	-0.11	21	60627	卖盘
13:00:42	28.98	0.11	17	49266	买盘
13:00:12	28.87	-0.11	100	288700	卖盘
13:00:09	28.98	--	1	2898	买盘
13:00:06	28.98	--	139	402822	卖盘
13:00:03	28.98	--	0	0	卖盘
11:30:03	28.98	--	0	0	卖盘
11:29:15	28.98	--	1	2898	买盘
11:28:51	28.98	--	1	2898	买盘
11:28:45	28.98	--	8	23184	中性盘
11:28:27	28.98	0.07	6	17388	卖盘
11:28:00	28.91	--	1	2891	买盘
11:27:57	28.91	-0.09	5	14455	卖盘
11:27:54	29.0	0.02	30	87000	买盘
11:27:39	28.98	0.02	1	2898	买盘
11:27:03	28.96	0.06	50	144800	买盘
11:27:00	28.9	0.02	13	37570	中性盘
11:26:33	28.88	-0.08	10	28880	卖盘
11:26:24	28.96	0.08	15	43440	买盘
11:26:21	28.88	--	15	43320	买盘
11:26:12	28.88	--	2	5776	买盘
11:26:09	28.88	0.01	10	28880	买盘
11:26:03	28.87	-0.01	3	8661	卖盘
11:25:57	28.88	-0.02	75	216600	卖盘
11:25:48	28.9	--	7	20230	买盘
11:25:30	28.9	-0.03	93	268770	卖盘
11:25:27	28.93	--	2	5786	卖盘
11:25:03	28.93	--	6	17358	卖盘
11:24:48	28.93	-0.03	6	17358	卖盘
11:24:18	28.96	0.03	5	14480	买盘
11:24:00	28.93	--	1	2893	卖盘
11:23:57	28.93	0.01	1	2893	中性盘
11:23:39	28.92	0.02	16	46272	买盘
11:23:36	28.9	-0.02	15	43350	卖盘
11:23:33	28.92	0.02	2	5784	买盘
11:23:27	28.9	-0.02	15	43350	卖盘
11:23:18	28.92	0.04	4	11568	买盘
11:23:00	28.88	0.03	12	34656	中性盘
11:22:15	28.85	--	1	2885	卖盘
11:22:03	28.85	--	21	60585	卖盘
11:21:45	28.85	--	2	5770	卖盘
11:21:27	28.85	--	43	124055	卖盘
11:21:12	28.85	--	12	34620	卖盘
11:21:09	28.85	--	19	54815	卖盘
11:20:54	28.85	-0.07	138	398130	卖盘
11:20:39	28.92	--	17	49164	卖盘
11:20:36	28.92	--	58	167736	卖盘
11:20:27	28.92	-0.02	9	26028	卖盘
11:20:24	28.94	-0.01	27	78138	卖盘
11:20:12	28.95	--	7	20265	买盘
11:20:03	28.95	--	6	17370	卖盘
11:20:00	28.95	--	16	46320	卖盘
11:19:57	28.95	--	30	86850	卖盘
11:19:30	28.95	-0.03	20	57900	卖盘
11:19:15	28.98	--	52	150696	卖盘
11:19:12	28.98	--	10	28980	卖盘
11:18:45	28.98	--	43	124614	卖盘
11:18:33	28.98	--	11	31878	卖盘
11:18:30	28.98	-0.02	2	5796	卖盘
11:18:27	29.0	0.02	2	5800	买盘
11:18:18	28.98	-0.02	10	28980	卖盘
11:17:54	29.0	0.02	1	2900	中性盘
11:17:09	28.98	--	1	2898	卖盘
11:16:51	28.98	--	1	2898	卖盘
11:16:21	28.98	0.03	1	2898	卖盘
11:15:54	28.95	--	4	11580	买盘
11:15:51	28.95	-0.09	126	364770	卖盘
11:15:48	29.04	0.07	20	58080	买盘
11:14:51	28.97	--	14	40558	买盘
11:14:45	28.97	--	3	8691	卖盘
11:14:27	28.97	-0.07	50	144850	卖盘
11:14:18	29.04	0.06	38	110352	买盘
11:14:15	28.98	--	24	69552	买盘
11:14:03	28.98	--	21	60858	买盘
11:13:45	28.98	0.01	2	5796	买盘
11:13:30	28.97	--	12	34764	买盘
11:13:27	28.97	0.01	1	2897	买盘
11:13:21	28.96	--	1	2896	卖盘
11:13:00	28.96	--	4	11584	卖盘
11:12:48	28.96	--	5	14480	卖盘
11:12:42	28.96	-0.01	3	8688	卖盘
11:12:39	28.97	0.01	7	20279	买盘
11:12:36	28.96	-0.01	20	57920	卖盘
11:12:27	28.97	--	1	2897	买盘
11:12:18	28.97	--	9	26073	卖盘
11:12:15	28.97	-0.01	1	2897	卖盘
11:12:12	28.98	--	3	8694	中性盘
11:11:45	28.98	-0.02	2	5796	卖盘
11:11:27	29.0	--	7	20300	买盘
11:11:21	29.0	--	5	14500	卖盘
11:11:18	29.0	-0.01	4	11600	卖盘
11:11:03	29.01	--	10	29010	卖盘
11:10:39	29.01	0.01	10	29010	中性盘
11:10:12	29.0	0.02	3	8700	中性盘
11:10:09	28.98	-0.02	5	14490	卖盘
11:10:03	29.0	--	2	5800	买盘
11:09:45	29.0	-0.06	3	8700	卖盘
11:09:33	29.06	0.06	54	156924	买盘
11:09:30	29.0	-0.06	3	8700	卖盘
11:09:21	29.06	--	13	37778	买盘
11:08:33	29.06	0.09	26	75556	买盘
11:07:48	28.97	--	30	86910	买盘
11:07:45	28.97	-0.04	33	95601	卖盘
11:07:33	29.01	0.01	7	20307	买盘
11:07:24	29.0	--	30	87000	买盘
11:07:21	29.0	--	13	37700	买盘
11:07:15	29.0	-0.01	13	37700	卖盘
11:07:00	29.01	--	1	2901	卖盘
11:06:42	29.01	-0.06	6	17406	卖盘
11:06:33	29.07	--	4	11628	买盘
11:06:30	29.07	0.03	12	34884	买盘
11:06:27	29.04	-0.04	14	40656	卖盘
11:06:12	29.08	--	10	29080	卖盘
11:06:06	29.08	--	15	43620	卖盘
11:05:57	29.08	--	11	31987	卖盘
11:05:54	29.08	--	25	72700	卖盘
11:05:51	29.08	--	1	2908	卖盘
11:05:48	29.08	-0.02	5	14540	卖盘
11:05:45	29.1	0.01	9	26190	买盘
11:05:42	29.09	-0.01	8	23272	中性盘
11:05:24	29.1	0.02	6	17460	买盘
11:05:21	29.08	-0.01	27	78516	卖盘
11:05:09	29.09	-0.01	6	17454	卖盘
11:04:54	29.1	--	3	8730	买盘
11:04:51	29.1	0.01	10	29100	买盘
11:04:48	29.09	--	1	2909	卖盘
11:04:45	29.09	-0.01	13	37817	卖盘
11:04:33	29.1	0.01	5	14550	买盘
11:04:30	29.09	-0.01	10	29090	卖盘
11:04:24	29.1	0.01	4	11640	买盘
11:04:21	29.09	-0.01	12	34908	卖盘
11:04:12	29.1	--	2	5820	买盘
11:04:03	29.1	--	13	37830	买盘
11:03:54	29.1	--	5	14550	中性盘
11:03:27	29.1	-0.02	4	11640	卖盘
11:03:18	29.12	--	5	14560	买盘
11:03:15	29.12	0.02	7	20384	买盘
11:03:12	29.1	0.01	1	2910	中性盘
11:03:03	29.09	--	2	5818	卖盘
11:02:54	29.09	--	1	2909	卖盘
11:02:36	29.09	-0.04	1	2909	卖盘
11:02:27	29.13	0.04	12	34956	买盘
11:02:24	29.09	--	5	14545	卖盘
11:02:21	29.09	-0.04	7	20363	卖盘
11:02:03	29.13	-0.01	8	23304	中性盘
11:01:54	29.14	0.01	8	23312	买盘
11:01:51	29.13	0.04	2	5826	买盘
11:01:45	29.09	-0.05	3	8727	卖盘
11:01:36	29.14	0.01	13	37882	买盘
11:01:21	29.13	--	5	14565	卖盘
11:01:15	29.13	--	5	14565	买盘
11:01:00	29.13	-0.01	1	2913	中性盘
11:00:48	29.14	0.01	12	34968	买盘
11:00:18	29.13	--	5	14565	买盘
10:59:57	29.13	0.05	13	37869	买盘
10:59:48	29.08	--	2	5816	卖盘
10:59:18	29.08	-0.06	3	8724	卖盘
10:59:15	29.14	0.01	6	17484	买盘
10:59:12	29.13	--	7	20391	中性盘
10:59:06	29.13	-0.01	10	29130	中性盘
10:58:30	29.14	--	6	17484	买盘
10:58:27	29.14	0.03	32	93248	买盘
10:58:24	29.11	0.01	12	34932	买盘
10:58:21	29.1	--	14	40740	买盘
10:58:03	29.1	--	9	26190	卖盘
10:58:00	29.1	--	2	5820	卖盘
10:57:42	29.1	-0.01	4	11640	卖盘
10:57:39	29.11	0.01	4	11644	中性盘
10:57:33	29.1	--	32	93120	卖盘
10:57:30	29.1	-0.02	23	66930	卖盘
10:57:27	29.12	0.01	9	26208	买盘
10:57:18	29.11	--	47	136817	卖盘
10:57:09	29.11	--	1	2911	卖盘
10:57:03	29.11	--	1	2911	卖盘
10:56:57	29.11	-0.01	1	2911	卖盘
10:56:45	29.12	--	6	17472	买盘
10:56:42	29.12	0.01	16	46592	买盘
10:56:39	29.11	-0.01	3	8733	卖盘
10:56:27	29.12	-0.03	15	43680	卖盘
10:56:24	29.15	--	17	49555	买盘
10:56:15	29.15	0.02	12	34980	买盘
10:56:12	29.13	--	4	11652	买盘
10:56:00	29.13	-0.03	8	23304	买盘
10:55:57	29.16	0.05	11	32076	中性盘
10:55:45	29.11	-0.02	4	11644	卖盘
10:55:39	29.13	-0.05	6	17478	中性盘
10:55:30	29.18	0.08	13	37934	买盘
10:55:27	29.1	-0.01	16	46560	卖盘
10:55:21	29.11	-0.07	8	23288	卖盘
10:55:09	29.18	0.07	7	20426	买盘
10:55:06	29.11	--	28	81508	买盘
10:55:00	29.11	0.01	7	20377	买盘
10:54:51	29.1	--	1	2910	卖盘
10:54:45	29.1	--	4	11640	买盘
10:54:42	29.1	0.02	2	5820	中性盘
10:54:21	29.08	-0.11	10	29080	卖盘
10:54:18	29.19	0.01	6	17514	买盘
10:54:15	29.18	0.06	7	20426	买盘
10:54:12	29.12	--	1	2912	买盘
10:54:09	29.12	--	9	26208	买盘
10:53:54	29.12	0.02	19	55328	买盘
10:53:51	29.1	0.02	50	145500	买盘
10:53:42	29.08	0.04	5	14540	买盘
10:53:39	29.04	--	10	29040	买盘
10:53:36	29.04	-0.04	20	58080	卖盘
10:53:33	29.08	0.03	16	46528	买盘
10:53:27	29.05	0.05	12	34860	买盘
10:53:21	29.0	-0.04	5	14500	卖盘
10:53:12	29.04	0.04	3	8712	买盘
10:53:06	29.0	--	3	8700	买盘
10:53:03	29.0	--	8	23200	买盘
10:52:48	29.0	0.01	50	145000	买盘
10:52:45	28.99	--	5	14495	买盘
10:52:42	28.99	--	13	37687	买盘
10:52:33	28.99	--	5	14495	买盘
10:52:18	28.99	--	11	31889	买盘
10:52:15	28.99	0.01	7	20293	买盘
10:52:12	28.98	0.06	1	2898	买盘
10:52:09	28.92	-0.07	1	2892	买盘
10:52:03	28.99	0.05	50	144950	买盘
10:51:54	28.94	-0.03	9	26046	中性盘
10:51:45	28.97	0.02	13	37661	买盘
10:51:42	28.95	--	10	28950	买盘
10:51:30	28.95	--	8	23160	买盘
10:51:21	28.95	--	35	101325	买盘
10:50:57	28.95	0.03	12	34740	买盘
10:50:48	28.92	--	1	2892	卖盘
10:50:42	28.92	-0.03	1	2892	卖盘
10:50:33	28.95	0.01	13	37635	买盘
10:50:21	28.94	--	20	57880	买盘
10:50:06	28.94	-0.01	10	28940	买盘
10:50:00	28.95	0.01	71	205545	买盘
10:49:51	28.94	--	1	2894	买盘
10:49:48	28.94	--	14	40516	买盘
10:49:33	28.94	--	4	11576	买盘
10:49:24	28.94	--	2	5788	买盘
10:49:21	28.94	--	20	57880	买盘
10:49:00	28.94	--	6	17364	买盘
10:48:57	28.94	0.03	307	888458	中性盘
10:48:15	28.91	--	1	2891	卖盘
10:48:12	28.91	-0.04	9	26019	卖盘
10:48:09	28.95	0.04	12	34740	买盘
10:47:54	28.91	--	1	2891	卖盘
10:47:42	28.91	0.02	2	5782	买盘
10:47:21	28.89	-0.02	30	86670	卖盘
10:47:18	28.91	0.01	21	60711	买盘
10:47:12	28.9	--	130	375700	买盘
10:47:06	28.9	--	8	23120	买盘
10:47:00	28.9	0.02	90	260100	买盘
10:46:57	28.88	--	3	8664	买盘
10:46:51	28.88	-0.01	21	60648	卖盘
10:46:42	28.89	--	7	20223	买盘
10:46:30	28.89	0.01	15	43335	买盘
10:46:18	28.88	-0.01	5	14440	卖盘
10:46:12	28.89	--	3	8667	买盘
10:46:09	28.89	--	46	132894	买盘
10:46:03	28.89	0.01	20	57780	买盘
10:45:42	28.88	--	6	17328	买盘
10:45:39	28.88	0.01	13	37544	买盘
10:45:33	28.87	-0.01	18	51966	卖盘
10:45:30	28.88	--	6	17328	买盘
10:45:12	28.88	--	10	28880	买盘
10:45:09	28.88	--	1	2888	买盘
10:45:06	28.88	--	2	5776	中性盘
10:44:48	28.88	-0.01	10	28880	卖盘
10:44:45	28.89	0.01	80	231120	买盘
10:44:42	28.88	--	9	25992	卖盘
10:44:36	28.88	-0.01	9	25992	卖盘
10:44:21	28.89	--	4	11556	买盘
10:44:12	28.89	0.01	2	5778	买盘
10:44:09	28.88	-0.01	2	5776	卖盘
10:44:06	28.89	0.01	21	60669	买盘
10:44:00	28.88	--	5	14440	卖盘
10:43:51	28.88	0.01	11	31768	买盘
10:43:36	28.87	--	15	43305	买盘
10:43:21	28.87	0.02	5	14435	买盘
10:43:18	28.85	--	4	11540	卖盘
10:43:12	28.85	-0.04	11	31735	卖盘
10:43:09	28.89	0.01	10	28890	买盘
10:43:06	28.88	0.04	1	2888	买盘
10:43:03	28.84	0.01	4	11536	中性盘
10:42:30	28.83	-0.01	25	72075	卖盘
10:42:27	28.84	-0.01	3	8652	卖盘
10:42:12	28.85	0.02	10	28850	买盘
10:42:03	28.83	-0.02	10	28830	卖盘
10:42:00	28.85	--	5	14425	买盘
10:41:57	28.85	0.01	8	23080	买盘
10:41:51	28.84	--	1	2884	买盘
10:41:48	28.84	0.01	10	28840	买盘
10:41:42	28.83	0.01	10	28830	中性盘
10:41:39	28.82	--	33	95106	卖盘
10:41:21	28.82	-0.01	3	8646	卖盘
10:41:18	28.83	--	3	8649	卖盘
10:41:09	28.83	-0.02	16	46128	卖盘
10:41:06	28.85	0.02	7	20195	买盘
10:40:54	28.83	--	9	25947	卖盘
10:40:51	28.83	-0.01	30	86490	卖盘
10:40:42	28.84	--	2	5768	卖盘
10:40:39	28.84	0.01	8	23072	中性盘
10:40:21	28.83	-0.02	12	34596	卖盘
10:40:18	28.85	0.02	11	31735	买盘
10:40:09	28.83	-0.01	11	31712	卖盘
10:40:03	28.84	0.01	8	23072	买盘
10:40:00	28.83	--	40	115320	卖盘
10:39:51	28.83	-0.02	148	426684	卖盘
10:39:48	28.85	--	1	2885	买盘
10:39:45	28.85	--	1	2885	买盘
10:39:33	28.85	-0.04	11	31735	卖盘
10:39:30	28.89	0.04	13	37557	买盘
10:39:24	28.85	--	7	20195	卖盘
10:39:18	28.85	0.01	24	69240	买盘
10:39:12	28.84	--	1	2884	卖盘
10:39:06	28.84	--	8	23072	卖盘
10:39:03	28.84	-0.01	6	17304	卖盘
10:39:00	28.85	0.01	1	2885	买盘
10:38:57	28.84	--	39	112476	卖盘
10:38:45	28.84	-0.01	3	8652	卖盘
10:38:42	28.85	-0.01	30	86550	卖盘
10:38:39	28.86	--	6	17316	卖盘
10:38:30	28.86	--	5	14430	买盘
10:38:24	28.86	0.01	16	46176	买盘
10:38:21	28.85	-0.03	9	25965	卖盘
10:38:18	28.88	0.03	32	92416	买盘
10:38:15	28.85	-0.02	5	14425	卖盘
10:38:12	28.87	0.02	5	14435	买盘
10:38:09	28.85	-0.03	1	2885	卖盘
10:37:51	28.88	--	15	43320	买盘
10:37:39	28.88	0.03	27	77976	买盘
10:37:33	28.85	-0.03	9	25965	卖盘
10:37:24	28.88	--	5	14440	买盘
10:37:03	28.88	0.04	9	25992	买盘
10:36:57	28.84	--	40	115360	卖盘
10:36:51	28.84	--	6	17304	卖盘
10:36:33	28.84	-0.04	3	8652	卖盘
10:36:30	28.88	0.01	9	25992	买盘
10:36:18	28.87	0.03	15	43305	买盘
10:36:12	28.84	-0.02	64	184576	卖盘
10:36:09	28.86	--	14	40404	卖盘
10:36:03	28.86	-0.02	1	2886	卖盘
10:35:57	28.88	0.01	9	25992	买盘
10:35:54	28.87	--	5	14435	中性盘
10:35:48	28.87	--	5	14435	卖盘
10:35:36	28.87	-0.02	35	101045	卖盘
10:35:27	28.89	-0.01	11	31779	卖盘
10:35:24	28.9	0.02	38	109820	买盘
10:35:21	28.88	-0.02	3	8664	卖盘
10:35:15	28.9	0.01	5	14450	买盘
10:35:09	28.89	0.01	2	5778	中性盘
10:35:03	28.88	-0.01	75	216600	卖盘
10:35:00	28.89	-0.01	5	14445	卖盘
10:34:57	28.9	--	5	14450	买盘
10:34:51	28.9	--	20	57800	买盘
10:34:33	28.9	0.01	10	28900	买盘
10:34:27	28.89	-0.01	2	5778	卖盘
10:34:18	28.9	--	5	14450	买盘
10:34:15	28.9	0.01	10	28900	买盘
10:34:09	28.89	-0.01	3	8667	卖盘
10:34:03	28.9	0.01	2	5780	买盘
10:33:27	28.89	--	6	17334	买盘
10:33:21	28.89	--	3	8667	买盘
10:33:12	28.89	--	25	72225	买盘
10:33:09	28.89	--	34	98226	买盘
10:33:00	28.89	0.01	1	2889	买盘
10:32:57	28.88	--	20	57760	卖盘
10:32:51	28.88	0.01	11	31768	买盘
10:32:36	28.87	--	7	20209	买盘
10:32:00	28.87	0.01	10	28870	买盘
10:31:36	28.86	0.01	16	46176	买盘
10:31:30	28.85	0.01	22	63470	买盘
10:31:24	28.84	-0.01	10	28840	中性盘
10:31:09	28.85	0.01	19	54815	买盘
10:31:00	28.84	-0.01	12	34608	卖盘
10:30:57	28.85	--	4	11540	买盘
10:30:39	28.85	--	5	14425	买盘
10:30:30	28.85	--	1	2885	买盘
10:30:27	28.85	0.01	2	5770	买盘
10:30:24	28.84	-0.01	10	28840	卖盘
10:30:21	28.85	--	3	8655	卖盘
10:30:18	28.85	--	9	25965	卖盘
10:30:06	28.85	--	3	8655	买盘
10:30:03	28.85	0.01	10	28850	中性盘
10:30:00	28.84	-0.01	10	28840	卖盘
10:29:54	28.85	--	4	11540	买盘
10:29:51	28.85	--	6	17310	买盘
10:29:48	28.85	--	4	11540	买盘
10:29:39	28.85	0.01	16	46160	中性盘
10:29:33	28.84	-0.05	5	14420	卖盘
10:29:06	28.89	0.04	2	5778	买盘
10:29:03	28.85	-0.03	45	129825	卖盘
10:28:54	28.88	--	1	2888	卖盘
10:28:51	28.88	--	3	8664	买盘
10:28:48	28.88	-0.01	2	5776	中性盘
10:28:33	28.89	--	7	20223	买盘
10:28:21	28.89	-0.01	2	5778	卖盘
10:28:18	28.9	-0.01	11	31790	中性盘
10:28:03	28.91	0.01	101	291991	买盘
10:28:00	28.9	--	23	66470	卖盘
10:27:57	28.9	-0.01	1	2890	卖盘
10:27:54	28.91	--	75	216825	买盘
10:27:45	28.91	0.01	100	289100	买盘
10:27:36	28.9	--	103	297670	买盘
10:27:24	28.9	--	5	14450	卖盘
10:27:21	28.9	-0.01	15	43350	卖盘
10:27:15	28.91	--	1	2891	买盘
10:27:12	28.91	--	1	2891	买盘
10:27:09	28.91	0.01	5	14455	买盘
10:27:06	28.9	-0.01	3	8670	卖盘
10:27:00	28.91	--	1	2891	买盘
10:26:57	28.91	--	14	40474	买盘
10:26:54	28.91	0.01	14	40474	买盘
10:26:48	28.9	--	10	28900	卖盘
10:26:45	28.9	-0.01	35	101150	卖盘
10:26:42	28.91	0.01	10	28910	买盘
10:26:39	28.9	-0.01	2	5780	卖盘
10:26:36	28.91	0.01	5	14455	买盘
10:26:24	28.9	--	1	2890	买盘
10:26:18	28.9	--	1	2890	买盘
10:26:12	28.9	0.06	30	86700	中性盘
10:25:57	28.84	-0.07	5	14420	卖盘
10:25:54	28.91	0.08	49	141659	买盘
10:25:48	28.83	--	28	83030	卖盘
10:25:27	28.83	0.01	8	23064	买盘
10:25:24	28.82	-0.01	10	28820	卖盘
10:25:21	28.83	--	11	31712	买盘
10:25:18	28.83	--	5	14415	买盘
10:25:12	28.83	--	20	57660	买盘
10:25:09	28.83	--	30	86490	买盘
10:25:06	28.83	--	20	57660	买盘
10:25:03	28.83	--	1	2883	买盘
10:24:54	28.83	-0.01	1	2883	买盘
10:24:51	28.84	-0.07	4	11536	卖盘
10:24:48	28.91	0.09	2	5782	买盘
10:24:45	28.82	-0.1	46	132572	卖盘
10:24:39	28.92	0.1	3	8676	买盘
10:24:33	28.82	--	2	5764	卖盘
10:24:18	28.82	-0.1	10	28820	卖盘
10:24:09	28.92	0.11	10	28920	买盘
10:24:03	28.81	--	2	5762	买盘
10:24:00	28.81	--	1	2881	买盘
10:23:57	28.81	--	7	20167	卖盘
10:23:54	28.81	--	43	123883	买盘
10:23:51	28.81	--	5	14405	买盘
10:23:45	28.81	--	7	20167	买盘
10:23:39	28.81	--	55	158455	买盘
10:23:36	28.81	--	1	2881	买盘
10:23:33	28.81	0.01	37	106597	买盘
10:23:30	28.8	-0.01	6	17280	卖盘
10:23:27	28.81	0.01	4	11524	买盘
10:23:12	28.8	--	25	72000	买盘
10:23:09	28.8	-0.01	15	43200	卖盘
10:23:00	28.81	--	60	172860	买盘
10:22:57	28.81	0.02	6	17286	买盘
10:22:51	28.79	-0.01	4	11516	卖盘
10:22:48	28.8	-0.01	35	100800	卖盘
10:22:42	28.81	--	1	2881	买盘
10:22:39	28.81	0.01	40	115240	买盘
10:22:36	28.8	-0.01	40	115200	卖盘
10:22:30	28.81	--	40	115240	买盘
10:22:27	28.81	--	3	8643	买盘
10:22:24	28.81	0.01	1	2881	买盘
10:22:21	28.8	-0.03	11	31680	卖盘
10:22:15	28.83	0.03	39	112437	买盘
10:22:09	28.8	-0.02	4	11520	卖盘
10:22:06	28.82	0.01	13	37466	买盘
10:22:03	28.81	0.01	53	152693	买盘
10:22:00	28.8	-0.01	8	23040	卖盘
10:21:57	28.81	--	3	8643	买盘
10:21:54	28.81	0.01	5	14405	买盘
10:21:51	28.8	-0.01	17	48960	卖盘
10:21:48	28.81	--	33	95073	买盘
10:21:45	28.81	0.01	3	8643	买盘
10:21:42	28.8	--	10	28800	卖盘
10:21:39	28.8	--	27	77760	卖盘
10:21:33	28.8	-0.01	14	40320	卖盘
10:21:27	28.81	0.01	5	14405	买盘
10:21:21	28.8	--	50	144000	卖盘
10:21:15	28.8	--	21	60480	卖盘
10:21:12	28.8	--	19	54720	买盘
10:21:09	28.8	--	4	11520	买盘
10:21:06	28.8	--	3	8640	买盘
10:21:03	28.8	--	1	2880	买盘
10:21:00	28.8	0.01	17	48960	买盘
10:20:57	28.79	--	73	210167	卖盘
10:20:54	28.79	-0.01	3	8637	卖盘
10:20:51	28.8	--	20	57600	买盘
10:20:48	28.8	--	20	57600	买盘
10:20:45	28.8	--	1	2880	买盘
10:20:42	28.8	0.01	10	28800	买盘
10:20:39	28.79	-0.01	34	97886	卖盘
10:20:36	28.8	0.01	4	11520	买盘
10:20:33	28.79	0.01	1	2879	买盘
10:20:30	28.78	-0.02	1	2878	卖盘
10:20:27	28.8	0.01	20	57600	买盘
10:20:24	28.79	0.03	5	14395	中性盘
10:20:18	28.76	-0.04	31	89156	卖盘
10:20:15	28.8	--	2	5760	买盘
10:20:09	28.8	0.03	1	2880	买盘
10:20:03	28.77	0.01	18	51786	中性盘
10:19:57	28.76	-0.04	1	2876	卖盘
10:19:54	28.8	0.05	6	17280	买盘
10:19:45	28.75	-0.01	36	103500	卖盘
10:19:42	28.76	--	65	186940	卖盘
10:19:36	28.76	0.01	17	48892	买盘
10:19:33	28.75	--	10	28750	卖盘
10:19:30	28.75	-0.01	9	25875	中性盘
10:19:21	28.76	0.02	1	2876	买盘
10:19:18	28.74	--	12	34488	卖盘
10:19:15	28.74	--	94	270156	买盘
10:19:09	28.74	--	11	31614	买盘
10:19:06	28.74	--	2	5748	买盘
10:19:03	28.74	-0.01	37	106338	卖盘
10:19:00	28.75	0.01	40	115000	中性盘
10:18:54	28.74	-0.04	29	83346	卖盘
10:18:51	28.78	--	145	417310	买盘
10:18:48	28.78	0.01	161	463358	买盘
10:18:42	28.77	0.01	2	5754	买盘
10:18:39	28.76	0.02	12	34512	买盘
10:18:33	28.74	--	15	43110	买盘
10:18:30	28.74	-0.02	23	66102	买盘
10:18:27	28.76	-0.02	7	20132	卖盘
10:18:24	28.78	0.01	9	25902	买盘
10:18:21	28.77	0.01	13	37401	中性盘
10:18:18	28.76	-0.02	36	103536	卖盘
10:18:12	28.78	0.01	16	46048	买盘
10:18:09	28.77	0.01	5	14385	买盘
10:18:06	28.76	0.03	1	2876	买盘
10:18:03	28.73	-0.07	45	129285	卖盘
10:18:00	28.8	0.04	113	325440	买盘
10:17:57	28.76	--	12	34512	买盘
10:17:54	28.76	-0.01	21	60396	卖盘
10:17:51	28.77	--	15	43155	买盘
10:17:48	28.77	--	2	5754	中性盘
10:17:42	28.77	--	20	57540	卖盘
10:17:39	28.77	-0.03	28	80556	卖盘
10:17:36	28.8	0.03	4	11520	买盘
10:17:33	28.77	-0.03	9	25893	卖盘
10:17:30	28.8	--	10	28800	买盘
10:17:27	28.8	--	22	63360	买盘
10:17:24	28.8	--	54	155520	卖盘
10:17:21	28.8	--	9	25920	卖盘
10:17:18	28.8	-0.01	32	92160	卖盘
10:17:15	28.81	-0.01	5	14405	卖盘
10:17:12	28.82	0.01	151	435182	买盘
10:17:09	28.81	--	10	28810	买盘
10:17:06	28.81	0.01	2	5762	卖盘
10:17:03	28.8	-0.01	101	290880	卖盘
10:17:00	28.81	-0.01	18	51858	卖盘
10:16:57	28.82	--	57	164274	买盘
10:16:54	28.82	--	10	28820	买盘
10:16:51	28.82	--	22	63404	卖盘
10:16:48	28.82	-0.01	64	184448	卖盘
10:16:45	28.83	0.01	52	149916	买盘
10:16:39	28.82	-0.01	37	106634	卖盘
10:16:36	28.83	--	31	89373	买盘
10:16:33	28.83	-0.02	52	149916	卖盘
10:16:30	28.85	0.02	17	49045	买盘
10:16:27	28.83	-0.01	35	100905	卖盘
10:16:24	28.84	--	5	14420	买盘
10:16:21	28.84	--	12	34608	买盘
10:16:18	28.84	-0.01	7	20188	买盘
10:16:15	28.85	0.01	55	158675	买盘
10:16:12	28.84	--	6	17304	买盘
10:16:09	28.84	--	20	57680	卖盘
10:16:06	28.84	-0.01	69	198996	卖盘
10:16:03	28.85	--	22	63470	买盘
10:16:00	28.85	--	3	8655	买盘
10:15:57	28.85	--	15	43275	买盘
10:15:54	28.85	--	7	20195	买盘
10:15:51	28.85	--	15	43275	买盘
10:15:48	28.85	--	12	34620	买盘
10:15:45	28.85	-0.02	36	103860	卖盘
10:15:30	28.87	0.02	18	51966	买盘
10:15:24	28.85	-0.02	13	37505	卖盘
10:15:15	28.87	-0.03	14	40418	买盘
10:15:12	28.9	0.05	10	28900	买盘
10:15:09	28.85	-0.05	27	77895	卖盘
10:15:03	28.9	0.02	8	23120	买盘
10:14:57	28.88	-0.04	231	667128	卖盘
10:14:51	28.92	0.02	17	49164	买盘
10:14:48	28.9	-0.02	200	578000	卖盘
10:14:42	28.92	--	5	14460	买盘
10:14:30	28.92	-0.04	481	1391052	卖盘
10:14:27	28.96	--	3	8688	卖盘
10:14:24	28.96	-0.03	1	2896	中性盘
10:14:15	28.99	0.01	12	34788	买盘
10:14:12	28.98	0.03	1	2898	中性盘
10:14:06	28.95	-0.03	210	607950	卖盘
10:13:54	28.98	-0.01	10	28980	卖盘
10:13:27	28.99	--	11	31889	买盘
10:13:24	28.99	--	3	8697	卖盘
10:13:12	28.99	--	9	26091	买盘
10:13:06	28.99	--	1	2899	买盘
10:12:54	28.99	--	1	2899	卖盘
10:12:48	28.99	-0.01	4	11596	卖盘
10:12:45	29.0	--	1	2900	买盘
10:12:39	29.0	--	1	2900	买盘
10:12:36	29.0	-0.01	40	116000	卖盘
10:12:33	29.01	0.01	2	5802	买盘
10:12:30	29.0	-0.01	6	17400	卖盘
10:12:15	29.01	-0.01	34	98634	卖盘
10:12:12	29.02	0.01	1	2902	买盘
10:12:09	29.01	-0.01	59	171159	卖盘
10:11:57	29.02	--	3	8706	买盘
10:11:51	29.02	--	5	14510	买盘
10:11:39	29.02	--	15	43530	卖盘
10:11:27	29.02	-0.03	14	40628	卖盘
10:11:24	29.05	--	16	46480	买盘
10:11:21	29.05	-0.01	5	14525	中性盘
10:11:12	29.06	0.01	1	2906	买盘
10:11:09	29.05	-0.01	9	26145	卖盘
10:11:03	29.06	--	62	180172	买盘
10:11:00	29.06	--	6	17436	买盘
10:10:54	29.06	0.01	2	5812	中性盘
10:10:39	29.05	-0.01	10	29050	卖盘
10:10:36	29.06	--	1	2906	买盘
10:10:33	29.06	--	1	2906	买盘
10:10:21	29.06	0.01	2	5812	买盘
10:10:06	29.05	--	9	26145	买盘
10:09:57	29.05	0.04	9	26145	买盘
10:09:51	29.01	0.03	109	316209	买盘
10:09:48	28.98	-0.01	33	95634	卖盘
10:09:45	28.99	-0.01	6	17394	中性盘
10:09:39	29.0	0.01	10	29000	买盘
10:09:30	28.99	--	31	89869	卖盘
10:09:12	28.99	0.01	1	2899	买盘
10:09:00	28.98	--	2	5796	买盘
10:08:57	28.98	--	3	8694	买盘
10:08:48	28.98	0.02	2	5796	中性盘
10:08:36	28.96	--	5	14480	卖盘
10:08:24	28.96	-0.04	2	5792	卖盘
10:08:21	29.0	0.03	27	78300	买盘
10:08:06	28.97	0.01	1	2897	中性盘
10:08:03	28.96	-0.04	2	5792	卖盘
10:08:00	29.0	0.04	1	2900	买盘
10:07:57	28.96	--	2	5792	卖盘
10:07:48	28.96	--	12	34752	卖盘
10:07:39	28.96	--	2	5792	卖盘
10:07:36	28.96	--	4	11584	卖盘
10:07:30	28.96	--	34	98464	卖盘
10:07:27	28.96	-0.01	9	26064	卖盘
10:07:24	28.97	--	5	14485	买盘
10:07:21	28.97	--	4	11588	买盘
10:07:18	28.97	--	6	17382	买盘
10:07:15	28.97	0.01	10	28970	买盘
10:07:09	28.96	-0.01	8	23168	卖盘
10:07:03	28.97	--	8	23176	买盘
10:06:57	28.97	--	17	49249	买盘
10:06:54	28.97	-0.03	29	84273	卖盘
10:06:51	29.0	0.03	30	87000	买盘
10:06:48	28.97	--	11	31867	卖盘
10:06:36	28.97	-0.01	4	11588	卖盘
10:06:30	28.98	--	10	28980	买盘
10:06:27	28.98	--	1	2898	买盘
10:06:24	28.98	-0.02	64	185472	卖盘
10:06:03	29.0	--	4	11600	买盘
10:06:00	29.0	--	17	49300	买盘
10:05:54	29.0	--	12	34800	卖盘
10:05:42	29.0	--	2	5800	卖盘
10:05:30	29.0	0.02	1	2900	买盘
10:05:06	28.98	--	3	8694	卖盘
10:04:57	28.98	-0.02	2	5796	卖盘
10:04:54	29.0	0.03	10	29000	买盘
10:04:39	28.97	-0.03	11	31867	卖盘
10:04:30	29.0	0.03	14	40600	买盘
10:04:27	28.97	-0.01	16	46352	卖盘
10:04:15	28.98	0.01	3	8694	买盘
10:04:12	28.97	--	9	26073	卖盘
10:03:54	28.97	--	10	31606	买盘
10:03:45	28.97	0.01	2	5794	买盘
10:03:42	28.96	-0.01	6	17376	卖盘
10:03:39	28.97	--	18	52146	买盘
10:03:36	28.97	--	11	31867	买盘
10:03:33	28.97	0.01	5	14485	买盘
10:03:30	28.96	-0.01	25	72400	卖盘
10:03:24	28.97	--	5	14485	买盘
10:03:18	28.97	--	5	14485	买盘
10:03:15	28.97	--	13	37661	买盘
10:03:09	28.97	--	11	31867	买盘
10:03:03	28.97	--	12	34764	买盘
10:03:00	28.97	--	1	2897	买盘
10:02:54	28.97	--	10	28970	买盘
10:02:42	28.97	--	5	14485	买盘
10:02:30	28.97	0.02	9	26073	买盘
10:02:27	28.95	--	5	14475	卖盘
10:02:24	28.95	--	7	20265	卖盘
10:02:21	28.95	-0.01	30	86850	卖盘
10:02:15	28.96	--	95	275120	中性盘
10:02:09	28.96	--	5	14480	买盘
10:02:03	28.96	0.01	1	2896	买盘
10:01:57	28.95	-0.01	11	31845	卖盘
10:01:45	28.96	0.02	38	110048	买盘
10:01:42	28.94	-0.01	34	98396	卖盘
10:01:36	28.95	0.01	7	20265	买盘
10:01:33	28.94	-0.01	6	17364	卖盘
10:01:30	28.95	--	74	214230	买盘
10:01:24	28.95	0.01	6	17370	买盘
10:01:21	28.94	-0.01	21	60774	卖盘
10:01:18	28.95	--	1	2895	买盘
10:01:12	28.95	--	8	23160	买盘
10:01:09	28.95	--	1	2895	买盘
10:01:03	28.95	--	5	14475	买盘
10:01:00	28.95	0.01	10	28950	买盘
10:00:57	28.94	-0.01	10	28940	卖盘
10:00:54	28.95	--	4	11580	买盘
10:00:51	28.95	0.01	7	20265	中性盘
10:00:42	28.94	--	15	43410	卖盘
10:00:30	28.94	-0.01	9	26046	卖盘
10:00:24	28.95	--	2	5790	卖盘
10:00:21	28.95	--	3	8685	卖盘
10:00:18	28.95	0.01	16	46320	买盘
10:00:15	28.94	-0.01	6	17364	卖盘
10:00:06	28.95	-0.01	17	49215	卖盘
10:00:03	28.96	0.02	1	2896	买盘
10:00:00	28.94	-0.01	182	526708	卖盘
09:59:57	28.95	--	46	133170	卖盘
09:59:45	28.95	-0.01	4	11580	卖盘
09:59:36	28.96	0.01	5	14480	买盘
09:59:30	28.95	--	9	26055	卖盘
09:59:27	28.95	-0.01	15	43425	卖盘
09:59:18	28.96	0.01	14	40544	买盘
09:59:15	28.95	--	12	34740	卖盘
09:59:12	28.95	--	23	66585	卖盘
09:59:03	28.95	--	27	78165	卖盘
09:58:57	28.95	--	7	20265	卖盘
09:58:54	28.95	-0.01	1	2895	卖盘
09:58:51	28.96	--	5	14480	买盘
09:58:39	28.96	--	100	289600	买盘
09:58:36	28.96	-0.01	15	43440	卖盘
09:58:27	28.97	--	10	28970	买盘
09:58:21	28.97	-0.01	9	26333	卖盘
09:58:18	28.98	-0.01	48	139104	买盘
09:58:06	28.99	--	37	107263	买盘
09:58:03	28.99	--	7	20293	买盘
09:57:54	28.99	--	10	28990	买盘
09:57:51	28.99	0.02	5	14495	买盘
09:57:48	28.97	-0.02	60	173820	卖盘
09:57:45	28.99	0.01	5	14495	买盘
09:57:42	28.98	-0.01	4	11592	卖盘
09:57:33	28.99	-0.01	61	176839	卖盘
09:57:21	29.0	0.02	21	60900	买盘
09:57:12	28.98	-0.01	5	14490	卖盘
09:57:09	28.99	--	2	8436	买盘
09:57:06	28.99	0.01	2	5798	买盘
09:57:03	28.98	-0.01	25	72450	卖盘
09:57:00	28.99	-0.01	2	5798	买盘
09:56:57	29.0	--	22	64061	卖盘
09:56:51	29.0	0.01	81	237539	买盘
09:56:48	28.99	--	20	57980	买盘
09:56:42	28.99	-0.01	3	8697	卖盘
09:56:33	29.0	0.01	16	46400	买盘
09:56:27	28.99	-0.01	14	40586	卖盘
09:56:24	29.0	--	8	23200	买盘
09:56:21	29.0	0.01	2	5800	买盘
09:56:15	28.99	-0.01	47	136253	卖盘
09:56:06	29.0	--	11	31900	买盘
09:56:03	29.0	--	6	17400	买盘
09:56:00	29.0	0.01	6	17400	买盘
09:55:57	28.99	-0.01	5	14495	卖盘
09:55:54	29.0	--	2	5800	买盘
09:55:51	29.0	--	14	40600	买盘
09:55:48	29.0	--	10	29000	买盘
09:55:42	29.0	--	5	14500	买盘
09:55:36	29.0	--	10	29000	买盘
09:55:30	29.0	--	20	58000	买盘
09:55:24	29.0	--	2	5800	买盘
09:55:18	29.0	--	16	46400	买盘
09:55:15	29.0	0.01	6	17400	买盘
09:55:12	28.99	-0.01	4	11596	卖盘
09:55:09	29.0	--	7	20300	买盘
09:55:06	29.0	--	49	142100	买盘
09:55:00	29.0	--	5	14500	买盘
09:54:54	29.0	0.01	10	29000	买盘
09:54:51	28.99	--	4	11596	卖盘
09:54:48	28.99	-0.01	5	14495	买盘
09:54:39	29.0	0.01	40	116000	买盘
09:54:36	28.99	-0.01	24	71808	卖盘
09:54:33	29.0	--	5	14500	买盘
09:54:30	29.0	0.01	26	75400	买盘
09:54:27	28.99	--	29	84071	卖盘
09:54:24	28.99	-0.01	10	28990	卖盘
09:54:21	29.0	--	71	205900	买盘
09:54:15	29.0	--	1	2900	买盘
09:54:12	29.0	--	24	69600	买盘
09:54:06	29.0	--	10	29000	买盘
09:54:03	29.0	0.01	77	223300	买盘
09:54:00	28.99	-0.01	43	125323	卖盘
09:53:57	29.0	--	506	1467400	买盘
09:53:54	29.0	--	16	46400	买盘
09:53:48	29.0	0.01	10	29000	买盘
09:53:45	28.99	-0.01	5	14495	卖盘
09:53:39	29.0	0.01	30	87000	买盘
09:53:36	28.99	--	4	11596	卖盘
09:53:33	28.99	--	10	28990	卖盘
09:53:30	28.99	--	65	188435	卖盘
09:53:24	28.99	--	1	2899	卖盘
09:53:21	28.99	--	14	40586	卖盘
09:53:15	28.99	--	19	55081	买盘
09:53:12	28.99	0.02	2	5798	买盘
09:53:09	28.97	-0.02	30	86910	卖盘
09:53:06	28.99	0.02	1	2899	买盘
09:53:00	28.97	-0.02	6	17382	中性盘
09:52:54	28.99	0.02	30	86970	买盘
09:52:51	28.97	--	4	11588	买盘
09:52:48	28.97	0.02	3	8691	买盘
09:52:45	28.95	--	30	86850	卖盘
09:52:42	28.95	-0.01	46	133170	卖盘
09:52:39	28.96	0.01	6	17376	买盘
09:52:36	28.95	--	15	43425	买盘
09:52:33	28.95	0.01	21	60795	买盘
09:52:30	28.94	-0.01	33	95502	卖盘
09:52:27	28.95	0.01	3	8685	买盘
09:52:24	28.94	--	77	222838	卖盘
09:52:21	28.94	--	2	5788	卖盘
09:52:18	28.94	0.01	24	69456	买盘
09:52:15	28.93	-0.01	55	159115	卖盘
09:52:12	28.94	0.01	33	95502	买盘
09:52:09	28.93	-0.01	11	31823	卖盘
09:52:06	28.94	0.01	30	86820	买盘
09:52:03	28.93	--	3	8679	卖盘
09:52:00	28.93	--	40	115720	卖盘
09:51:57	28.93	-0.01	34	98362	卖盘
09:51:54	28.94	0.01	35	101290	买盘
09:51:51	28.93	--	92	266156	买盘
09:51:45	28.93	--	4	11572	买盘
09:51:42	28.93	0.03	1	2893	买盘
09:51:39	28.9	-0.03	60	173400	卖盘
09:51:36	28.93	0.01	41	118613	买盘
09:51:33	28.92	-0.02	2	5784	卖盘
09:51:30	28.94	--	5	14470	买盘
09:51:27	28.94	--	2	5788	买盘
09:51:24	28.94	--	12	34728	买盘
09:51:21	28.94	-0.01	48	139490	卖盘
09:51:18	28.95	0.01	13	37635	买盘
09:51:15	28.94	0.01	123	358277	买盘
09:51:12	28.93	-0.01	58	167794	卖盘
09:51:09	28.94	-0.01	24	69456	卖盘
09:51:06	28.95	0.01	14	40530	买盘
09:51:03	28.94	--	21	60774	卖盘
09:51:00	28.94	--	45	130230	卖盘
09:50:57	28.94	-0.01	14	40516	卖盘
09:50:54	28.95	0.01	9	26055	买盘
09:50:51	28.94	-0.01	10	28940	卖盘
09:50:48	28.95	--	4	11580	买盘
09:50:45	28.95	--	59	170805	卖盘
09:50:42	28.95	--	12	34740	卖盘
09:50:39	28.95	-0.02	1	2895	卖盘
09:50:36	28.97	0.01	16	46352	买盘
09:50:33	28.96	-0.01	31	89776	卖盘
09:50:30	28.97	0.01	1	2897	中性盘
09:50:27	28.96	-0.02	21	60816	卖盘
09:50:21	28.98	--	3	8694	买盘
09:50:18	28.98	-0.02	2	5796	卖盘
09:50:12	29.0	0.01	20	58000	买盘
09:50:09	28.99	--	4	11596	买盘
09:50:06	28.99	--	7	20293	买盘
09:50:03	28.99	-0.01	16	46384	卖盘
09:50:00	29.0	--	6	17400	买盘
09:49:57	29.0	-0.06	508	1473200	卖盘
09:49:54	29.06	--	18	52308	卖盘
09:49:48	29.06	--	4	11624	卖盘
09:49:42	29.06	--	2	5812	卖盘
09:49:39	29.06	-0.01	20	58120	卖盘
09:49:36	29.07	-0.01	3	8721	卖盘
09:49:33	29.08	0.01	22	63975	买盘
09:49:27	29.07	-0.01	19	55233	卖盘
09:49:24	29.08	0.01	5	14540	买盘
09:49:21	29.07	-0.01	55	159885	卖盘
09:49:18	29.08	--	20	58160	卖盘
09:49:09	29.08	-0.01	11	31987	卖盘
09:49:06	29.09	-0.01	23	66907	卖盘
09:49:00	29.1	-0.01	30	87300	中性盘
09:48:48	29.11	0.01	5	14555	买盘
09:48:45	29.1	-0.01	8	23280	卖盘
09:48:42	29.11	--	3	9315	卖盘
09:48:36	29.11	--	41	121679	卖盘
09:48:33	29.11	--	6	17466	卖盘
09:48:30	29.11	--	2	5822	卖盘
09:48:27	29.11	-0.01	32	93152	中性盘
09:48:24	29.12	0.02	23	66976	买盘
09:48:21	29.1	-0.01	9	26190	卖盘
09:48:15	29.11	--	21	61131	买盘
09:48:09	29.11	-0.01	12	34932	卖盘
09:48:03	29.12	0.01	5	14560	买盘
09:48:00	29.11	--	10	29110	卖盘
09:47:54	29.11	--	11	32021	卖盘
09:47:51	29.11	-0.02	6	17466	卖盘
09:47:42	29.13	0.01	36	104868	买盘
09:47:36	29.12	-0.01	33	96096	卖盘
09:47:33	29.13	--	4	11652	买盘
09:47:30	29.13	--	34	99042	卖盘
09:47:27	29.13	--	41	119433	买盘
09:47:21	29.13	--	7	20391	买盘
09:47:18	29.13	--	23	66999	买盘
09:47:12	29.13	--	44	128172	卖盘
09:47:06	29.13	--	5	14565	卖盘
09:47:03	29.13	--	2	5826	买盘
09:47:00	29.13	--	6	17478	买盘
09:46:54	29.13	-0.01	3	8739	卖盘
09:46:48	29.14	--	7	20398	买盘
09:46:42	29.14	--	3	8742	买盘
09:46:30	29.14	--	4	11656	买盘
09:46:24	29.14	--	7	20398	买盘
09:46:18	29.14	--	1	2914	买盘
09:46:15	29.14	0.02	1	2914	买盘
09:46:12	29.12	-0.01	7	20384	卖盘
09:46:06	29.13	-0.01	2	5826	卖盘
09:46:00	29.14	--	3	8742	买盘
09:45:57	29.14	0.02	3	8742	买盘
09:45:51	29.12	-0.02	68	198016	卖盘
09:45:48	29.14	--	26	75764	买盘
09:45:42	29.14	--	5	15152	卖盘
09:45:39	29.14	-0.01	22	64108	卖盘
09:45:36	29.15	0.01	10	31482	买盘
09:45:33	29.14	--	5	14570	卖盘
09:45:30	29.14	0.01	37	107818	中性盘
09:45:09	29.13	-0.02	15	43695	卖盘
09:45:06	29.15	--	3	8745	买盘
09:45:03	29.15	0.01	15	43725	买盘
09:44:57	29.14	-0.01	12	34968	卖盘
09:44:51	29.15	--	89	259435	买盘
09:44:45	29.15	0.01	2	5830	买盘
09:44:42	29.14	-0.01	12	34968	卖盘
09:44:36	29.15	0.01	20	58300	买盘
09:44:30	29.14	-0.01	15	43710	卖盘
09:44:27	29.15	--	7	20405	买盘
09:44:24	29.15	--	20	58300	买盘
09:44:15	29.15	--	69	201135	卖盘
09:44:09	29.15	-0.01	80	233200	卖盘
09:44:03	29.16	--	6	17496	买盘
09:44:00	29.16	--	13	37908	卖盘
09:43:45	29.16	--	4	11664	卖盘
09:43:36	29.16	-0.01	5	14580	卖盘
09:43:33	29.17	--	1	2917	买盘
09:43:30	29.17	0.01	3	8751	买盘
09:43:24	29.16	--	7	20412	卖盘
09:42:57	29.16	-0.01	15	43740	卖盘
09:42:51	29.17	-0.02	9	26253	卖盘
09:42:45	29.19	--	1	2919	买盘
09:42:12	29.19	0.04	1	2919	买盘
09:42:09	29.15	-0.02	15	43725	卖盘
09:41:57	29.17	0.02	4	11668	买盘
09:41:48	29.15	-0.02	7	20405	卖盘
09:41:42	29.17	0.01	20	58340	买盘
09:41:36	29.16	--	2	5832	买盘
09:41:33	29.16	-0.02	13	37908	卖盘
09:41:30	29.18	0.02	13	37934	买盘
09:41:24	29.16	-0.03	58	169128	卖盘
09:41:15	29.19	0.01	10	29190	买盘
09:41:09	29.18	--	12	35016	卖盘
09:41:03	29.18	-0.02	35	102130	卖盘
09:41:00	29.2	0.01	6	17520	买盘
09:40:54	29.19	--	15	43785	卖盘
09:40:48	29.19	-0.01	5	14595	卖盘
09:40:45	29.2	--	19	55480	买盘
09:40:42	29.2	0.01	5	14600	买盘
09:40:30	29.19	-0.01	2	5838	卖盘
09:40:21	29.2	--	30	87600	买盘
09:40:06	29.2	0.01	26	75920	买盘
09:40:03	29.19	-0.01	9	26271	卖盘
09:40:00	29.2	--	183	534360	买盘
09:39:54	29.2	--	22	64240	买盘
09:39:51	29.2	--	2	5840	买盘
09:39:48	29.2	--	146	426320	卖盘
09:39:42	29.2	-0.01	82	239440	卖盘
09:39:39	29.21	--	1	2921	买盘
09:39:36	29.21	0.01	3	8763	买盘
09:39:33	29.2	--	5	14600	卖盘
09:39:30	29.2	-0.01	55	160600	卖盘
09:39:24	29.21	--	2	5842	买盘
09:39:21	29.21	--	7	20447	买盘
09:39:12	29.21	--	5	14605	买盘
09:39:06	29.21	-0.01	10	29210	卖盘
09:38:57	29.22	0.01	2	5844	买盘
09:38:48	29.21	-0.01	7	20447	卖盘
09:38:45	29.22	-0.01	20	58440	卖盘
09:38:42	29.23	0.01	5	14615	买盘
09:38:39	29.22	-0.01	10	29220	卖盘
09:38:36	29.23	0.01	11	32153	买盘
09:38:33	29.22	--	2	5844	卖盘
09:38:30	29.22	-0.01	6	17532	卖盘
09:38:27	29.23	--	1	2923	买盘
09:38:21	29.23	-0.01	2	5846	买盘
09:38:18	29.24	0.03	21	61404	买盘
09:38:15	29.21	-0.03	13	37973	卖盘
09:38:09	29.24	--	1	2924	买盘
09:38:06	29.24	0.03	13	38012	买盘
09:38:03	29.21	-0.03	91	265811	卖盘
09:37:57	29.24	0.03	4	11696	买盘
09:37:54	29.21	--	18	52578	卖盘
09:37:48	29.21	-0.03	8	23368	卖盘
09:37:39	29.24	0.03	6	17544	买盘
09:37:36	29.21	--	1	2921	买盘
09:37:33	29.21	0.01	41	119761	买盘
09:37:30	29.2	-0.01	23	67160	卖盘
09:37:24	29.21	0.01	26	75946	买盘
09:37:12	29.2	--	16	46720	买盘
09:37:06	29.2	--	9	26280	买盘
09:36:57	29.2	--	10	29200	买盘
09:36:54	29.2	--	4	11680	买盘
09:36:48	29.2	--	2	5840	买盘
09:36:45	29.2	--	5	14600	买盘
09:36:42	29.2	0.02	4	11680	买盘
09:36:36	29.18	-0.02	38	110884	卖盘
09:36:27	29.2	0.01	8	23360	买盘
09:36:24	29.19	--	2	5838	买盘
09:36:21	29.19	-0.01	1	2919	卖盘
09:36:18	29.2	--	2	5840	买盘
09:36:15	29.2	--	10	29200	买盘
09:36:06	29.2	--	2	5840	买盘
09:36:03	29.2	0.02	1	2920	买盘
09:36:00	29.18	--	49	142982	卖盘
09:35:54	29.18	--	3	8754	卖盘
09:35:48	29.18	--	63	183834	买盘
09:35:45	29.18	--	3	8754	买盘
09:35:42	29.18	--	1	2918	买盘
09:35:36	29.18	--	10	29180	买盘
09:35:33	29.18	--	7	20426	买盘
09:35:30	29.18	-0.01	42	122556	卖盘
09:35:27	29.19	0.01	1	2919	中性盘
09:35:21	29.18	--	5	14590	卖盘
09:35:09	29.18	-0.02	5	14590	中性盘
09:35:06	29.2	0.02	20	58400	买盘
09:34:51	29.18	-0.03	90	262620	卖盘
09:34:48	29.21	--	5	14605	卖盘
09:34:45	29.21	--	35	102235	买盘
09:34:36	29.21	--	1	2921	买盘
09:34:27	29.21	-0.01	54	157734	卖盘
09:34:15	29.22	--	7	20454	买盘
09:34:06	29.22	--	8	23376	卖盘
09:34:00	29.22	--	1	2922	卖盘
09:33:54	29.22	-0.02	21	61362	卖盘
09:33:51	29.24	--	4	11696	买盘
09:33:36	29.24	0.03	2	5848	买盘
09:33:30	29.21	--	27	78867	卖盘
09:33:27	29.21	-0.04	25	73025	卖盘
09:33:24	29.25	0.03	46	134550	买盘
09:33:18	29.22	-0.03	1	2922	卖盘
09:33:00	29.25	-0.02	31	90675	卖盘
09:32:57	29.27	--	4	11708	卖盘
09:32:54	29.27	--	20	58540	卖盘
09:32:51	29.27	--	16	46832	卖盘
09:32:48	29.27	--	10	29270	中性盘
09:32:39	29.27	--	1	2927	买盘
09:32:33	29.27	0.06	5	14635	卖盘
09:32:30	29.21	-0.06	66	192786	卖盘
09:32:21	29.27	--	3	8781	卖盘
09:32:18	29.27	--	20	58540	卖盘
09:32:15	29.27	0.05	6	17562	中性盘
09:32:06	29.22	-0.1	25	73050	卖盘
09:31:51	29.32	0.1	4	11728	买盘
09:31:48	29.22	-0.1	4	11688	中性盘
09:31:30	29.32	--	5	14660	买盘
09:31:12	29.32	--	5	14660	买盘
09:31:00	29.32	0.17	3	8796	中性盘
09:30:24	29.15	--	6	17490	卖盘
09:30:18	29.15	0.02	9	26235	中性盘
09:30:09	29.13	-0.01	84	244692	卖盘
09:30:06	29.14	-0.2	20	58280	卖盘
09:30:03	29.34	0.21	2	5868	买盘
09:25:03	29.13	29.13	44	128172	买盘
