成交时间	成交价	价格变动	成交量(手)	成交额(元)	性质
15:00:03	6.27	--	3429	2149983	买盘
14:57:03	6.27	--	0	0	买盘
14:57:00	6.27	0.01	20	12540	买盘
14:56:57	6.26	-0.02	49	30674	卖盘
14:56:54	6.28	--	61	38308	买盘
14:56:45	6.28	0.01	12	7536	买盘
14:56:39	6.27	--	35	21945	买盘
14:56:36	6.27	-0.01	53	33231	卖盘
14:56:33	6.28	0.01	12	7536	买盘
14:56:30	6.27	--	81	50787	卖盘
14:56:27	6.27	-0.01	19	11913	卖盘
14:56:24	6.28	0.01	40	25120	买盘
14:56:21	6.27	0.02	130	81510	中性盘
14:56:12	6.25	-0.04	1005	628125	卖盘
14:56:09	6.29	0.02	520	327488	买盘
14:56:06	6.27	--	9	5643	买盘
14:55:54	6.27	0.01	71	44517	卖盘
14:55:51	6.26	-0.01	324	202824	卖盘
14:55:48	6.27	-0.01	63	39501	卖盘
14:55:42	6.28	0.01	95	59660	买盘
14:55:39	6.27	--	103	64580	卖盘
14:55:36	6.27	-0.01	22	13793	卖盘
14:55:33	6.28	--	40	25120	买盘
14:55:27	6.28	0.01	120	75360	买盘
14:55:21	6.27	--	90	56429	卖盘
14:55:18	6.27	--	20	12540	卖盘
14:55:15	6.27	--	40	25080	卖盘
14:55:12	6.27	--	15	9405	卖盘
14:55:09	6.27	-0.01	99	62072	卖盘
14:55:06	6.28	--	21	13188	买盘
14:55:03	6.28	0.01	131	82268	买盘
14:54:57	6.27	--	60	37620	卖盘
14:54:54	6.27	--	256	160512	卖盘
14:54:51	6.27	--	5	3135	卖盘
14:54:48	6.27	--	89	55928	买盘
14:54:45	6.27	0.01	224	140448	买盘
14:54:39	6.26	-0.01	10	6260	卖盘
14:54:36	6.27	0.01	118	73986	买盘
14:54:33	6.26	--	100	62600	卖盘
14:54:30	6.26	--	65	40690	卖盘
14:54:24	6.26	--	53	33178	卖盘
14:54:21	6.26	-0.01	1	626	卖盘
14:54:18	6.27	--	45	28214	买盘
14:54:15	6.27	--	50	31349	买盘
14:54:09	6.27	0.01	50	31349	买盘
14:54:03	6.26	-0.01	130	81380	卖盘
14:53:54	6.27	0.01	120	75240	买盘
14:53:51	6.26	--	28	17528	卖盘
14:53:45	6.26	-0.01	49	30674	卖盘
14:53:42	6.27	--	10	6270	买盘
14:53:39	6.27	--	207	129788	买盘
14:53:36	6.27	--	12	7523	买盘
14:53:33	6.27	--	18	11286	买盘
14:53:30	6.27	--	30	18810	买盘
14:53:24	6.27	-0.01	1	627	买盘
14:53:21	6.28	0.01	36	22608	买盘
14:53:15	6.27	--	10	6270	卖盘
14:53:12	6.27	--	159	99693	卖盘
14:53:06	6.27	--	110	68970	卖盘
14:53:00	6.27	--	4	2508	卖盘
14:52:57	6.27	--	99	62072	卖盘
14:52:54	6.27	--	55	34485	卖盘
14:52:51	6.27	--	20	12540	卖盘
14:52:48	6.27	--	5	3135	卖盘
14:52:45	6.27	--	11	6896	卖盘
14:52:42	6.27	0.01	306	191862	买盘
14:52:39	6.26	-0.01	47	29422	卖盘
14:52:36	6.27	--	5	3135	买盘
14:52:33	6.27	0.01	44	27587	买盘
14:52:30	6.26	-0.01	70	43820	卖盘
14:52:18	6.27	0.01	11	6896	买盘
14:52:12	6.26	-0.01	4	2504	卖盘
14:52:09	6.27	--	3	1880	买盘
14:52:00	6.27	0.01	20	12540	买盘
14:51:57	6.26	--	78	48828	卖盘
14:51:54	6.26	-0.01	9	5634	卖盘
14:51:51	6.27	--	13	8150	买盘
14:51:48	6.27	--	5	3135	买盘
14:51:24	6.27	--	7	4389	买盘
14:51:18	6.27	0.01	1	627	买盘
14:51:12	6.26	-0.01	50	31300	卖盘
14:51:03	6.27	--	152	95304	卖盘
14:50:51	6.27	--	50	31349	卖盘
14:50:48	6.27	--	5	3135	卖盘
14:50:39	6.27	--	5	3135	卖盘
14:50:36	6.27	-0.01	10	6270	卖盘
14:50:33	6.28	0.01	70	43960	买盘
14:50:24	6.27	-0.01	1	627	卖盘
14:50:21	6.28	0.01	45	28260	买盘
14:50:15	6.27	-0.01	30	18810	卖盘
14:50:09	6.28	--	42	26376	买盘
14:50:06	6.28	0.01	10	6280	买盘
14:50:03	6.27	--	120	75240	卖盘
14:50:00	6.27	--	8	5016	卖盘
14:49:54	6.27	--	10	6270	卖盘
14:49:45	6.27	--	14	8778	卖盘
14:49:39	6.27	-0.01	1	627	卖盘
14:49:36	6.28	0.01	10	6280	买盘
14:49:30	6.27	-0.01	140	87780	卖盘
14:49:21	6.28	--	32	20096	买盘
14:49:15	6.28	--	15	9420	买盘
14:49:09	6.28	--	90	56520	买盘
14:49:06	6.28	-0.01	16	10048	卖盘
14:48:54	6.29	0.01	115	72335	买盘
14:48:48	6.28	--	10	6280	卖盘
14:48:45	6.28	-0.01	150	94200	卖盘
14:48:42	6.29	0.01	42	26418	买盘
14:48:39	6.28	--	200	125600	卖盘
14:48:36	6.28	--	5	3140	卖盘
14:48:33	6.28	--	40	25120	卖盘
14:48:21	6.28	-0.01	50	31400	卖盘
14:48:18	6.29	--	18	11322	买盘
14:48:12	6.29	0.01	29	18241	买盘
14:48:03	6.28	-0.01	10	6280	卖盘
14:47:51	6.29	0.01	1	629	买盘
14:47:36	6.28	--	4	2512	卖盘
14:47:33	6.28	--	19	11932	卖盘
14:47:18	6.28	-0.01	8	5024	卖盘
14:47:15	6.29	--	52	32708	买盘
14:47:06	6.29	--	71	44659	买盘
14:46:57	6.29	--	1	629	买盘
14:46:42	6.29	--	9	5661	卖盘
14:46:39	6.29	-0.01	3	1887	卖盘
14:46:24	6.3	--	9	5670	买盘
14:46:18	6.3	0.01	20	12600	买盘
14:46:09	6.29	-0.01	34	21386	卖盘
14:46:06	6.3	--	83	52290	买盘
14:45:57	6.3	--	78	49140	卖盘
14:45:51	6.3	--	61	38430	卖盘
14:45:48	6.3	--	60	37800	卖盘
14:45:39	6.3	--	3	1890	卖盘
14:45:36	6.3	--	55	34650	卖盘
14:45:33	6.3	--	33	20790	买盘
14:45:27	6.3	--	97	61110	卖盘
14:45:24	6.3	--	65	40950	卖盘
14:45:21	6.3	--	115	72450	卖盘
14:45:18	6.3	--	173	108990	卖盘
14:45:09	6.3	--	125	78750	卖盘
14:45:03	6.3	--	10	6300	卖盘
14:45:00	6.3	--	68	42840	卖盘
14:44:57	6.3	--	13	8190	卖盘
14:44:54	6.3	--	80	50400	卖盘
14:44:51	6.3	0.02	92	57960	买盘
14:44:36	6.28	--	11	6908	卖盘
14:44:24	6.28	--	12	7536	卖盘
14:44:18	6.28	--	48	30144	卖盘
14:44:15	6.28	--	5	3140	卖盘
14:44:12	6.28	--	14	8792	买盘
14:44:00	6.28	--	5	3140	买盘
14:43:57	6.28	--	18	11304	买盘
14:43:51	6.28	--	10	6280	买盘
14:43:45	6.28	-0.01	96	60288	卖盘
14:43:42	6.29	-0.01	10	6290	卖盘
14:43:36	6.3	--	12	7560	买盘
14:43:21	6.3	--	5	3150	买盘
14:43:18	6.3	--	1	630	买盘
14:43:15	6.3	--	319	200970	卖盘
14:43:06	6.3	--	335	211050	卖盘
14:43:00	6.3	--	230	144900	卖盘
14:42:57	6.3	--	10	6300	卖盘
14:42:54	6.3	--	5	3150	卖盘
14:42:51	6.3	-0.01	178	112140	卖盘
14:42:48	6.31	--	2	1262	买盘
14:42:45	6.31	0.01	20	12620	买盘
14:42:42	6.3	--	20	12600	卖盘
14:42:39	6.3	--	5	3150	卖盘
14:42:27	6.3	-0.01	1	630	卖盘
14:42:24	6.31	--	16	10096	买盘
14:42:18	6.31	--	7	4846	卖盘
14:42:15	6.31	--	6	3785	卖盘
14:42:09	6.31	--	25	15774	卖盘
14:42:06	6.31	-0.01	20	12620	卖盘
14:42:03	6.32	0.01	22	13904	买盘
14:42:00	6.31	--	3	1892	卖盘
14:41:54	6.31	--	68	43109	卖盘
14:41:51	6.31	--	10	6310	卖盘
14:41:48	6.31	-0.01	5	3155	卖盘
14:41:45	6.32	0.01	10	6320	买盘
14:41:42	6.31	--	30	18930	卖盘
14:41:39	6.31	-0.01	6	3785	卖盘
14:41:30	6.32	--	15	9480	买盘
14:41:24	6.32	--	2	1264	买盘
14:41:18	6.32	--	28	17696	卖盘
14:41:15	6.32	-0.02	10	6320	卖盘
14:41:06	6.34	0.01	106	67204	买盘
14:41:00	6.33	-0.01	20	12660	中性盘
14:40:45	6.34	--	1	634	买盘
14:40:39	6.34	--	4	2536	买盘
14:40:36	6.34	--	212	134408	买盘
14:40:30	6.34	--	51	32334	买盘
14:40:27	6.34	--	156	98904	卖盘
14:40:24	6.34	--	5	3170	卖盘
14:40:18	6.34	0.01	497	315478	买盘
14:40:15	6.33	0.01	50	31650	买盘
14:40:03	6.32	-0.01	18	11376	卖盘
14:40:00	6.33	-0.01	121	76593	中性盘
14:39:57	6.34	--	67	42478	买盘
14:39:51	6.34	0.03	310	196540	买盘
14:39:48	6.31	-0.02	14	8834	卖盘
14:39:45	6.33	-0.01	59	37347	中性盘
14:39:42	6.34	--	22	13948	买盘
14:39:39	6.34	--	200	126800	买盘
14:39:33	6.34	--	5	3170	买盘
14:39:30	6.34	0.01	109	69106	买盘
14:39:27	6.33	--	39	24687	卖盘
14:39:24	6.33	--	107	67731	卖盘
14:39:21	6.33	0.02	108	68364	买盘
14:39:18	6.31	--	39	24609	买盘
14:39:15	6.31	--	40	25240	买盘
14:39:12	6.31	--	10	6310	买盘
14:39:09	6.31	--	21	13251	买盘
14:39:06	6.31	0.01	31	19561	卖盘
14:39:03	6.3	-0.02	34	21420	卖盘
14:39:00	6.32	0.02	72	45504	买盘
14:38:57	6.3	--	99	62370	卖盘
14:38:48	6.3	--	64	40320	卖盘
14:38:45	6.3	--	609	383670	买盘
14:38:42	6.3	--	29	18270	买盘
14:38:39	6.3	0.01	8	5040	买盘
14:38:36	6.29	--	31	19499	买盘
14:38:33	6.29	-0.01	100	62900	卖盘
14:38:30	6.3	--	10	6300	买盘
14:38:27	6.3	--	33	20790	买盘
14:38:21	6.3	0.01	26	16380	买盘
14:38:15	6.29	0.01	11	6919	买盘
14:38:09	6.28	0.02	2298	1443269	买盘
14:38:06	6.26	-0.01	20	12520	卖盘
14:38:03	6.27	0.01	6	3761	买盘
14:38:00	6.26	--	80	50080	卖盘
14:37:51	6.26	--	6	3756	卖盘
14:37:33	6.26	--	135	84510	买盘
14:37:30	6.26	--	16	10016	买盘
14:37:18	6.26	--	20	12520	买盘
14:37:15	6.26	-0.01	72	45072	卖盘
14:37:12	6.27	0.01	6	3761	买盘
14:36:57	6.26	--	1	626	卖盘
14:36:51	6.26	-0.01	4	2504	卖盘
14:36:48	6.27	--	12	7523	买盘
14:36:45	6.27	0.01	35	21945	买盘
14:36:33	6.26	--	33	20658	卖盘
14:36:30	6.26	--	16	10016	卖盘
14:36:27	6.26	--	103	64478	卖盘
14:36:24	6.26	--	31	19406	卖盘
14:36:06	6.26	--	226	141476	卖盘
14:35:45	6.26	--	5	3130	卖盘
14:35:42	6.26	--	100	62600	卖盘
14:35:33	6.26	-0.01	7	4382	卖盘
14:35:30	6.27	--	200	125399	买盘
14:35:27	6.27	--	2	1254	买盘
14:35:24	6.27	0.01	20	12540	买盘
14:35:18	6.26	--	10	6260	卖盘
14:35:09	6.26	--	1	626	卖盘
14:35:03	6.26	-0.01	27	16902	卖盘
14:34:57	6.27	0.01	56	35112	买盘
14:34:54	6.26	--	103	64478	卖盘
14:34:51	6.26	--	7	4382	卖盘
14:34:48	6.26	-0.01	76	47576	卖盘
14:34:45	6.27	0.01	13	8150	买盘
14:34:42	6.26	--	44	27544	卖盘
14:34:36	6.26	-0.01	2	1252	卖盘
14:34:21	6.27	--	10	6270	买盘
14:34:06	6.27	0.01	77	48279	买盘
14:33:57	6.26	--	8	5008	卖盘
14:33:54	6.26	-0.01	4	2504	卖盘
14:33:45	6.27	0.01	12	7523	买盘
14:33:39	6.26	--	30	18780	卖盘
14:33:33	6.26	--	103	64478	卖盘
14:33:27	6.26	--	10	6260	卖盘
14:33:24	6.26	--	5	3130	卖盘
14:33:09	6.26	--	15	9390	卖盘
14:33:06	6.26	--	15	9390	卖盘
14:33:03	6.26	--	9	5634	卖盘
14:33:00	6.26	--	6	3756	卖盘
14:32:57	6.26	--	11	6886	卖盘
14:32:48	6.26	--	4	2504	卖盘
14:32:39	6.26	--	103	64478	卖盘
14:32:30	6.26	--	10	6260	卖盘
14:32:21	6.26	--	10	6260	卖盘
14:32:15	6.26	--	24	15024	卖盘
14:32:12	6.26	-0.01	21	13146	卖盘
14:32:09	6.27	0.01	10	6270	买盘
14:32:00	6.26	--	5	3130	卖盘
14:31:57	6.26	-0.01	280	175280	卖盘
14:31:54	6.27	0.01	81	50787	买盘
14:31:51	6.26	--	6	3756	卖盘
14:31:48	6.26	--	28	17528	卖盘
14:31:33	6.26	--	103	64478	卖盘
14:31:30	6.26	-0.01	15	9390	卖盘
14:31:21	6.27	0.01	51	31976	买盘
14:31:09	6.26	-0.01	20	12520	卖盘
14:31:06	6.27	--	20	12540	买盘
14:31:00	6.27	--	468	293686	卖盘
14:30:57	6.27	--	10	6270	卖盘
14:30:54	6.27	--	32	20064	卖盘
14:30:51	6.27	-0.01	100	62699	卖盘
14:30:48	6.28	0.01	1	628	买盘
14:30:42	6.27	--	100	62699	卖盘
14:30:36	6.27	--	34	21318	卖盘
14:30:33	6.27	-0.01	10	6270	卖盘
14:30:30	6.28	0.01	1	628	买盘
14:30:24	6.27	-0.01	50	31349	卖盘
14:30:18	6.28	0.01	100	62800	买盘
14:30:12	6.27	--	21	13167	卖盘
14:30:06	6.27	--	18	11286	卖盘
14:30:03	6.27	-0.01	168	105336	卖盘
14:30:00	6.28	0.01	8	5024	买盘
14:29:57	6.27	--	104	65207	卖盘
14:29:51	6.27	-0.01	10	6270	卖盘
14:29:39	6.28	0.01	89	55892	买盘
14:29:30	6.27	-0.01	15	9405	卖盘
14:29:21	6.28	--	8	5024	买盘
14:29:12	6.28	0.01	25	15700	买盘
14:29:06	6.27	--	380	238636	卖盘
14:28:57	6.27	--	2	1254	卖盘
14:28:48	6.27	-0.01	5	3135	卖盘
14:28:36	6.28	--	20	12560	买盘
14:28:30	6.28	--	50	31400	买盘
14:28:24	6.28	--	13	8164	买盘
14:28:15	6.28	--	73	45844	买盘
14:28:12	6.28	--	1	628	买盘
14:28:09	6.28	--	40	25120	买盘
14:28:03	6.28	--	12	7536	买盘
14:28:00	6.28	--	5	3140	买盘
14:27:57	6.28	0.01	5	3140	买盘
14:27:51	6.27	-0.01	12	7523	卖盘
14:27:42	6.28	--	83	52124	买盘
14:27:33	6.28	--	28	17584	买盘
14:27:21	6.28	--	35	21980	买盘
14:27:12	6.28	0.01	46	28888	买盘
14:27:03	6.27	--	31	19437	卖盘
14:26:48	6.27	--	70	43890	卖盘
14:26:33	6.27	0.01	24	15047	买盘
14:26:27	6.26	--	103	64478	卖盘
14:26:24	6.26	-0.01	22	13772	卖盘
14:26:21	6.27	--	1	627	买盘
14:26:18	6.27	--	4	2508	买盘
14:26:09	6.27	0.01	19	11913	买盘
14:26:06	6.26	-0.01	4	2504	卖盘
14:26:03	6.27	0.01	58	36366	买盘
14:26:00	6.26	-0.01	243	152118	卖盘
14:25:51	6.27	0.01	3	1880	买盘
14:25:45	6.26	--	15	9390	卖盘
14:25:36	6.26	-0.01	10	6260	卖盘
14:25:27	6.27	0.01	25	15674	买盘
14:25:09	6.26	--	63	39438	卖盘
14:25:06	6.26	--	1	626	卖盘
14:25:03	6.26	--	10	6260	卖盘
14:24:51	6.26	-0.01	10	6260	卖盘
14:24:36	6.27	--	1	627	买盘
14:24:33	6.27	--	122	76494	卖盘
14:24:27	6.27	--	10	6270	卖盘
14:24:24	6.27	--	6	3761	卖盘
14:24:21	6.27	--	2	1254	卖盘
14:24:15	6.27	--	15	9405	卖盘
14:24:03	6.27	--	50	31349	卖盘
14:23:51	6.27	--	1	627	卖盘
14:23:48	6.27	--	48	30095	卖盘
14:23:45	6.27	--	200	125399	卖盘
14:23:42	6.27	--	31	19437	卖盘
14:23:33	6.27	--	10	6270	卖盘
14:23:21	6.27	--	20	12540	卖盘
14:22:54	6.27	--	104	65207	卖盘
14:22:51	6.27	--	100	62699	卖盘
14:22:45	6.27	--	11	6896	卖盘
14:22:39	6.27	-0.01	6	3761	卖盘
14:22:36	6.28	--	2	1256	买盘
14:22:30	6.28	0.01	45	28260	买盘
14:22:24	6.27	-0.01	1	627	卖盘
14:22:21	6.28	--	20	12560	买盘
14:22:09	6.28	--	1	628	买盘
14:21:54	6.28	0.01	1	628	买盘
14:21:42	6.27	-0.01	124	77748	卖盘
14:21:27	6.28	--	12	7536	买盘
14:21:21	6.28	--	20	12560	买盘
14:21:15	6.28	0.01	48	30144	买盘
14:21:06	6.27	--	11	6896	卖盘
14:21:00	6.27	--	23	14420	卖盘
14:20:54	6.27	-0.01	14	8778	卖盘
14:20:51	6.28	--	50	31400	买盘
14:20:45	6.28	0.01	101	63428	买盘
14:20:39	6.27	--	6	3761	卖盘
14:20:33	6.27	--	106	66462	卖盘
14:20:27	6.27	-0.01	8	5016	卖盘
14:20:21	6.28	0.01	1	628	买盘
14:20:15	6.27	--	21	13167	卖盘
14:20:12	6.27	--	103	64580	卖盘
14:20:09	6.27	--	10	6270	卖盘
14:19:51	6.27	-0.01	10	6270	卖盘
14:19:48	6.28	--	100	62800	买盘
14:19:45	6.28	0.01	15	9420	买盘
14:19:39	6.27	--	23	14420	卖盘
14:19:30	6.27	--	5	3135	卖盘
14:19:27	6.27	--	13	8150	卖盘
14:19:24	6.27	--	20	12540	卖盘
14:19:15	6.27	--	103	64580	卖盘
14:19:03	6.27	--	5	3135	卖盘
14:19:00	6.27	--	15	9405	卖盘
14:18:54	6.27	--	10	6270	卖盘
14:18:51	6.27	-0.01	22	13793	卖盘
14:18:42	6.28	0.01	1	628	买盘
14:18:30	6.27	-0.01	6	3761	卖盘
14:18:24	6.28	--	12	7536	买盘
14:18:15	6.28	--	210	131880	买盘
14:18:09	6.28	--	67	42076	买盘
14:18:03	6.28	--	140	87920	买盘
14:17:54	6.28	--	207	129996	买盘
14:17:51	6.28	-0.01	74	46472	卖盘
14:17:48	6.29	--	92	57868	卖盘
14:17:42	6.29	0.01	416	261664	买盘
14:17:39	6.28	-0.01	120	75360	卖盘
14:17:30	6.29	0.01	143	89947	买盘
14:17:27	6.28	--	6	3768	卖盘
14:17:24	6.28	--	181	113668	卖盘
14:17:18	6.28	--	118	74104	卖盘
14:17:12	6.28	--	15	9420	卖盘
14:17:06	6.28	--	39	24492	卖盘
14:17:03	6.28	--	1	628	卖盘
14:17:00	6.28	--	108	67824	买盘
14:16:54	6.28	0.01	49	30772	买盘
14:16:45	6.27	-0.01	108	67716	卖盘
14:16:42	6.28	--	1	628	买盘
14:16:33	6.28	--	1	628	买盘
14:16:27	6.28	0.01	12	7536	买盘
14:16:06	6.27	--	1	627	卖盘
14:15:54	6.27	--	31	19437	买盘
14:15:51	6.27	--	3	1880	买盘
14:15:48	6.27	--	476	298452	卖盘
14:15:30	6.27	-0.01	15	9405	卖盘
14:15:15	6.28	--	1	628	买盘
14:15:09	6.28	--	31	19468	买盘
14:14:57	6.28	--	10	6280	买盘
14:14:48	6.28	--	12	7536	买盘
14:14:42	6.28	0.01	3	1884	买盘
14:14:39	6.27	-0.01	217	136059	卖盘
14:14:30	6.28	--	5	3140	买盘
14:14:18	6.28	--	186	116808	卖盘
14:14:09	6.28	-0.01	20	12560	卖盘
14:14:06	6.29	0.01	1	629	买盘
14:13:54	6.28	0.01	167	104876	买盘
14:13:45	6.27	--	13	8150	卖盘
14:13:42	6.27	--	14	8778	卖盘
14:13:33	6.27	--	36	22572	买盘
14:13:30	6.27	--	90	56429	买盘
14:13:15	6.27	--	127	79629	卖盘
14:13:06	6.27	0.01	7	4389	卖盘
14:12:57	6.26	-0.01	202	126452	卖盘
14:12:39	6.27	--	103	64580	卖盘
14:12:36	6.27	-0.01	135	84645	卖盘
14:12:30	6.28	--	8	5024	买盘
14:12:27	6.28	--	30	18840	买盘
14:12:24	6.28	0.01	40	25120	买盘
14:12:21	6.27	-0.01	180	112859	卖盘
14:12:18	6.28	--	4	2512	买盘
14:12:15	6.28	--	10	6280	买盘
14:12:03	6.28	-0.01	48	30144	卖盘
14:12:00	6.29	0.02	75	47175	买盘
14:11:48	6.27	-0.02	15	9405	卖盘
14:11:45	6.29	0.01	10	6290	买盘
14:11:39	6.28	--	20	12560	买盘
14:11:36	6.28	-0.01	68	42704	卖盘
14:11:24	6.29	--	2	1258	买盘
14:11:15	6.29	--	106	66674	卖盘
14:11:09	6.29	--	119	74851	卖盘
14:11:06	6.29	--	1	629	卖盘
14:11:00	6.29	-0.01	186	116994	卖盘
14:10:51	6.3	--	128	80640	买盘
14:10:48	6.3	0.01	1	630	买盘
14:10:39	6.29	-0.01	20	12580	中性盘
14:10:36	6.3	0.02	94	59220	买盘
14:10:30	6.28	-0.01	33	20724	卖盘
14:10:21	6.29	--	30	18870	买盘
14:10:12	6.29	-0.01	1	629	卖盘
14:10:09	6.3	0.01	43	27090	买盘
14:10:00	6.29	--	90	56610	卖盘
14:09:57	6.29	0.01	321	201909	买盘
14:09:42	6.28	--	32	20096	卖盘
14:09:33	6.28	0.01	100	62800	买盘
14:09:27	6.27	--	101	63452	卖盘
14:09:24	6.27	--	90	56429	买盘
14:09:21	6.27	--	20	12540	买盘
14:09:09	6.27	0.01	20	12540	买盘
14:09:03	6.26	--	13	8138	卖盘
14:08:48	6.26	--	9	5634	卖盘
14:08:42	6.26	--	103	64478	卖盘
14:08:36	6.26	--	58	36308	卖盘
14:08:33	6.26	-0.01	2	1627	卖盘
14:08:30	6.27	--	16	10032	买盘
14:08:24	6.27	--	100	62699	买盘
14:08:15	6.27	--	9	5643	买盘
14:08:09	6.27	--	2	1254	买盘
14:08:03	6.27	--	30	18810	买盘
14:08:00	6.27	--	1	627	买盘
14:07:57	6.27	-0.01	74	46398	卖盘
14:07:54	6.28	-0.01	14	8792	卖盘
14:07:51	6.29	--	20	12580	买盘
14:07:36	6.29	0.01	3	1887	买盘
14:07:30	6.28	--	21	13188	卖盘
14:07:27	6.28	--	1	628	卖盘
14:07:12	6.28	--	16	10048	卖盘
14:07:09	6.28	--	1	628	卖盘
14:07:06	6.28	--	54	33912	买盘
14:07:00	6.28	--	9	5652	买盘
14:06:48	6.28	0.02	329	206612	买盘
14:06:45	6.26	-0.02	20	12520	卖盘
14:06:33	6.28	0.01	28	17584	买盘
14:06:30	6.27	--	20	12540	买盘
14:06:24	6.27	--	18	11286	买盘
14:06:21	6.27	--	64	40128	卖盘
14:06:18	6.27	--	10	6270	卖盘
14:06:09	6.27	0.01	36	22572	买盘
14:06:06	6.26	-0.01	43	26918	卖盘
14:06:03	6.27	0.01	1	627	买盘
14:06:00	6.26	-0.01	24	15024	卖盘
14:05:57	6.27	--	5	3135	买盘
14:05:54	6.27	--	1	627	买盘
14:05:51	6.27	--	3	1880	买盘
14:05:45	6.27	-0.01	62	38874	卖盘
14:05:39	6.28	0.01	26	16328	买盘
14:05:33	6.27	-0.01	150	94050	卖盘
14:05:27	6.28	0.02	17	10676	买盘
14:05:18	6.26	-0.02	130	81380	卖盘
14:05:06	6.28	--	5	3140	买盘
14:05:03	6.28	0.01	88	55264	买盘
14:04:57	6.27	-0.01	23	14420	卖盘
14:04:54	6.28	-0.01	63	39564	卖盘
14:04:48	6.29	0.01	2	1258	买盘
14:04:45	6.28	--	25	15700	卖盘
14:04:36	6.28	--	10	6280	卖盘
14:04:24	6.28	--	310	194680	买盘
14:04:12	6.28	0.01	125	78500	买盘
14:04:09	6.27	--	51	31976	卖盘
14:04:06	6.27	-0.01	133	83391	卖盘
14:03:57	6.28	--	54	33912	买盘
14:03:54	6.28	--	37	23236	买盘
14:03:51	6.28	-0.01	91	57148	卖盘
14:03:48	6.29	0.01	2	1258	买盘
14:03:45	6.28	--	20	12560	卖盘
14:03:42	6.28	--	22	13816	买盘
14:03:39	6.28	--	4	2512	买盘
14:03:36	6.28	--	10	6280	买盘
14:03:27	6.28	--	43	27004	买盘
14:03:24	6.28	0.01	20	12560	买盘
14:03:18	6.27	-0.01	2	1254	卖盘
14:03:15	6.28	0.01	53	33284	买盘
14:02:57	6.27	0.01	80	50160	买盘
14:02:54	6.26	-0.01	491	307366	卖盘
14:02:51	6.27	0.01	50	31349	买盘
14:02:45	6.26	--	224	140224	卖盘
14:02:39	6.26	--	3	1878	卖盘
14:02:36	6.26	--	153	95778	买盘
14:02:33	6.26	--	26	16276	买盘
14:02:30	6.26	--	126	78876	买盘
14:02:21	6.26	--	210	131460	买盘
14:02:15	6.26	0.01	94	58844	买盘
14:02:09	6.25	-0.01	23	14375	卖盘
14:02:06	6.26	0.01	30	18780	买盘
14:01:51	6.25	--	68	42500	买盘
14:01:42	6.25	--	5	3125	买盘
14:01:39	6.25	--	53	33125	买盘
14:01:36	6.25	0.01	180	112500	买盘
14:01:33	6.24	--	7	4368	卖盘
14:01:30	6.24	-0.01	20	12480	卖盘
14:01:18	6.25	0.01	10	6250	买盘
14:01:15	6.24	-0.01	1	624	卖盘
14:01:09	6.25	--	20	12500	买盘
14:01:00	6.25	--	99	61875	卖盘
14:00:57	6.25	--	10	6250	卖盘
14:00:54	6.25	--	184	115000	卖盘
14:00:45	6.25	--	16	10000	卖盘
14:00:42	6.25	-0.01	27	16875	卖盘
14:00:39	6.26	--	109	68234	买盘
14:00:33	6.26	--	20	12520	买盘
14:00:30	6.26	-0.01	440	275440	卖盘
14:00:18	6.27	--	14	8778	买盘
14:00:15	6.27	-0.01	317	198759	卖盘
14:00:09	6.28	--	98	61544	买盘
13:59:57	6.28	--	357	224196	卖盘
13:59:54	6.28	-0.01	20	12560	卖盘
13:59:51	6.29	--	105	66045	买盘
13:59:48	6.29	--	1	629	买盘
13:59:45	6.29	--	17	10693	买盘
13:59:42	6.29	--	10	6290	买盘
13:59:39	6.29	--	3	1887	买盘
13:59:36	6.29	--	63	39627	买盘
13:59:30	6.29	--	12	7548	买盘
13:59:27	6.29	0.01	9	5661	买盘
13:59:24	6.28	-0.01	28	17584	卖盘
13:59:18	6.29	-0.01	168	105672	卖盘
13:59:12	6.3	0.02	4	2520	买盘
13:59:06	6.28	-0.01	190	119320	卖盘
13:59:03	6.29	-0.01	70	44030	中性盘
13:58:57	6.3	0.01	199	125370	买盘
13:58:51	6.29	--	34	21386	买盘
13:58:45	6.29	--	50	31450	卖盘
13:58:36	6.29	-0.01	118	74222	卖盘
13:58:33	6.3	--	284	178920	买盘
13:58:30	6.3	0.01	66	41580	买盘
13:58:27	6.29	-0.01	109	68561	卖盘
13:58:21	6.3	--	31	19530	买盘
13:58:09	6.3	0.01	28	17640	买盘
13:58:06	6.29	-0.01	30	18870	卖盘
13:57:57	6.3	--	5	3150	买盘
13:57:51	6.3	--	4	2520	买盘
13:57:45	6.3	-0.01	27	17010	卖盘
13:57:39	6.31	0.02	230	145130	买盘
13:57:30	6.29	--	100	62900	卖盘
13:57:27	6.29	--	468	294372	卖盘
13:57:24	6.29	--	1	629	卖盘
13:57:21	6.29	-0.01	117	73593	卖盘
13:57:18	6.3	--	4	2520	买盘
13:57:15	6.3	0.01	208	131040	买盘
13:57:12	6.29	-0.01	118	74222	卖盘
13:57:09	6.3	--	35	22050	买盘
13:56:51	6.3	0.01	22	13860	买盘
13:56:48	6.29	-0.01	9	5661	卖盘
13:56:45	6.3	--	33	20790	买盘
13:56:42	6.3	--	2	1260	买盘
13:56:39	6.3	-0.01	230	144900	卖盘
13:56:36	6.31	0.01	152	95912	买盘
13:56:33	6.3	--	24	15120	卖盘
13:56:21	6.3	--	10	6300	买盘
13:56:18	6.3	--	25	15750	买盘
13:56:12	6.3	-0.01	22	13860	中性盘
13:56:09	6.31	0.01	152	95912	买盘
13:56:06	6.3	-0.01	47	29610	卖盘
13:55:54	6.31	0.01	38	23978	买盘
13:55:51	6.3	--	20	12600	卖盘
13:55:48	6.3	--	3	1890	卖盘
13:55:12	6.3	-0.02	115	72450	卖盘
13:55:06	6.32	--	123	77736	卖盘
13:55:00	6.32	-0.02	94	59408	卖盘
13:54:54	6.34	0.01	7	4438	买盘
13:54:48	6.33	--	34	21901	卖盘
13:54:45	6.33	--	130	82290	卖盘
13:54:30	6.33	-0.01	16	10128	卖盘
13:54:21	6.34	0.01	23	14582	买盘
13:54:18	6.33	-0.01	114	72162	卖盘
13:54:06	6.34	--	46	29164	买盘
13:54:03	6.34	--	19	12046	卖盘
13:54:00	6.34	-0.01	1	634	卖盘
13:53:51	6.35	--	9	5715	买盘
13:53:39	6.35	-0.01	21	13335	卖盘
13:53:33	6.36	--	56	35616	买盘
13:53:21	6.36	--	63	40068	卖盘
13:53:18	6.36	-0.01	90	57240	卖盘
13:53:15	6.37	-0.01	208	132496	卖盘
13:53:12	6.38	0.02	138	88044	买盘
13:53:09	6.36	-0.01	1	636	卖盘
13:53:06	6.37	--	41	26117	买盘
13:53:03	6.37	--	7	4459	买盘
13:52:54	6.37	-0.01	1	637	中性盘
13:52:48	6.38	0.02	122	77836	买盘
13:52:45	6.36	-0.02	168	106848	卖盘
13:52:30	6.38	0.02	500	319000	买盘
13:52:24	6.36	-0.01	32	20352	卖盘
13:52:21	6.37	--	12	7644	买盘
13:52:15	6.37	0.01	537	342069	买盘
13:52:12	6.36	-0.01	30	19080	卖盘
13:52:09	6.37	0.01	121	77077	买盘
13:52:03	6.36	--	122	77592	卖盘
13:51:48	6.36	0.02	824	524407	买盘
13:51:45	6.34	--	30	19020	买盘
13:51:42	6.34	-0.01	126	80175	卖盘
13:51:39	6.35	--	74	46990	买盘
13:51:36	6.35	0.01	4	2540	买盘
13:51:33	6.34	0.01	50	32042	买盘
13:51:30	6.33	--	105	66465	卖盘
13:51:27	6.33	--	240	151920	卖盘
13:51:24	6.33	0.02	754	477535	买盘
13:51:09	6.31	0.02	1030	649930	买盘
13:50:57	6.29	-0.01	430	270470	卖盘
13:50:54	6.3	--	171	107730	买盘
13:50:51	6.3	--	10	6300	买盘
13:50:45	6.3	--	15	9450	买盘
13:50:42	6.3	-0.01	431	271530	卖盘
13:50:33	6.31	--	4	2524	买盘
13:50:30	6.31	0.01	43	27133	买盘
13:50:27	6.3	-0.01	1200	756000	卖盘
13:50:24	6.31	--	5	3155	买盘
13:50:21	6.31	--	16	10096	买盘
13:50:18	6.31	--	1	631	买盘
13:50:12	6.31	0.01	2	1262	买盘
13:50:09	6.3	-0.01	21	13230	卖盘
13:50:00	6.31	--	20	12620	买盘
13:49:54	6.31	--	12	7571	中性盘
13:49:48	6.31	--	205	129354	买盘
13:49:42	6.31	--	18	11358	买盘
13:49:36	6.31	--	15	9465	买盘
13:49:33	6.31	--	10	6310	买盘
13:49:27	6.31	--	50	31549	买盘
13:49:24	6.31	--	55	34705	买盘
13:49:21	6.31	--	18	11358	买盘
13:49:18	6.31	--	10	6310	买盘
13:49:15	6.31	0.01	5	3155	买盘
13:49:12	6.3	-0.01	5	3150	卖盘
13:49:03	6.31	--	10	6310	买盘
13:49:00	6.31	--	20	12620	买盘
13:48:45	6.31	--	5	3155	买盘
13:48:42	6.31	--	76	47956	买盘
13:48:36	6.31	--	50	31549	买盘
13:48:33	6.31	--	32	20192	买盘
13:48:30	6.31	--	20	12620	买盘
13:48:24	6.31	--	23	14513	卖盘
13:48:21	6.31	--	63	39753	买盘
13:48:15	6.31	--	79	49849	买盘
13:48:12	6.31	--	67	42277	买盘
13:48:06	6.31	--	13	8203	买盘
13:48:03	6.31	--	1	631	买盘
13:48:00	6.31	0.01	100	63099	买盘
13:47:57	6.3	-0.01	10	6300	卖盘
13:47:54	6.31	--	20	12620	买盘
13:47:51	6.31	--	44	27764	买盘
13:47:42	6.31	--	9	5679	买盘
13:47:39	6.31	--	18	11358	卖盘
13:47:36	6.31	--	315	198765	卖盘
13:47:33	6.31	--	30	18930	卖盘
13:47:27	6.31	-0.01	94	59313	卖盘
13:47:12	6.32	0.01	5	3160	买盘
13:47:03	6.31	-0.01	286	180466	卖盘
13:47:00	6.32	--	20	12640	买盘
13:46:51	6.32	--	2	1264	买盘
13:46:42	6.32	0.01	2	1264	买盘
13:46:36	6.31	-0.01	2	1766	卖盘
13:46:30	6.32	0.01	25	15800	买盘
13:46:24	6.31	-0.01	17	10727	卖盘
13:46:21	6.32	0.01	210	132720	买盘
13:46:15	6.31	-0.01	243	153333	卖盘
13:46:09	6.32	0.01	3	1896	买盘
13:46:06	6.31	-0.01	42	26502	卖盘
13:46:03	6.32	--	10	6320	买盘
13:46:00	6.32	0.01	50	31600	买盘
13:45:54	6.31	--	9	5679	卖盘
13:45:51	6.31	-0.01	10	6310	卖盘
13:45:48	6.32	--	260	164320	买盘
13:45:42	6.32	--	5	3160	买盘
13:45:36	6.32	--	1	632	买盘
13:45:30	6.32	--	10	6320	买盘
13:45:24	6.32	--	52	32864	卖盘
13:45:18	6.32	--	69	43608	买盘
13:45:15	6.32	--	22	13904	买盘
13:45:12	6.32	-0.01	33	20856	卖盘
13:45:09	6.33	0.01	1	633	买盘
13:45:03	6.32	--	144	91008	卖盘
13:45:00	6.32	--	306	193392	买盘
13:44:54	6.32	0.01	100	63200	买盘
13:44:51	6.31	-0.01	99	62468	卖盘
13:44:48	6.32	0.01	55	34760	买盘
13:44:45	6.31	-0.01	169	106639	卖盘
13:44:42	6.32	--	1	632	买盘
13:44:36	6.32	--	25	15800	买盘
13:44:18	6.32	0.01	25	15800	买盘
13:44:06	6.31	--	1	631	卖盘
13:43:57	6.31	--	35	22085	卖盘
13:43:54	6.31	--	75	47325	买盘
13:43:48	6.31	--	6	3785	买盘
13:43:45	6.31	--	84	53004	买盘
13:43:42	6.31	--	87	54897	买盘
13:43:39	6.31	--	20	12620	买盘
13:43:27	6.31	--	56	35336	买盘
13:43:24	6.31	--	21	13251	买盘
13:43:21	6.31	--	166	104746	卖盘
13:43:12	6.31	-0.01	40	25240	卖盘
13:43:09	6.32	--	215	135880	买盘
13:43:03	6.32	0.01	10	6320	买盘
13:43:00	6.31	--	31	19561	卖盘
13:42:57	6.31	--	135	85185	卖盘
13:42:54	6.31	-0.01	3	1892	卖盘
13:42:51	6.32	0.01	200	126400	买盘
13:42:42	6.31	0.01	70	44170	买盘
13:42:36	6.3	-0.01	10	6300	卖盘
13:42:33	6.31	--	206	129985	买盘
13:42:15	6.31	--	70	44170	买盘
13:42:12	6.31	0.01	141	88971	买盘
13:42:03	6.3	-0.01	266	167580	卖盘
13:41:57	6.31	--	1	631	买盘
13:41:54	6.31	--	21	13251	买盘
13:41:48	6.31	--	9	5679	买盘
13:41:42	6.31	--	6	3785	买盘
13:41:36	6.31	--	50	31549	买盘
13:41:33	6.31	--	10	6310	买盘
13:41:27	6.31	--	50	31549	买盘
13:41:24	6.31	--	101	63730	卖盘
13:41:21	6.31	--	96	60575	买盘
13:41:15	6.31	--	10	6310	买盘
13:41:09	6.31	-0.01	60	37860	卖盘
13:41:06	6.32	--	50	31600	买盘
13:41:03	6.32	--	1	632	买盘
13:40:48	6.32	--	17	10744	买盘
13:40:45	6.32	--	1	632	买盘
13:40:42	6.32	--	43	27176	买盘
13:40:39	6.32	--	16	10112	买盘
13:40:33	6.32	--	28	17696	卖盘
13:40:24	6.32	0.02	67	42344	买盘
13:40:18	6.3	-0.01	115	72450	卖盘
13:40:15	6.31	0.01	205	129354	中性盘
13:40:12	6.3	-0.01	129	81270	卖盘
13:40:03	6.31	--	45	28395	卖盘
13:40:00	6.31	--	5	3155	卖盘
13:39:57	6.31	0.01	151	95281	买盘
13:39:54	6.3	--	322	202860	卖盘
13:39:51	6.3	--	11	6930	卖盘
13:39:45	6.3	--	503	316890	卖盘
13:39:42	6.3	-0.01	21	13230	卖盘
13:39:39	6.31	--	130	82030	买盘
13:39:36	6.31	0.01	19	11989	买盘
13:39:30	6.3	-0.01	106	66780	卖盘
13:39:27	6.31	--	208	131248	买盘
13:39:24	6.31	--	1	631	买盘
13:39:21	6.31	--	10	6310	买盘
13:39:15	6.31	--	10	6310	买盘
13:39:12	6.31	-0.01	281	177311	卖盘
13:39:09	6.32	0.01	57	36024	买盘
13:39:06	6.31	-0.01	10	6310	卖盘
13:39:03	6.32	-0.01	7	4424	卖盘
13:39:00	6.33	--	121	76593	买盘
13:38:48	6.33	--	1	633	买盘
13:38:42	6.33	0.02	72	45576	买盘
13:38:36	6.31	-0.02	113	71681	卖盘
13:38:33	6.33	--	17	10761	买盘
13:38:27	6.33	0.01	230	145843	买盘
13:38:24	6.32	--	10	6320	买盘
13:38:18	6.32	-0.01	190	120459	卖盘
13:38:15	6.33	--	10	6330	买盘
13:38:09	6.33	--	60	37980	买盘
13:38:03	6.33	--	122	77226	买盘
13:37:54	6.33	-0.01	74	46842	卖盘
13:37:48	6.34	--	149	94466	买盘
13:37:39	6.34	--	113	71642	买盘
13:37:36	6.34	--	10	6340	买盘
13:37:33	6.34	0.01	1	634	买盘
13:37:30	6.33	-0.01	52	32916	卖盘
13:37:27	6.34	--	40	25360	买盘
13:37:21	6.34	--	6	3804	买盘
13:37:18	6.34	--	10	6340	买盘
13:37:15	6.34	--	10	6340	买盘
13:37:12	6.34	0.01	29	18386	买盘
13:37:09	6.33	-0.01	60	37980	卖盘
13:37:06	6.34	--	22	13948	买盘
13:37:03	6.34	--	12	7608	买盘
13:37:00	6.34	--	12	7899	卖盘
13:36:54	6.34	-0.03	133	84322	卖盘
13:36:51	6.37	0.02	300	191100	买盘
13:36:48	6.35	0.01	34	21590	买盘
13:36:45	6.34	0.02	313	198784	买盘
13:36:42	6.32	-0.01	30	18960	卖盘
13:36:39	6.33	-0.01	146	92418	卖盘
13:36:36	6.34	-0.01	11	6974	卖盘
13:36:33	6.35	--	20	12700	买盘
13:36:30	6.35	0.02	206	130809	买盘
13:36:27	6.33	0.01	5	3165	卖盘
13:36:24	6.32	-0.01	310	195920	卖盘
13:36:21	6.33	-0.02	50	31650	卖盘
13:36:18	6.35	0.01	321	203835	买盘
13:36:15	6.34	0.01	25	15850	买盘
13:36:12	6.33	--	40	25320	卖盘
13:36:09	6.33	--	9	5697	卖盘
13:36:06	6.33	--	15	9748	卖盘
13:36:03	6.33	--	98	62034	卖盘
13:36:00	6.33	--	13	8229	卖盘
13:35:57	6.33	--	108	68364	卖盘
13:35:54	6.33	--	45	28485	买盘
13:35:51	6.33	--	9	5697	买盘
13:35:45	6.33	--	16	10128	买盘
13:35:42	6.33	--	41	25953	买盘
13:35:39	6.33	--	6	3798	买盘
13:35:36	6.33	--	20	12660	买盘
13:35:33	6.33	--	4	2532	买盘
13:35:30	6.33	--	24	15192	买盘
13:35:27	6.33	--	239	151287	买盘
13:35:24	6.33	--	46	29118	买盘
13:35:21	6.33	--	643	407019	卖盘
13:35:18	6.33	-0.01	31	19623	卖盘
13:35:15	6.34	--	196	124264	卖盘
13:35:12	6.34	-0.01	52	32968	卖盘
13:35:09	6.35	0.01	104	66040	买盘
13:35:06	6.34	--	89	56426	买盘
13:35:03	6.34	--	2	1268	买盘
13:35:00	6.34	0.01	30	19020	买盘
13:34:57	6.33	-0.01	104	65832	卖盘
13:34:48	6.34	0.03	8	5072	买盘
13:34:45	6.31	-0.03	55	34705	中性盘
13:34:39	6.34	0.04	25	15850	买盘
13:34:33	6.3	-0.04	1061	668430	卖盘
13:34:30	6.34	-0.01	15	9510	卖盘
13:34:27	6.35	--	62	39370	买盘
13:34:24	6.35	--	64	40640	买盘
13:34:21	6.35	--	60	38100	买盘
13:34:18	6.35	--	16	10160	买盘
13:34:15	6.35	--	48	30480	买盘
13:34:09	6.35	--	1127	715645	买盘
13:34:06	6.35	-0.01	26	16510	卖盘
13:34:03	6.36	0.01	252	160272	买盘
13:34:00	6.35	-0.01	399	253365	卖盘
13:33:57	6.36	--	249	158364	买盘
13:33:54	6.36	--	30	19080	买盘
13:33:51	6.36	-0.01	850	540600	卖盘
13:33:48	6.37	0.02	155	98735	买盘
13:33:45	6.35	-0.02	401	254635	卖盘
13:33:42	6.37	0.01	59	37583	买盘
13:33:39	6.36	-0.02	69	43884	卖盘
13:33:36	6.38	0.01	99	63162	买盘
13:33:33	6.37	-0.01	53	33761	中性盘
13:33:30	6.38	--	50	31900	买盘
13:33:27	6.38	--	262	167156	买盘
13:33:21	6.38	-0.02	182	116116	卖盘
13:33:18	6.4	--	40	25600	买盘
13:33:15	6.4	0.01	28	17920	买盘
13:33:12	6.39	-0.01	17	10863	卖盘
13:33:09	6.4	--	14	8960	买盘
13:33:06	6.4	--	54	34560	买盘
13:33:03	6.4	--	319	204160	买盘
13:33:00	6.4	--	2	1280	买盘
13:32:57	6.4	--	67	42880	买盘
13:32:54	6.4	0.01	126	80640	买盘
13:32:51	6.39	-0.01	164	104796	卖盘
13:32:48	6.4	--	4	2560	买盘
13:32:45	6.4	--	44	28160	卖盘
13:32:42	6.4	-0.01	144	92160	卖盘
13:32:39	6.41	0.01	474	303834	买盘
13:32:36	6.4	--	10	6400	卖盘
13:32:33	6.4	--	75	48000	卖盘
13:32:30	6.4	--	109	69760	卖盘
13:32:27	6.4	0.01	208	133120	买盘
13:32:24	6.39	--	287	183393	卖盘
13:32:21	6.39	--	112	71568	买盘
13:32:18	6.39	0.03	34	21726	买盘
13:32:15	6.36	0.01	96	61056	卖盘
13:32:12	6.35	-0.04	397	252095	卖盘
13:32:06	6.39	--	4	2556	买盘
13:32:03	6.39	--	80	51120	买盘
13:32:00	6.39	0.04	227	145053	买盘
13:31:57	6.35	-0.05	429	272415	卖盘
13:31:54	6.4	--	97	62080	买盘
13:31:48	6.4	-0.01	15	9600	卖盘
13:31:45	6.41	--	102	65382	买盘
13:31:42	6.41	-0.01	158	101278	中性盘
13:31:39	6.42	-0.01	89	57138	买盘
13:31:36	6.43	0.01	87	55941	买盘
13:31:33	6.42	-0.01	26	16692	中性盘
13:31:30	6.43	-0.01	3	1929	中性盘
13:31:27	6.44	0.02	407	262108	买盘
13:31:24	6.42	-0.01	414	265788	卖盘
13:31:21	6.43	-0.01	102	65586	中性盘
13:31:18	6.44	--	1030	663320	卖盘
13:31:15	6.44	-0.01	87	56028	卖盘
13:31:12	6.45	--	46	29670	买盘
13:31:09	6.45	--	50	32250	买盘
13:31:06	6.45	-0.02	444	286380	卖盘
13:31:03	6.47	--	140	90580	买盘
13:31:00	6.47	0.02	429	277563	买盘
13:30:57	6.45	-0.03	382	246390	卖盘
13:30:54	6.48	--	759	491832	买盘
13:30:51	6.48	--	973	630504	卖盘
13:30:48	6.48	--	166	107568	卖盘
13:30:45	6.48	--	88	57024	买盘
13:30:42	6.48	--	68	44064	买盘
13:30:39	6.48	0.03	780	505440	买盘
13:30:36	6.45	0.02	65	41925	中性盘
13:30:30	6.43	--	1026	659718	卖盘
13:30:27	6.43	0.08	417	268131	买盘
13:30:24	6.35	-0.05	155	98425	卖盘
13:30:21	6.4	--	133	85120	买盘
13:30:18	6.4	0.01	40	25600	买盘
13:30:15	6.39	-0.01	73	46647	中性盘
13:30:12	6.4	0.01	1149	735360	买盘
13:30:09	6.39	0.07	85	54315	买盘
13:30:06	6.32	-0.03	828	523296	卖盘
13:30:03	6.35	0.05	3518	2234164	买盘
13:30:00	6.3	0.02	490	308700	买盘
13:29:57	6.28	--	50	31400	卖盘
13:29:54	6.28	--	177	111156	卖盘
13:29:51	6.28	-0.01	1012	635536	卖盘
13:29:48	6.29	0.01	115	72335	买盘
13:29:42	6.28	--	142	89176	卖盘
13:29:39	6.28	0.01	200	125600	买盘
13:29:36	6.27	--	45	28214	卖盘
13:29:33	6.27	--	21	13167	卖盘
13:29:30	6.27	0.01	192	120383	买盘
13:29:27	6.26	-0.01	42	26292	卖盘
13:29:24	6.27	0.01	7	4389	买盘
13:29:21	6.26	--	11	6886	卖盘
13:29:18	6.26	-0.01	16	10016	卖盘
13:29:15	6.27	0.01	883	553641	买盘
13:29:09	6.26	--	23	14398	卖盘
13:29:06	6.26	--	68	42568	卖盘
13:29:03	6.26	--	100	62600	卖盘
13:29:00	6.26	-0.01	53	33178	卖盘
13:28:57	6.27	--	2	1254	买盘
13:28:54	6.27	--	3	1880	买盘
13:28:51	6.27	--	10	6270	买盘
13:28:45	6.27	-0.01	916	574332	卖盘
13:28:42	6.28	0.01	345	216660	买盘
13:28:39	6.27	-0.01	302	189354	卖盘
13:28:33	6.28	--	1	628	买盘
13:28:30	6.28	--	60	37680	卖盘
13:28:27	6.28	--	113	70964	卖盘
13:28:24	6.28	--	149	93572	卖盘
13:28:21	6.28	-0.01	78	48984	卖盘
13:28:18	6.29	0.01	190	119510	买盘
13:28:15	6.28	--	106	66568	卖盘
13:28:12	6.28	--	90	56520	卖盘
13:28:09	6.28	-0.01	210	131880	卖盘
13:28:06	6.29	--	53	33337	买盘
13:28:03	6.29	0.01	315	198135	买盘
13:28:00	6.28	--	194	121832	卖盘
13:27:57	6.28	--	76	47728	卖盘
13:27:54	6.28	--	47	29516	卖盘
13:27:51	6.28	-0.01	142	89176	卖盘
13:27:48	6.29	--	360	226440	买盘
13:27:45	6.29	0.01	83	52207	买盘
13:27:42	6.28	--	28	17584	卖盘
13:27:39	6.28	--	35	21980	卖盘
13:27:36	6.28	--	10	6280	卖盘
13:27:33	6.28	--	90	56520	卖盘
13:27:30	6.28	0.01	91	57148	买盘
13:27:27	6.27	--	151	94677	卖盘
13:27:24	6.27	--	1065	667755	卖盘
13:27:21	6.27	--	20	12540	卖盘
13:27:18	6.27	--	185	115994	买盘
13:27:15	6.27	--	3	1880	买盘
13:27:12	6.27	--	72	45144	买盘
13:27:09	6.27	-0.01	202	126653	卖盘
13:27:06	6.28	0.01	56	35168	买盘
13:27:03	6.27	--	6	3761	卖盘
13:27:00	6.27	-0.01	185	115994	卖盘
13:26:57	6.28	--	180	113040	买盘
13:26:54	6.28	--	48	30144	买盘
13:26:51	6.28	-0.01	13	8534	卖盘
13:26:48	6.29	0.01	130	81770	买盘
13:26:45	6.28	--	32	20096	卖盘
13:26:42	6.28	--	321	201588	卖盘
13:26:39	6.28	--	147	92316	卖盘
13:26:36	6.28	-0.01	35	21980	卖盘
13:26:33	6.29	-0.01	36	22644	中性盘
13:26:30	6.3	0.02	2030	1278900	买盘
13:26:27	6.28	-0.01	20	12560	卖盘
13:26:24	6.29	-0.01	245	154105	卖盘
13:26:21	6.3	--	66	41580	买盘
13:26:18	6.3	--	75	47250	买盘
13:26:15	6.3	-0.01	750	472500	卖盘
13:26:12	6.31	--	223	140713	买盘
13:26:09	6.31	0.01	491	309821	买盘
13:26:06	6.3	-0.01	706	444780	卖盘
13:26:03	6.31	0.01	149	94019	买盘
13:26:00	6.3	--	184	115920	卖盘
13:25:57	6.3	--	169	106470	卖盘
13:25:54	6.3	--	10	6300	卖盘
13:25:51	6.3	--	500	315000	卖盘
13:25:48	6.3	0.02	1620	1020600	买盘
13:25:45	6.28	--	334	210009	买盘
13:25:42	6.28	-0.01	209	131622	卖盘
13:25:39	6.29	0.01	117	73593	买盘
13:25:36	6.28	--	99	62429	买盘
13:25:33	6.28	--	442	277576	买盘
13:25:30	6.28	--	61	38308	买盘
13:25:27	6.28	0.02	157	98596	买盘
13:25:24	6.26	-0.02	251	157126	卖盘
13:25:21	6.28	--	60	37680	买盘
13:25:18	6.28	0.01	557	349796	买盘
13:25:15	6.27	-0.01	87	54548	中性盘
13:25:12	6.28	0.02	1032	648096	买盘
13:25:09	6.26	--	120	75120	卖盘
13:25:06	6.26	--	158	98908	卖盘
13:25:03	6.26	0.03	1026	642276	买盘
13:25:00	6.23	--	33	20559	卖盘
13:24:57	6.23	0.01	76	47348	买盘
13:24:54	6.22	-0.01	134	83348	卖盘
13:24:51	6.23	0.01	440	274120	买盘
13:24:48	6.22	--	43	26746	卖盘
13:24:45	6.22	--	45	27990	卖盘
13:24:42	6.22	--	367	228274	卖盘
13:24:39	6.22	0.03	2049	1274851	买盘
13:24:36	6.19	--	52	32188	买盘
13:24:33	6.19	--	21	12999	买盘
13:24:30	6.19	-0.01	995	616276	卖盘
13:24:27	6.2	0.01	8	4960	买盘
13:24:24	6.19	-0.01	60	37140	卖盘
13:24:21	6.2	0.01	230	142600	买盘
13:24:18	6.19	--	64	39616	卖盘
13:24:15	6.19	--	94	58186	卖盘
13:24:12	6.19	--	493	305167	卖盘
13:24:09	6.19	0.03	3341	2068326	买盘
13:24:06	6.16	--	80	49280	买盘
13:24:03	6.16	--	50	30800	买盘
13:24:00	6.16	--	5	3080	买盘
13:23:57	6.16	0.01	67	41272	买盘
13:23:54	6.15	--	42	25830	卖盘
13:23:48	6.15	--	10	6150	卖盘
13:23:45	6.15	--	74	45510	卖盘
13:23:42	6.15	-0.01	48	29520	卖盘
13:23:39	6.16	--	20	12320	买盘
13:23:36	6.16	--	2	1232	买盘
13:23:30	6.16	--	1	616	买盘
13:23:27	6.16	--	142	87472	买盘
13:23:24	6.16	-0.01	257	158312	卖盘
13:23:21	6.17	--	100	61700	买盘
13:23:18	6.17	--	13	8021	买盘
13:23:15	6.17	0.01	74	45658	买盘
13:23:12	6.16	-0.01	50	30800	卖盘
13:23:09	6.17	--	252	155484	买盘
13:23:06	6.17	--	23	14191	买盘
13:23:03	6.17	0.01	173	106741	买盘
13:23:00	6.16	--	155	95480	卖盘
13:22:57	6.16	--	30	18480	卖盘
13:22:54	6.16	0.02	1455	896280	买盘
13:22:51	6.14	--	10	6140	卖盘
13:22:48	6.14	-0.01	64	39296	卖盘
13:22:45	6.15	0.01	32	19680	买盘
13:22:42	6.14	--	113	69382	卖盘
13:22:39	6.14	--	67	41138	卖盘
13:22:36	6.14	--	89	54646	卖盘
13:22:33	6.14	--	32	19648	卖盘
13:22:30	6.14	--	5	3070	卖盘
13:22:27	6.14	0.02	932	572493	买盘
13:22:24	6.12	0.01	42	25704	买盘
13:22:21	6.11	-0.01	4	2444	卖盘
13:22:15	6.12	--	110	67320	买盘
13:22:12	6.12	--	16	9792	买盘
13:22:09	6.12	-0.01	79	48715	卖盘
13:22:03	6.13	--	168	102984	买盘
13:22:00	6.13	--	209	128117	买盘
13:21:57	6.13	0.01	75	45975	买盘
13:21:51	6.12	--	85	52020	卖盘
13:21:45	6.12	0.01	786	481276	买盘
13:21:42	6.11	--	455	278005	卖盘
13:21:36	6.11	--	40	24440	卖盘
13:21:33	6.11	0.01	268	163748	买盘
13:21:30	6.1	--	76	46360	买盘
13:21:27	6.1	-0.01	19	11590	卖盘
13:21:21	6.11	--	100	61100	买盘
13:21:15	6.11	--	1	611	买盘
13:21:09	6.11	0.02	4	2444	买盘
13:21:06	6.09	-0.03	1	609	卖盘
13:21:03	6.12	0.03	100	61200	买盘
13:21:00	6.09	--	18	10962	卖盘
13:20:57	6.09	-0.02	500	304500	卖盘
13:20:54	6.11	0.02	1242	759045	买盘
13:20:45	6.09	-0.01	20	12180	卖盘
13:20:42	6.1	0.01	75	45750	买盘
13:20:39	6.09	-0.01	11	6699	卖盘
13:20:36	6.1	--	87	53070	买盘
13:20:33	6.1	--	1	610	买盘
13:20:30	6.1	0.01	7	4270	买盘
13:20:27	6.09	-0.01	18	10962	卖盘
13:20:24	6.1	--	50	30500	买盘
13:20:21	6.1	0.01	7	4270	买盘
13:20:18	6.09	-0.01	33	20097	卖盘
13:20:15	6.1	0.01	15	9150	买盘
13:20:12	6.09	-0.01	25	15225	卖盘
13:20:06	6.1	0.01	400	244000	买盘
13:19:57	6.09	0.02	2049	1247841	买盘
13:19:51	6.07	-0.01	38	23066	卖盘
13:19:45	6.08	0.01	400	243200	买盘
13:19:42	6.07	--	5	3035	卖盘
13:19:39	6.07	--	2	1214	卖盘
13:19:36	6.07	0.01	1433	869831	买盘
13:19:33	6.06	--	150	90900	买盘
13:19:21	6.06	--	5	3030	买盘
13:19:15	6.06	--	149	90294	买盘
13:19:03	6.06	0.01	5	3030	买盘
13:18:54	6.05	--	817	494285	买盘
13:18:45	6.05	0.02	6	3630	买盘
13:18:42	6.03	--	20	12060	卖盘
13:18:39	6.03	-0.02	20	12060	中性盘
13:18:12	6.05	0.02	710	429550	买盘
13:17:12	6.03	--	23	13869	买盘
13:17:03	6.03	--	6	3618	买盘
13:16:42	6.03	--	1	603	买盘
13:16:06	6.03	0.01	16	9648	买盘
13:15:57	6.02	--	3	1805	卖盘
13:15:39	6.02	--	346	208291	卖盘
13:15:27	6.02	--	20	12040	卖盘
13:14:57	6.02	--	144	86688	买盘
13:14:54	6.02	-0.01	10	6020	卖盘
13:14:33	6.03	--	430	259290	买盘
13:14:18	6.03	0.01	430	259290	买盘
13:14:15	6.02	--	1	602	买盘
13:14:06	6.02	-0.01	33	19866	卖盘
13:13:48	6.03	0.01	37	22311	买盘
13:13:45	6.02	--	200	120399	卖盘
13:13:30	6.02	--	6	3611	买盘
13:13:27	6.02	--	4	2408	卖盘
13:13:24	6.02	0.01	6	3611	买盘
13:13:15	6.01	-0.01	12	7212	卖盘
13:13:12	6.02	0.01	2	1204	买盘
13:13:09	6.01	-0.01	46	27646	卖盘
13:13:03	6.02	0.01	12	7223	买盘
13:13:00	6.01	-0.01	9	5409	卖盘
13:12:48	6.02	--	85	51170	买盘
13:12:39	6.02	--	2	1204	买盘
13:12:24	6.02	--	50	30099	买盘
13:12:03	6.02	-0.01	212	127623	卖盘
13:11:48	6.03	--	5	3015	买盘
13:11:42	6.03	--	30	18090	买盘
13:11:18	6.03	--	26	15678	买盘
13:10:48	6.03	--	46	27738	买盘
13:10:18	6.03	0.01	46	27738	买盘
13:10:15	6.02	--	892	536984	卖盘
13:10:12	6.02	-0.01	38	22876	卖盘
13:10:00	6.03	--	32	19296	买盘
13:09:48	6.03	--	46	27738	买盘
13:09:30	6.03	--	50	30150	买盘
13:09:21	6.03	0.01	20	12060	买盘
13:09:12	6.02	-0.01	83	49966	卖盘
13:09:06	6.03	0.01	361	217683	买盘
13:08:39	6.02	-0.01	10	6020	卖盘
13:08:33	6.03	0.01	1	603	买盘
13:08:30	6.02	-0.01	5	3010	卖盘
13:08:24	6.03	0.01	1	603	买盘
13:08:09	6.02	-0.01	21	12642	卖盘
13:07:57	6.03	--	10	6030	买盘
13:07:51	6.03	--	20	12060	买盘
13:07:27	6.03	--	17	10251	买盘
13:07:12	6.03	--	26	15678	买盘
13:07:09	6.03	--	3	1809	买盘
13:07:03	6.03	--	21	12663	买盘
13:07:00	6.03	--	105	63315	买盘
13:06:39	6.03	0.01	79	47637	买盘
13:06:33	6.02	-0.01	10	6020	卖盘
13:06:30	6.03	--	89	53667	买盘
13:06:21	6.03	0.01	110	66330	买盘
13:06:12	6.02	--	1	602	卖盘
13:06:06	6.02	--	1	602	卖盘
13:05:54	6.02	-0.01	7	4214	卖盘
13:05:36	6.03	--	7	4221	买盘
13:05:33	6.03	--	46	27738	买盘
13:05:30	6.03	--	117	70551	买盘
13:05:12	6.03	--	46	27738	买盘
13:04:24	6.03	--	46	27738	买盘
13:03:54	6.03	--	3	1809	买盘
13:03:42	6.03	--	46	27738	买盘
13:03:33	6.03	--	25	15075	买盘
13:03:15	6.03	0.01	46	27738	买盘
13:03:00	6.02	--	1	602	卖盘
13:02:33	6.02	--	100	60199	卖盘
13:02:21	6.02	-0.01	50	30099	卖盘
13:01:48	6.03	0.01	12	7236	买盘
13:01:33	6.02	--	10	6020	卖盘
13:01:03	6.02	-0.01	14	8428	卖盘
13:00:12	6.03	0.01	15	9045	买盘
13:00:09	6.02	--	51	30701	卖盘
13:00:06	6.02	--	400	240799	卖盘
13:00:03	6.02	--	0	0	卖盘
11:30:03	6.02	--	0	0	卖盘
11:29:24	6.02	--	98	58995	卖盘
11:29:21	6.02	--	3	1805	卖盘
11:29:18	6.02	--	50	30099	卖盘
11:28:33	6.02	--	39	23478	卖盘
11:27:33	6.02	--	5	3010	卖盘
11:27:15	6.02	--	500	301000	卖盘
11:27:09	6.02	--	21	12642	卖盘
11:26:21	6.02	--	3	1805	卖盘
11:26:03	6.02	--	20	12040	卖盘
11:26:00	6.02	-0.01	4	2408	卖盘
11:25:54	6.03	--	3	1809	买盘
11:25:09	6.03	0.01	1	603	买盘
11:24:09	6.02	-0.01	1	602	卖盘
11:23:57	6.03	0.01	10	6030	买盘
11:23:51	6.02	-0.01	58	34916	卖盘
11:23:48	6.03	0.01	20	12060	买盘
11:23:30	6.02	-0.01	14	8428	卖盘
11:23:27	6.03	0.01	1	603	买盘
11:23:21	6.02	--	3	1805	卖盘
11:23:06	6.02	--	9	5418	卖盘
11:22:48	6.02	-0.01	3	1805	卖盘
11:22:42	6.03	0.01	1	603	买盘
11:22:27	6.02	--	7	4214	卖盘
11:22:18	6.02	--	28	16856	卖盘
11:22:12	6.02	-0.01	16	9632	卖盘
11:21:36	6.03	0.01	14	8442	买盘
11:21:09	6.02	-0.01	13	7825	卖盘
11:20:51	6.03	--	27	16281	卖盘
11:20:48	6.03	--	20	12060	卖盘
11:20:45	6.03	-0.01	10	6030	卖盘
11:20:33	6.04	0.01	36	21744	买盘
11:20:03	6.03	--	5	3015	卖盘
11:19:45	6.03	--	100	60300	卖盘
11:19:21	6.03	-0.01	56	33768	卖盘
11:19:09	6.04	--	1	604	买盘
11:18:15	6.04	0.01	28	16912	买盘
11:18:00	6.03	-0.01	50	30150	卖盘
11:17:39	6.04	--	1	604	买盘
11:17:15	6.04	0.01	61	36844	买盘
11:17:09	6.03	--	22	13266	卖盘
11:16:54	6.03	--	10	6030	卖盘
11:16:30	6.03	--	20	12060	卖盘
11:16:06	6.03	--	56	33768	卖盘
11:15:57	6.03	-0.01	15	9045	卖盘
11:15:45	6.04	--	1	604	买盘
11:15:36	6.04	--	32	19811	卖盘
11:15:30	6.04	-0.01	14	8456	卖盘
11:15:18	6.05	0.01	36	21780	买盘
11:15:00	6.04	0.01	381	230244	买盘
11:14:27	6.03	--	10	6030	卖盘
11:13:45	6.03	--	16	9648	卖盘
11:13:27	6.03	--	1	603	卖盘
11:13:21	6.03	--	10	6030	卖盘
11:13:09	6.03	--	1	603	卖盘
11:12:48	6.03	-0.01	8	4824	卖盘
11:12:45	6.04	--	20	12080	买盘
11:12:15	6.04	0.01	92	55568	买盘
11:12:03	6.03	--	10	6030	卖盘
11:10:54	6.03	0.01	136	82327	买盘
11:10:51	6.02	-0.01	10	6020	卖盘
11:10:45	6.03	--	10	6030	买盘
11:10:42	6.03	--	10	6030	买盘
11:10:12	6.03	0.01	1	603	买盘
11:10:03	6.02	--	5	3010	卖盘
11:10:00	6.02	--	90	54179	卖盘
11:09:45	6.02	--	100	60199	卖盘
11:09:33	6.02	--	1	602	卖盘
11:09:30	6.02	--	13	7825	卖盘
11:09:24	6.02	--	1	602	卖盘
11:09:06	6.02	-0.01	23	13845	卖盘
11:08:57	6.03	0.01	1	603	买盘
11:08:42	6.02	--	4	2408	卖盘
11:08:24	6.02	-0.01	2	1204	卖盘
11:08:21	6.03	--	112	67536	买盘
11:08:03	6.03	--	5	3419	卖盘
11:08:00	6.03	--	6	3618	卖盘
11:07:51	6.03	--	20	12060	卖盘
11:07:33	6.03	--	10	6030	卖盘
11:07:27	6.03	-0.01	19	11457	卖盘
11:07:24	6.04	0.01	85	51340	买盘
11:07:18	6.03	--	13	7839	卖盘
11:06:42	6.03	--	60	36180	卖盘
11:06:30	6.03	--	20	12060	卖盘
11:06:09	6.03	--	2	1206	卖盘
11:06:00	6.03	--	8	4824	卖盘
11:05:51	6.03	--	84	50652	卖盘
11:05:48	6.03	--	30	18090	卖盘
11:05:30	6.03	--	21	12663	卖盘
11:05:24	6.03	-0.01	9	5427	卖盘
11:05:18	6.04	0.01	45	27180	买盘
11:05:12	6.03	--	115	69543	买盘
11:04:51	6.03	--	1	603	买盘
11:04:39	6.03	0.01	10	6030	买盘
11:04:33	6.02	-0.01	72	43344	卖盘
11:03:18	6.03	-0.01	41	25127	卖盘
11:03:06	6.04	--	19	11476	买盘
11:03:00	6.04	0.01	50	30200	买盘
11:02:57	6.03	--	13	7839	卖盘
11:02:51	6.03	-0.01	37	22509	卖盘
11:02:36	6.04	--	283	171415	卖盘
11:02:15	6.04	--	104	62936	买盘
11:02:12	6.04	0.01	86	51944	买盘
11:01:18	6.03	-0.01	2	1206	卖盘
11:00:57	6.04	--	100	60400	买盘
11:00:09	6.04	0.01	2	1208	买盘
10:59:57	6.03	--	20	12060	卖盘
10:59:27	6.03	--	7	4221	卖盘
10:59:12	6.03	-0.01	17	10251	卖盘
10:58:48	6.04	0.01	10	6040	买盘
10:58:45	6.03	-0.01	17	10251	卖盘
10:58:42	6.04	--	3	1812	买盘
10:58:39	6.04	0.01	10	6040	买盘
10:58:27	6.03	-0.01	7	4221	卖盘
10:58:21	6.04	0.01	20	12080	买盘
10:57:45	6.03	-0.01	7	4221	卖盘
10:57:36	6.04	--	128	77312	买盘
10:57:21	6.04	0.01	86	51944	买盘
10:57:12	6.03	-0.01	10	6030	卖盘
10:56:54	6.04	0.01	29	17516	买盘
10:56:42	6.03	-0.01	17	10251	卖盘
10:56:24	6.04	--	7	4228	买盘
10:56:12	6.04	--	127	76708	买盘
10:56:03	6.04	0.01	10	6040	买盘
10:56:00	6.03	-0.01	7	4221	卖盘
10:55:36	6.04	0.01	50	30200	买盘
10:54:48	6.03	--	12	7236	卖盘
10:54:39	6.03	--	125	75375	卖盘
10:54:36	6.03	--	7	4221	买盘
10:54:21	6.03	0.01	154	92862	买盘
10:54:09	6.02	--	12	7223	买盘
10:54:03	6.02	--	6	3611	卖盘
10:53:57	6.02	--	12	7223	卖盘
10:53:51	6.02	--	10	6020	卖盘
10:53:18	6.02	--	262	157724	卖盘
10:53:12	6.02	-0.01	10	6020	卖盘
10:52:12	6.03	0.01	3	1809	买盘
10:52:09	6.02	-0.01	39	23478	卖盘
10:51:54	6.03	-0.01	3	1809	卖盘
10:51:51	6.04	--	50	30200	买盘
10:51:15	6.04	0.01	72	43488	买盘
10:51:09	6.03	--	9	5427	卖盘
10:51:00	6.03	-0.01	23	13869	卖盘
10:50:57	6.04	0.01	20	12080	买盘
10:50:54	6.03	--	1	603	卖盘
10:50:33	6.03	0.01	61	36783	买盘
10:50:18	6.02	-0.01	7	4214	卖盘
10:49:51	6.03	--	189	113967	卖盘
10:49:42	6.03	--	10	6030	卖盘
10:49:27	6.03	--	8	4824	卖盘
10:49:24	6.03	--	1	603	卖盘
10:49:15	6.03	--	52	31356	卖盘
10:49:12	6.03	--	12	7236	卖盘
10:49:09	6.03	--	10	6030	卖盘
10:49:03	6.03	0.01	121	72963	买盘
10:48:54	6.02	--	15	9030	卖盘
10:48:27	6.02	--	100	60199	卖盘
10:48:12	6.02	--	80	48160	卖盘
10:47:48	6.02	--	3	1805	卖盘
10:47:39	6.02	-0.01	9	5418	卖盘
10:46:42	6.03	--	72	43416	卖盘
10:46:39	6.03	--	1	603	卖盘
10:46:36	6.03	--	10	6030	卖盘
10:46:33	6.03	--	30	18090	卖盘
10:46:12	6.03	--	5	3015	卖盘
10:46:09	6.03	--	2	1206	卖盘
10:45:54	6.03	0.01	127	76581	买盘
10:45:51	6.02	-0.01	120	72240	卖盘
10:45:39	6.03	0.01	6	3618	买盘
10:45:33	6.02	-0.01	96	57791	卖盘
10:45:12	6.03	--	13	7839	买盘
10:44:54	6.03	--	26	15678	卖盘
10:44:42	6.03	--	11	6633	卖盘
10:44:36	6.03	--	5	3015	卖盘
10:44:18	6.03	0.01	138	83214	买盘
10:44:00	6.02	--	21	12642	卖盘
10:43:57	6.02	--	4	2408	卖盘
10:43:45	6.02	--	11	6621	卖盘
10:43:42	6.02	--	11	6621	卖盘
10:43:39	6.02	--	4	2408	卖盘
10:43:33	6.02	--	2	1204	卖盘
10:43:30	6.02	-0.01	17	10234	卖盘
10:43:24	6.03	0.01	1	603	买盘
10:43:21	6.02	--	4	2408	卖盘
10:43:18	6.02	-0.01	25	15049	卖盘
10:42:54	6.03	0.01	7	4221	买盘
10:42:51	6.02	--	5	3010	卖盘
10:42:42	6.02	--	11	6621	卖盘
10:42:24	6.02	--	35	21070	卖盘
10:42:18	6.02	--	18	10836	卖盘
10:42:03	6.02	--	1	602	卖盘
10:41:57	6.02	-0.01	5	3010	卖盘
10:41:36	6.03	0.01	2	1206	买盘
10:41:24	6.02	--	3	1805	卖盘
10:41:12	6.02	-0.01	152	91504	卖盘
10:41:03	6.03	--	6	3618	买盘
10:40:51	6.03	--	20	12060	买盘
10:40:39	6.03	--	197	118791	买盘
10:40:30	6.03	0.01	86	51858	买盘
10:40:24	6.02	-0.01	6	3611	卖盘
10:40:09	6.03	--	20	12060	买盘
10:39:18	6.03	0.01	10	6030	买盘
10:39:12	6.02	--	39	23478	买盘
10:39:03	6.02	--	20	12040	买盘
10:38:45	6.02	0.01	1	602	买盘
10:38:39	6.01	-0.01	50	30050	卖盘
10:38:33	6.02	0.01	9	5418	买盘
10:38:30	6.01	-0.01	10	6010	卖盘
10:38:15	6.02	0.01	57	34314	买盘
10:38:03	6.01	-0.01	10	6010	卖盘
10:37:51	6.02	--	41	24682	买盘
10:37:48	6.02	--	3	1805	卖盘
10:37:39	6.02	-0.01	5	3010	中性盘
10:37:15	6.03	0.01	86	51858	买盘
10:36:36	6.02	0.01	1	602	买盘
10:36:33	6.01	--	172	103372	卖盘
10:36:00	6.01	-0.01	3	1803	卖盘
10:35:57	6.02	0.01	1	602	买盘
10:35:51	6.01	--	160	96160	卖盘
10:35:42	6.01	-0.01	10	6010	卖盘
10:35:15	6.02	0.01	1	602	买盘
10:35:06	6.01	--	13	7813	卖盘
10:34:51	6.01	--	2	1202	卖盘
10:34:45	6.01	-0.02	60	36060	卖盘
10:34:33	6.03	--	22	13266	卖盘
10:34:30	6.03	--	30	18090	卖盘
10:34:18	6.03	--	8	4824	卖盘
10:34:15	6.03	0.02	48	28944	买盘
10:34:06	6.01	--	7	4207	卖盘
10:34:03	6.01	-0.02	5	3005	卖盘
10:33:24	6.03	--	93	56079	卖盘
10:33:18	6.03	-0.01	7	4221	卖盘
10:33:15	6.04	0.01	10	6040	买盘
10:33:12	6.03	--	9	5427	卖盘
10:33:00	6.03	--	22	13266	卖盘
10:32:54	6.03	-0.01	20	12060	卖盘
10:32:48	6.04	0.01	19	11476	买盘
10:32:45	6.03	--	403	243009	买盘
10:32:39	6.03	--	3	1809	买盘
10:32:36	6.03	--	50	30150	卖盘
10:32:33	6.03	--	5	3015	卖盘
10:32:24	6.03	--	17	10251	卖盘
10:32:18	6.03	--	88	53064	卖盘
10:32:12	6.03	0.01	5	3015	买盘
10:32:06	6.02	--	200	120399	卖盘
10:32:00	6.02	--	1	602	卖盘
10:31:42	6.02	-0.01	939	565518	卖盘
10:31:33	6.03	-0.01	1	603	卖盘
10:31:30	6.04	0.01	8	4832	买盘
10:31:27	6.03	-0.01	8	4824	卖盘
10:31:12	6.04	--	119	71876	买盘
10:31:06	6.04	0.01	35	21140	买盘
10:31:03	6.03	-0.01	11	6633	卖盘
10:30:45	6.04	--	39	23556	卖盘
10:30:33	6.04	--	5	3020	卖盘
10:30:27	6.04	--	52	31408	买盘
10:29:39	6.04	--	21	12684	卖盘
10:29:21	6.04	-0.01	12	7248	卖盘
10:28:57	6.05	0.01	80	48400	买盘
10:28:45	6.04	--	87	52548	卖盘
10:28:15	6.04	--	20	12080	卖盘
10:28:00	6.04	--	84	50736	买盘
10:27:45	6.04	--	2	1208	买盘
10:27:39	6.04	--	2	1208	卖盘
10:27:36	6.04	-0.01	11	6644	卖盘
10:27:09	6.05	--	10	6050	买盘
10:26:39	6.05	0.02	2	1210	买盘
10:26:33	6.03	-0.02	400	241200	卖盘
10:26:15	6.05	0.01	2	1210	买盘
10:26:12	6.04	-0.01	2	1208	卖盘
10:26:00	6.05	0.01	10	6050	买盘
10:25:48	6.04	--	3	1812	卖盘
10:25:42	6.04	--	67	40468	买盘
10:25:39	6.04	--	5	3020	买盘
10:25:24	6.04	--	2	1208	买盘
10:25:06	6.04	--	10	6040	买盘
10:25:03	6.04	--	2	1208	买盘
10:25:00	6.04	--	2	1208	买盘
10:24:54	6.04	0.01	50	30200	买盘
10:24:39	6.03	-0.01	22	13266	卖盘
10:24:24	6.04	--	179	108116	买盘
10:24:21	6.04	--	2	1208	买盘
10:24:15	6.04	-0.01	1	604	中性盘
10:23:51	6.05	0.01	230	139150	买盘
10:23:42	6.04	--	28	16912	卖盘
10:23:33	6.04	--	1	604	卖盘
10:23:24	6.04	-0.01	3	1812	卖盘
10:23:21	6.05	0.01	4	2420	买盘
10:23:15	6.04	--	10	6040	卖盘
10:23:00	6.04	--	132	79728	买盘
10:22:36	6.04	--	9	5436	买盘
10:22:27	6.04	--	10	6040	买盘
10:22:15	6.04	0.01	8	4832	买盘
10:22:09	6.03	-0.01	35	21105	卖盘
10:21:48	6.04	--	10	6040	买盘
10:21:42	6.04	0.01	10	6040	买盘
10:21:36	6.03	-0.01	219	132057	卖盘
10:21:21	6.04	--	3	1812	买盘
10:21:09	6.04	--	4	2416	买盘
10:21:03	6.04	-0.01	138	83352	卖盘
10:20:45	6.05	0.01	1	605	买盘
10:20:30	6.04	-0.01	1	604	卖盘
10:20:27	6.05	0.01	2	1210	买盘
10:20:03	6.04	--	5	3020	卖盘
10:19:48	6.04	--	15	9060	卖盘
10:19:45	6.04	0.01	90	54360	买盘
10:19:39	6.03	--	10	6030	卖盘
10:19:30	6.03	-0.01	2	1206	卖盘
10:19:27	6.04	--	35	21140	卖盘
10:19:21	6.04	--	63	38052	买盘
10:19:06	6.04	--	21	12684	卖盘
10:18:45	6.04	0.01	2	1208	买盘
10:18:39	6.03	-0.02	10	6030	卖盘
10:17:51	6.05	--	4	2420	买盘
10:17:45	6.05	0.02	32	19360	买盘
10:17:36	6.03	-0.01	155	93465	卖盘
10:17:27	6.04	--	5	3020	卖盘
10:17:24	6.04	--	3	1812	卖盘
10:17:18	6.04	--	1	604	卖盘
10:17:09	6.04	-0.01	1	604	卖盘
10:16:54	6.05	0.01	4	2420	买盘
10:16:51	6.04	--	8	4832	卖盘
10:16:48	6.04	--	50	30200	卖盘
10:16:39	6.04	--	4	2416	买盘
10:16:12	6.04	-0.01	6	3624	卖盘
10:16:06	6.05	--	4	2420	买盘
10:16:03	6.05	0.01	8	4840	买盘
10:16:00	6.04	--	34	20536	卖盘
10:15:54	6.04	--	10	6040	买盘
10:15:42	6.04	0.01	10	6040	买盘
10:15:27	6.03	--	15	9045	卖盘
10:15:24	6.03	-0.02	5	3015	卖盘
10:15:18	6.05	0.01	110	66550	买盘
10:15:15	6.04	--	24	14496	买盘
10:15:09	6.04	0.01	1	604	买盘
10:14:51	6.03	-0.01	70	42210	卖盘
10:14:39	6.04	--	10	6160	卖盘
10:14:36	6.04	-0.01	5	3020	卖盘
10:14:15	6.05	0.01	4	2420	买盘
10:14:00	6.04	--	50	30200	卖盘
10:13:45	6.04	--	40	24160	卖盘
10:13:42	6.04	--	15	9060	卖盘
10:13:36	6.04	--	6	3624	卖盘
10:13:18	6.04	-0.01	5	3020	卖盘
10:13:06	6.05	--	4	2420	买盘
10:13:03	6.05	--	10	6050	买盘
10:13:00	6.05	0.01	1	605	买盘
10:12:51	6.04	-0.01	22	13288	卖盘
10:12:48	6.05	--	8	4840	买盘
10:12:45	6.05	--	32	19360	买盘
10:12:30	6.05	--	8	4840	买盘
10:12:27	6.05	--	4	2420	买盘
10:12:21	6.05	--	4	2420	买盘
10:12:15	6.05	--	20	12100	买盘
10:12:00	6.05	0.01	77	46585	买盘
10:11:51	6.04	--	3	1812	卖盘
10:11:30	6.04	-0.01	21	12684	卖盘
10:11:27	6.05	0.01	20	12100	买盘
10:11:24	6.04	--	3	1812	卖盘
10:11:15	6.04	--	2	1208	卖盘
10:11:06	6.04	--	0	362	卖盘
10:10:54	6.04	-0.01	7	4348	卖盘
10:10:48	6.05	--	15	9075	买盘
10:10:39	6.05	--	5	3025	买盘
10:10:36	6.05	--	1	605	买盘
10:10:33	6.05	--	19	11495	买盘
10:10:27	6.05	--	100	60500	买盘
10:10:21	6.05	--	8	4840	买盘
10:09:57	6.05	-0.01	141	85305	卖盘
10:09:45	6.06	--	8	4848	买盘
10:09:42	6.06	--	33	19998	买盘
10:09:21	6.06	--	25	15149	卖盘
10:09:15	6.06	--	14	8484	卖盘
10:09:09	6.06	--	10	6060	卖盘
10:09:06	6.06	--	3	1817	买盘
10:08:51	6.06	0.01	24	14543	买盘
10:08:48	6.05	-0.02	10	6050	卖盘
10:08:30	6.07	0.01	61	37027	买盘
10:08:27	6.06	--	8	4848	卖盘
10:08:24	6.06	-0.01	2	1212	卖盘
10:08:18	6.07	--	49	29743	买盘
10:08:09	6.07	--	75	45525	买盘
10:08:00	6.07	0.01	8	4856	买盘
10:07:51	6.06	0.01	38	23028	中性盘
10:07:36	6.05	-0.01	301	182105	卖盘
10:07:27	6.06	--	17	10302	买盘
10:07:24	6.06	0.01	151	91506	买盘
10:07:18	6.05	-0.01	9	5445	卖盘
10:07:09	6.06	--	6	3635	买盘
10:07:03	6.06	0.01	295	178770	买盘
10:07:00	6.05	--	9	5445	卖盘
10:06:51	6.05	--	7	4235	卖盘
10:06:42	6.05	--	3	1815	卖盘
10:06:36	6.05	--	23	13915	买盘
10:06:33	6.05	--	688	416240	买盘
10:06:21	6.05	0.01	16	9680	买盘
10:06:00	6.04	-0.01	10	6040	中性盘
10:05:33	6.05	0.01	107	64735	买盘
10:05:30	6.04	--	89	53756	买盘
10:05:15	6.04	0.01	79	47716	买盘
10:05:00	6.03	-0.01	12	7236	卖盘
10:04:57	6.04	--	26	15704	买盘
10:04:54	6.04	0.01	50	30200	买盘
10:04:36	6.03	-0.01	20	12060	卖盘
10:04:33	6.04	--	10	6040	买盘
10:04:30	6.04	--	5	3020	买盘
10:04:21	6.04	--	62	37448	买盘
10:04:18	6.04	--	10	6040	买盘
10:04:00	6.04	--	125	75500	买盘
10:03:57	6.04	--	4	2416	买盘
10:03:36	6.04	--	5	3020	买盘
10:03:24	6.04	0.01	200	120800	买盘
10:03:21	6.03	--	3	1809	卖盘
10:03:18	6.03	-0.01	35	21105	卖盘
10:03:03	6.04	--	2	1208	买盘
10:02:45	6.04	--	32	19328	买盘
10:02:42	6.04	0.01	20	12080	买盘
10:02:39	6.03	--	10	6030	卖盘
10:02:36	6.03	-0.01	25	15075	卖盘
10:02:33	6.04	0.01	42	25368	买盘
10:02:21	6.03	--	88	53064	卖盘
10:02:15	6.03	-0.01	200	120600	卖盘
10:02:06	6.04	--	59	35636	买盘
10:02:03	6.04	0.01	42	25368	买盘
10:02:00	6.03	-0.01	20	12060	卖盘
10:01:54	6.04	--	2	1208	买盘
10:01:51	6.04	--	5	3020	买盘
10:01:42	6.04	--	57	34428	买盘
10:01:39	6.04	--	10	6040	买盘
10:01:36	6.04	--	40	24160	买盘
10:01:33	6.04	0.01	42	25368	买盘
10:01:24	6.03	--	5	3015	卖盘
10:01:12	6.03	-0.01	12	7236	卖盘
10:01:06	6.04	--	9	5436	买盘
10:01:03	6.04	--	57	34428	买盘
10:00:54	6.04	--	10	6040	买盘
10:00:45	6.04	-0.01	4	2416	卖盘
10:00:33	6.05	0.01	42	25410	买盘
10:00:30	6.04	--	21	12684	卖盘
10:00:18	6.04	--	4	2416	卖盘
10:00:15	6.04	--	10	6040	买盘
10:00:09	6.04	--	40	24160	买盘
10:00:03	6.04	--	42	25368	买盘
09:59:57	6.04	--	8	4832	买盘
09:59:54	6.04	-0.01	20	12080	中性盘
09:59:33	6.05	0.01	42	25410	买盘
09:59:18	6.04	-0.01	8	4832	卖盘
09:59:03	6.05	0.01	42	25410	买盘
09:58:39	6.04	--	10	6040	买盘
09:58:33	6.04	0.02	42	25368	买盘
09:58:30	6.02	-0.02	235	141470	卖盘
09:58:27	6.04	--	3	1812	买盘
09:58:24	6.04	--	2	1208	买盘
09:58:06	6.04	--	71	42884	买盘
09:58:03	6.04	-0.01	2	1208	卖盘
09:58:00	6.05	0.01	42	25410	买盘
09:57:54	6.04	--	30	18120	买盘
09:57:36	6.04	--	30	18120	买盘
09:57:33	6.04	-0.01	20	12080	中性盘
09:57:15	6.05	--	335	202675	买盘
09:57:12	6.05	--	8	4840	买盘
09:57:03	6.05	0.01	16	9680	买盘
09:56:57	6.04	--	10	6040	卖盘
09:56:54	6.04	--	33	19932	卖盘
09:56:48	6.04	--	20	12080	卖盘
09:56:42	6.04	--	59	35636	卖盘
09:56:39	6.04	0.01	10	6040	中性盘
09:56:18	6.03	--	2	1206	卖盘
09:56:03	6.03	-0.03	24	14472	中性盘
09:55:57	6.06	0.03	104	63023	买盘
09:55:48	6.03	--	0	24	卖盘
09:55:36	6.03	-0.01	3	1809	卖盘
09:55:33	6.04	--	5	3020	买盘
09:55:30	6.04	-0.02	10	6040	卖盘
09:55:27	6.06	0.03	4	2424	买盘
09:55:12	6.03	-0.01	500	301500	卖盘
09:55:03	6.04	--	10	6040	卖盘
09:55:00	6.04	-0.02	8	4832	卖盘
09:54:57	6.06	0.02	4	2424	买盘
09:54:51	6.04	--	11	6644	卖盘
09:54:36	6.04	-0.02	100	60400	卖盘
09:54:27	6.06	--	4	2424	买盘
09:54:21	6.06	--	61	36966	卖盘
09:54:18	6.06	--	190	115139	卖盘
09:54:15	6.06	--	5	3030	卖盘
09:54:03	6.06	--	48	29087	卖盘
09:54:00	6.06	--	15	9090	卖盘
09:53:57	6.06	--	11	6666	卖盘
09:53:54	6.06	0.01	105	63629	买盘
09:53:51	6.05	--	25	15125	卖盘
09:53:48	6.05	--	100	60500	卖盘
09:53:45	6.05	-0.01	339	205095	卖盘
09:53:30	6.06	-0.01	253	153681	卖盘
09:53:27	6.07	--	27	16389	买盘
09:53:24	6.07	0.01	37	22459	买盘
09:53:21	6.06	-0.01	6	3635	卖盘
09:53:06	6.07	--	11	6677	买盘
09:53:03	6.07	--	5	3035	买盘
09:52:57	6.07	--	4	2428	买盘
09:52:54	6.07	--	16	9712	买盘
09:52:51	6.07	--	5	3035	卖盘
09:52:48	6.07	--	3	1821	卖盘
09:52:45	6.07	--	49	29743	卖盘
09:52:42	6.07	--	17	10319	卖盘
09:52:39	6.07	--	71	43097	卖盘
09:52:33	6.07	--	5	3035	卖盘
09:52:30	6.07	-0.01	3	1821	卖盘
09:52:27	6.08	0.01	104	63232	买盘
09:52:24	6.07	--	19	11533	卖盘
09:52:21	6.07	0.01	59	35813	买盘
09:52:18	6.06	-0.01	93	56358	卖盘
09:52:15	6.07	--	33	20031	买盘
09:52:03	6.07	0.01	10	6070	买盘
09:52:00	6.06	-0.01	100	60599	卖盘
09:51:57	6.07	--	4	2428	买盘
09:51:48	6.07	--	49	29743	买盘
09:51:45	6.07	--	66	40062	买盘
09:51:39	6.07	0.01	39	23673	卖盘
09:51:36	6.06	-0.01	200	121199	卖盘
09:51:33	6.07	--	10	6070	卖盘
09:51:30	6.07	-0.01	2	1214	卖盘
09:51:27	6.08	0.01	16	9728	买盘
09:51:24	6.07	--	45	27315	卖盘
09:51:21	6.07	--	30	18210	卖盘
09:51:09	6.07	-0.01	12	7284	卖盘
09:51:06	6.08	0.01	4	2432	买盘
09:51:00	6.07	-0.01	10	6070	卖盘
09:50:54	6.08	--	39	23712	买盘
09:50:51	6.08	--	47	28576	买盘
09:50:36	6.08	0.01	1	608	买盘
09:50:24	6.07	-0.01	45	27315	卖盘
09:50:21	6.08	--	30	18240	买盘
09:50:18	6.08	0.01	222	134976	买盘
09:50:15	6.07	-0.01	38	23066	卖盘
09:50:12	6.08	--	12	7296	买盘
09:50:06	6.08	0.01	78	47424	买盘
09:50:00	6.07	--	25	15175	卖盘
09:49:48	6.07	-0.01	11	6677	中性盘
09:49:45	6.08	0.01	43	26144	买盘
09:49:42	6.07	--	10	6070	买盘
09:49:39	6.07	--	10	6070	买盘
09:49:36	6.07	0.01	1	607	买盘
09:49:33	6.06	--	10	6060	卖盘
09:49:24	6.06	--	45	27270	卖盘
09:49:18	6.06	-0.02	33	19998	卖盘
09:49:12	6.08	0.01	241	146528	买盘
09:49:03	6.07	0.01	20	12140	买盘
09:48:51	6.06	-0.02	3	1817	卖盘
09:48:45	6.08	0.01	150	91200	买盘
09:48:39	6.07	--	30	18210	买盘
09:48:36	6.07	-0.01	45	27315	中性盘
09:48:33	6.08	0.01	12	7296	买盘
09:48:27	6.07	--	10	6070	卖盘
09:48:24	6.07	-0.01	55	33385	卖盘
09:48:21	6.08	--	2	1216	买盘
09:48:09	6.08	0.01	50	30400	买盘
09:48:00	6.07	--	20	12140	卖盘
09:47:54	6.07	-0.01	10	6070	中性盘
09:47:48	6.08	0.01	22	13376	买盘
09:47:45	6.07	-0.01	20	12140	中性盘
09:47:27	6.08	0.02	21	12768	买盘
09:47:24	6.06	--	48	29087	卖盘
09:47:18	6.06	--	10	6060	卖盘
09:47:15	6.06	--	30	18180	卖盘
09:47:09	6.06	--	172	104474	买盘
09:47:06	6.06	--	15	9090	买盘
09:46:57	6.06	--	20	12120	买盘
09:46:54	6.06	-0.02	52	31875	卖盘
09:46:42	6.08	--	30	18240	买盘
09:46:36	6.08	--	3	1824	买盘
09:46:27	6.08	0.02	10	6080	买盘
09:46:24	6.06	-0.02	40	24240	卖盘
09:46:12	6.08	0.02	299	181792	买盘
09:46:09	6.06	0.01	113	68720	买盘
09:45:57	6.05	-0.01	27	16335	中性盘
09:45:36	6.06	0.01	91	55146	买盘
09:45:33	6.05	0.02	5	3025	买盘
09:45:27	6.03	-0.02	5	3015	卖盘
09:45:24	6.05	-0.01	25	15125	卖盘
09:45:15	6.06	0.01	40	24240	买盘
09:45:06	6.05	-0.01	98	59290	卖盘
09:44:54	6.06	--	1	606	买盘
09:44:33	6.06	--	6	3635	买盘
09:44:27	6.06	0.01	61	36966	买盘
09:44:24	6.05	-0.01	48	29040	卖盘
09:44:21	6.06	--	6	3635	买盘
09:44:18	6.06	--	20	12120	买盘
09:44:15	6.06	--	30	18180	买盘
09:44:03	6.06	--	16	9696	买盘
09:44:00	6.06	-0.01	69	42177	卖盘
09:43:57	6.07	--	4	2428	买盘
09:43:54	6.07	--	7	4249	买盘
09:43:48	6.07	0.01	10	6070	中性盘
09:43:36	6.06	-0.02	105	63629	卖盘
09:43:30	6.08	--	379	230675	买盘
09:43:24	6.08	0.01	131	79648	买盘
09:43:09	6.07	-0.01	13	7891	中性盘
09:43:00	6.08	--	299	181792	买盘
09:42:51	6.08	--	15	9120	买盘
09:42:48	6.08	--	5	3040	买盘
09:42:45	6.08	0.03	32	19456	买盘
09:42:36	6.05	-0.03	21	12705	中性盘
09:42:30	6.08	0.05	759	461472	买盘
09:42:24	6.03	--	34	20502	卖盘
09:42:12	6.03	--	82	49446	卖盘
09:42:03	6.03	--	10	6030	卖盘
09:41:57	6.03	--	697	420291	卖盘
09:41:51	6.03	0.01	80	48240	买盘
09:41:45	6.02	-0.02	100	60199	卖盘
09:41:39	6.04	0.01	8	4832	买盘
09:41:36	6.03	--	23	13869	买盘
09:41:27	6.03	--	10	6030	买盘
09:41:21	6.03	-0.01	8	4824	中性盘
09:41:00	6.04	0.02	6	3624	买盘
09:40:57	6.02	-0.02	89	53577	卖盘
09:40:48	6.04	0.01	10	6040	买盘
09:40:39	6.03	-0.01	10	6030	卖盘
09:40:30	6.04	--	20	12080	买盘
09:40:18	6.04	--	136	82144	买盘
09:40:03	6.04	0.01	10	6040	买盘
09:40:00	6.03	-0.01	7	4221	卖盘
09:39:57	6.04	0.02	10	6040	买盘
09:39:48	6.02	-0.02	1	602	卖盘
09:39:33	6.04	--	20	12080	买盘
09:39:06	6.04	0.02	23	13892	买盘
09:39:00	6.02	--	41	24682	卖盘
09:38:57	6.02	--	2	1204	卖盘
09:38:54	6.02	--	8	4816	买盘
09:38:51	6.02	--	7	4214	买盘
09:38:45	6.02	-0.02	15	9030	中性盘
09:38:39	6.04	0.02	207	125028	买盘
09:38:36	6.02	-0.02	3	1805	卖盘
09:38:21	6.04	0.04	5	3020	买盘
09:38:12	6.0	--	158	94800	卖盘
09:38:09	6.0	-0.02	407	244200	卖盘
09:38:03	6.02	-0.02	1	602	中性盘
09:37:33	6.04	0.04	86	51944	买盘
09:37:30	6.0	--	16	9600	买盘
09:37:27	6.0	--	100	60000	买盘
09:37:24	6.0	-0.04	61	36600	卖盘
09:37:18	6.04	0.03	20	12080	买盘
09:37:06	6.01	-0.03	10	6010	卖盘
09:37:03	6.04	0.03	3	1812	买盘
09:36:45	6.01	-0.03	1	601	中性盘
09:36:42	6.04	0.04	100	60400	买盘
09:36:36	6.0	--	21	12600	卖盘
09:36:27	6.0	0.01	71	42600	买盘
09:36:21	5.99	-0.01	722	432478	卖盘
09:36:15	6.0	--	24	14400	买盘
09:36:03	6.0	--	6	3600	买盘
09:35:54	6.0	--	17	10200	买盘
09:35:51	6.0	--	85	51480	卖盘
09:35:45	6.0	--	20	12000	卖盘
09:35:30	6.0	--	15	9000	卖盘
09:35:27	6.0	-0.01	30	18000	卖盘
09:35:24	6.01	0.01	69	41469	买盘
09:35:18	6.0	--	25	15000	卖盘
09:35:09	6.0	--	60	36000	卖盘
09:34:51	6.0	--	60	36120	买盘
09:34:48	6.0	0.01	78	46800	买盘
09:34:36	5.99	0.01	188	112612	买盘
09:34:33	5.98	--	41	24518	卖盘
09:34:30	5.98	-0.01	30	17940	卖盘
09:34:27	5.99	0.01	15	8985	买盘
09:34:06	5.98	--	15	8970	卖盘
09:34:00	5.98	--	10	5980	卖盘
09:33:51	5.98	--	2	1196	买盘
09:33:45	5.98	0.01	101	60398	买盘
09:33:39	5.97	-0.01	59	35223	卖盘
09:33:33	5.98	-0.01	97	58006	卖盘
09:33:30	5.99	0.01	17	10183	买盘
09:33:18	5.98	-0.01	40	23920	卖盘
09:33:12	5.99	--	57	34143	买盘
09:33:06	5.99	--	4	2396	卖盘
09:33:00	5.99	--	10	5990	卖盘
09:32:54	5.99	--	6	3594	买盘
09:32:45	5.99	--	82	49118	买盘
09:32:36	5.99	0.01	10	5990	买盘
09:32:33	5.98	--	44	26312	卖盘
09:32:24	5.98	-0.01	25	14950	卖盘
09:32:18	5.99	--	4	2396	买盘
09:32:12	5.99	--	15	8985	买盘
09:32:06	5.99	0.01	20	11980	买盘
09:32:00	5.98	-0.01	48	28704	中性盘
09:31:45	5.99	0.02	115	68885	买盘
09:31:42	5.97	--	10	5970	买盘
09:31:33	5.97	--	70	41790	买盘
09:31:18	5.97	--	8	4776	买盘
09:31:15	5.97	-0.02	292	174324	卖盘
09:31:09	5.99	0.02	30	17970	买盘
09:31:06	5.97	--	7	4179	卖盘
09:31:00	5.97	--	42	25074	卖盘
09:30:57	5.97	--	35	20895	卖盘
09:30:51	5.97	--	21	12537	卖盘
09:30:42	5.97	--	29	17313	卖盘
09:30:36	5.97	--	41	24477	卖盘
09:30:27	5.97	-0.01	10	5970	卖盘
09:30:24	5.98	--	4	2392	卖盘
09:30:15	5.98	--	16	9568	买盘
09:30:12	5.98	--	150	89700	买盘
09:30:09	5.98	--	70	41860	买盘
09:30:06	5.98	-0.02	637	380926	卖盘
09:30:03	6.0	0.01	63	37800	买盘
09:25:03	5.99	5.99	289	173111	买盘
