成交时间	成交价	价格变动	成交量(手)	成交额(元)	性质
15:00:03	17.87	0.02	1544	2759128	卖盘
14:57:03	17.85	--	0	0	卖盘
14:57:00	17.85	-0.01	86	153510	卖盘
14:56:57	17.86	-0.01	35	62510	卖盘
14:56:54	17.87	--	48	85776	买盘
14:56:51	17.87	--	100	178700	买盘
14:56:48	17.87	--	4	7148	买盘
14:56:45	17.87	0.01	6	10722	买盘
14:56:42	17.86	--	20	35720	卖盘
14:56:39	17.86	--	10	17860	卖盘
14:56:36	17.86	-0.01	18	32148	卖盘
14:56:33	17.87	0.01	6	10722	买盘
14:56:27	17.86	-0.01	30	53580	中性盘
14:56:24	17.87	0.02	388	693356	买盘
14:56:21	17.85	-0.01	74	132090	卖盘
14:56:18	17.86	--	20	35720	买盘
14:56:15	17.86	--	61	108946	买盘
14:56:09	17.86	0.01	30	53580	买盘
14:56:06	17.85	-0.01	43	76755	卖盘
14:56:03	17.86	--	51	91086	买盘
14:56:00	17.86	--	8	14288	买盘
14:55:57	17.86	--	4	7144	买盘
14:55:54	17.86	--	25	44650	买盘
14:55:51	17.86	--	11	19646	买盘
14:55:48	17.86	--	98	175028	买盘
14:55:45	17.86	--	1	1786	买盘
14:55:42	17.86	--	53	94658	买盘
14:55:36	17.86	0.01	44	78584	买盘
14:55:33	17.85	--	20	35700	卖盘
14:55:30	17.85	--	10	17850	卖盘
14:55:27	17.85	--	175	312375	卖盘
14:55:24	17.85	-0.01	10	17850	卖盘
14:55:21	17.86	0.01	3	5358	买盘
14:55:15	17.85	--	234	419296	买盘
14:55:12	17.85	--	73	130305	买盘
14:55:09	17.85	0.01	93	166005	买盘
14:55:00	17.84	-0.01	3	5352	卖盘
14:54:57	17.85	0.01	17	30345	买盘
14:54:51	17.84	-0.01	5	8920	卖盘
14:54:48	17.85	0.01	44	78540	买盘
14:54:45	17.84	-0.01	3	5352	卖盘
14:54:42	17.85	--	10	17850	买盘
14:54:39	17.85	--	4	7140	买盘
14:54:36	17.85	--	19	33915	买盘
14:54:33	17.85	0.01	12	21420	买盘
14:54:30	17.84	-0.01	20	35680	卖盘
14:54:27	17.85	--	20	35700	买盘
14:54:24	17.85	--	5	8925	买盘
14:54:21	17.85	-0.01	642	1146184	卖盘
14:54:18	17.86	0.01	10	17860	买盘
14:54:15	17.85	--	36	64260	卖盘
14:54:12	17.85	-0.01	53	94605	卖盘
14:54:09	17.86	--	2	3572	买盘
14:54:06	17.86	--	40	71440	买盘
14:54:03	17.86	--	10	17860	买盘
14:53:57	17.86	--	10	17860	买盘
14:53:51	17.86	0.01	19	33934	买盘
14:53:48	17.85	-0.01	41	73185	卖盘
14:53:45	17.86	-0.01	87	155382	卖盘
14:53:42	17.87	0.01	107	191209	买盘
14:53:39	17.86	--	10	17860	卖盘
14:53:33	17.86	--	250	446500	卖盘
14:53:21	17.86	--	23	41078	卖盘
14:53:18	17.86	0.01	128	230179	买盘
14:53:15	17.85	--	36	64260	卖盘
14:53:09	17.85	-0.01	10	17850	卖盘
14:53:03	17.86	--	60	107160	买盘
14:53:00	17.86	0.01	254	453644	买盘
14:52:57	17.85	-0.01	4	7140	卖盘
14:52:54	17.86	0.01	25	44650	买盘
14:52:51	17.85	--	138	246330	卖盘
14:52:48	17.85	-0.01	24	42840	卖盘
14:52:45	17.86	0.01	21	37506	买盘
14:52:42	17.85	--	4	7140	卖盘
14:52:36	17.85	-0.01	20	35700	卖盘
14:52:33	17.86	0.01	45	80370	买盘
14:52:27	17.85	-0.01	23	41055	卖盘
14:52:18	17.86	0.01	100	178600	买盘
14:52:15	17.85	-0.01	45	80325	卖盘
14:52:12	17.86	0.01	32	57152	买盘
14:52:06	17.85	--	8	14280	卖盘
14:52:03	17.85	--	7	12495	卖盘
14:52:00	17.85	--	28	49980	卖盘
14:51:57	17.85	--	138	246330	卖盘
14:51:54	17.85	-0.01	5	8925	卖盘
14:51:51	17.86	--	149	266114	买盘
14:51:42	17.86	--	15	26790	买盘
14:51:36	17.86	--	10	17860	买盘
14:51:33	17.86	0.01	148	264328	买盘
14:51:30	17.85	-0.01	89	158865	卖盘
14:51:27	17.86	0.01	35	62510	买盘
14:51:21	17.85	-0.01	10	17850	卖盘
14:51:18	17.86	--	14	25004	买盘
14:51:09	17.86	--	1	1786	买盘
14:51:06	17.86	--	10	17860	买盘
14:51:03	17.86	--	7	12502	买盘
14:51:00	17.86	-0.01	111	198710	卖盘
14:50:57	17.87	--	5	8935	买盘
14:50:42	17.87	0.01	5	8935	买盘
14:50:39	17.86	--	75	134450	卖盘
14:50:36	17.86	-0.01	12	21432	卖盘
14:50:33	17.87	0.01	35	62545	买盘
14:50:30	17.86	-0.01	86	153596	卖盘
14:50:27	17.87	--	14	25018	买盘
14:50:24	17.87	0.01	101	181309	买盘
14:50:21	17.86	-0.01	29	51794	卖盘
14:50:18	17.87	--	10	17870	买盘
14:50:15	17.87	--	1	1787	买盘
14:50:12	17.87	0.01	1	1787	买盘
14:50:09	17.86	-0.01	94	167884	卖盘
14:50:06	17.87	--	2	3574	买盘
14:50:00	17.87	--	42	75054	买盘
14:49:57	17.87	--	1	1787	买盘
14:49:54	17.87	--	24	42888	买盘
14:49:51	17.87	--	30	53610	买盘
14:49:48	17.87	--	304	543248	买盘
14:49:45	17.87	--	66	117942	买盘
14:49:42	17.87	--	166	296642	买盘
14:49:36	17.87	0.01	38	67906	买盘
14:49:33	17.86	--	2	3572	卖盘
14:49:30	17.86	--	60	107160	卖盘
14:49:27	17.86	-0.01	1	1786	卖盘
14:49:24	17.87	0.01	10	17870	买盘
14:49:21	17.86	--	18	32148	卖盘
14:49:18	17.86	--	100	178600	卖盘
14:49:15	17.86	-0.01	85	151810	卖盘
14:49:12	17.87	0.01	101	180487	买盘
14:49:09	17.86	--	33	58938	卖盘
14:49:06	17.86	-0.01	133	237538	卖盘
14:49:03	17.87	0.01	4	7148	买盘
14:49:00	17.86	--	100	178600	卖盘
14:48:54	17.86	--	10	17860	卖盘
14:48:45	17.86	--	7	12502	买盘
14:48:42	17.86	--	40	71440	买盘
14:48:39	17.86	--	22	39292	买盘
14:48:36	17.86	-0.01	131	233966	卖盘
14:48:33	17.87	--	1	1787	买盘
14:48:30	17.87	--	1	1787	买盘
14:48:24	17.87	--	234	418158	买盘
14:48:21	17.87	--	32	57184	买盘
14:48:12	17.87	--	1	1787	买盘
14:48:09	17.87	--	4	7148	买盘
14:48:06	17.87	--	10	17870	买盘
14:48:03	17.87	--	30	53610	卖盘
14:48:00	17.87	--	8	14296	卖盘
14:47:48	17.87	-0.01	10	17870	卖盘
14:47:42	17.88	--	6	10728	买盘
14:47:39	17.88	--	26	46488	买盘
14:47:36	17.88	--	80	143040	买盘
14:47:33	17.88	--	7	12516	买盘
14:47:30	17.88	0.01	15	26820	买盘
14:47:27	17.87	-0.01	3	5361	卖盘
14:47:24	17.88	--	16	28608	卖盘
14:47:18	17.88	0.01	52	92976	买盘
14:47:09	17.87	0.02	1	1787	中性盘
14:47:06	17.85	-0.01	208	371280	卖盘
14:47:03	17.86	-0.01	25	44650	卖盘
14:47:00	17.87	0.02	82	147927	买盘
14:46:54	17.85	-0.01	330	589960	卖盘
14:46:51	17.86	--	188	336053	买盘
14:46:48	17.86	--	166	296476	买盘
14:46:39	17.86	--	36	64296	卖盘
14:46:36	17.86	-0.01	4	7144	中性盘
14:46:30	17.87	0.03	20	35740	买盘
14:46:27	17.84	-0.02	620	1106080	卖盘
14:46:18	17.86	0.01	6	10716	中性盘
14:46:15	17.85	-0.02	50	89250	卖盘
14:46:12	17.87	0.01	80	142960	买盘
14:46:06	17.86	--	6	10716	买盘
14:46:03	17.86	-0.01	634	1132324	卖盘
14:45:57	17.87	-0.01	4	7541	卖盘
14:45:54	17.88	0.01	1	1788	买盘
14:45:51	17.87	-0.01	49	87563	卖盘
14:45:48	17.88	--	41	73308	买盘
14:45:45	17.88	0.01	32	57216	买盘
14:45:39	17.87	--	20	35740	卖盘
14:45:33	17.87	--	4	8541	买盘
14:45:30	17.87	0.01	29	51823	买盘
14:45:27	17.86	-0.02	186	332196	卖盘
14:45:18	17.88	0.01	65	116220	买盘
14:45:15	17.87	--	2	3574	买盘
14:45:12	17.87	--	25	44675	卖盘
14:45:00	17.87	0.02	1	1787	中性盘
14:44:48	17.85	-0.03	1045	1865325	卖盘
14:44:45	17.88	--	5	8940	买盘
14:44:42	17.88	--	8	14304	买盘
14:44:33	17.88	--	180	322233	卖盘
14:44:30	17.88	--	6	10728	卖盘
14:44:27	17.88	-0.01	55	99162	卖盘
14:44:24	17.89	0.01	5	8945	买盘
14:44:21	17.88	--	5	8940	卖盘
14:44:18	17.88	--	11	20240	卖盘
14:44:15	17.88	-0.01	33	59004	卖盘
14:44:12	17.89	--	5	8945	买盘
14:44:06	17.89	--	17	30413	买盘
14:43:57	17.89	--	1	1789	卖盘
14:43:54	17.89	--	1	1789	买盘
14:43:51	17.89	--	20	35780	买盘
14:43:48	17.89	--	50	89450	买盘
14:43:42	17.89	--	31	55459	买盘
14:43:36	17.89	--	8	14312	买盘
14:43:33	17.89	0.02	13	23257	买盘
14:43:30	17.87	--	6	10722	卖盘
14:43:21	17.87	--	32	57184	卖盘
14:43:15	17.87	-0.02	57	101859	卖盘
14:43:12	17.89	0.01	10	17890	买盘
14:43:00	17.88	--	50	89400	买盘
14:42:57	17.88	--	8	14304	买盘
14:42:51	17.88	-0.01	415	742270	卖盘
14:42:48	17.89	--	1	1789	卖盘
14:42:39	17.89	--	17	30413	卖盘
14:42:33	17.89	--	5	8945	卖盘
14:42:30	17.89	--	10	17890	卖盘
14:42:21	17.89	--	50	89450	卖盘
14:42:18	17.89	--	1	1789	卖盘
14:42:15	17.89	--	77	139291	买盘
14:42:12	17.89	--	14	25296	卖盘
14:42:09	17.89	-0.01	9	16101	卖盘
14:42:06	17.9	0.01	27	48329	买盘
14:42:03	17.89	--	2	3578	卖盘
14:42:00	17.89	-0.01	84	151098	卖盘
14:41:57	17.9	--	25	44750	买盘
14:41:51	17.9	--	2	3579	买盘
14:41:45	17.9	--	5	8950	买盘
14:41:42	17.9	--	87	155730	买盘
14:41:39	17.9	--	146	262843	卖盘
14:41:36	17.9	-0.01	156	279240	卖盘
14:41:33	17.91	--	28	50148	买盘
14:41:30	17.91	0.01	22	39437	买盘
14:41:27	17.9	--	10	17900	卖盘
14:41:24	17.9	-0.01	10	17900	卖盘
14:41:21	17.91	--	10	17910	买盘
14:41:18	17.91	0.01	31	55521	买盘
14:41:15	17.9	--	3	5370	卖盘
14:41:12	17.9	-0.01	10	17900	卖盘
14:41:09	17.91	0.01	10	17910	买盘
14:41:06	17.9	-0.01	9	16109	卖盘
14:41:03	17.91	0.01	55	98505	买盘
14:40:54	17.9	-0.01	36	64690	卖盘
14:40:51	17.91	0.01	80	143280	买盘
14:40:45	17.9	0.01	114	204059	买盘
14:40:42	17.89	-0.01	43	77642	卖盘
14:40:39	17.9	0.01	2	3579	买盘
14:40:36	17.89	-0.01	2	3578	卖盘
14:40:33	17.9	--	5	8950	买盘
14:40:27	17.9	0.01	2	3579	买盘
14:40:24	17.89	-0.02	10	17890	卖盘
14:40:15	17.91	0.02	113	202383	买盘
14:40:12	17.89	--	3	5367	卖盘
14:40:09	17.89	--	1	1789	卖盘
14:40:06	17.89	0.01	84	150276	买盘
14:40:03	17.88	0.01	108	193104	买盘
14:39:54	17.87	--	50	89350	卖盘
14:39:51	17.87	--	24	42888	卖盘
14:39:48	17.87	--	123	219801	卖盘
14:39:42	17.87	0.01	50	89350	卖盘
14:39:39	17.86	-0.01	9	16074	卖盘
14:39:36	17.87	--	160	285920	卖盘
14:39:33	17.87	--	143	255541	卖盘
14:39:27	17.87	--	91	162617	卖盘
14:39:24	17.87	--	47	83989	卖盘
14:39:21	17.87	--	10	17870	卖盘
14:39:18	17.87	-0.01	374	668338	卖盘
14:39:15	17.88	0.01	10	17880	买盘
14:39:12	17.87	--	29	51823	卖盘
14:39:09	17.87	--	120	214440	卖盘
14:39:06	17.87	--	12	21444	卖盘
14:39:03	17.87	--	25	44675	卖盘
14:39:00	17.87	-0.01	3	5361	卖盘
14:38:57	17.88	0.01	32	57216	买盘
14:38:54	17.87	--	126	225162	卖盘
14:38:51	17.87	--	15	26805	卖盘
14:38:48	17.87	--	5	8935	卖盘
14:38:45	17.87	-0.01	70	125090	卖盘
14:38:39	17.88	--	9	16092	买盘
14:38:36	17.88	0.01	6	10728	买盘
14:38:33	17.87	-0.01	3	5361	卖盘
14:38:30	17.88	--	36	64368	卖盘
14:38:27	17.88	--	163	291444	卖盘
14:38:24	17.88	-0.01	11	19668	卖盘
14:38:21	17.89	--	5	8945	买盘
14:38:12	17.89	--	2	3578	买盘
14:38:09	17.89	--	64	114496	卖盘
14:38:06	17.89	-0.01	10	17890	卖盘
14:38:03	17.9	0.01	24	42960	买盘
14:37:54	17.89	-0.01	10	17890	卖盘
14:37:48	17.9	--	178	318620	卖盘
14:37:45	17.9	--	99	177210	卖盘
14:37:42	17.9	--	227	406329	卖盘
14:37:39	17.9	-0.01	349	624710	卖盘
14:37:36	17.91	--	3	5373	买盘
14:37:30	17.91	--	420	752220	卖盘
14:37:27	17.91	-0.01	493	882963	卖盘
14:37:24	17.92	--	76	136192	卖盘
14:37:21	17.92	--	84	150528	卖盘
14:37:18	17.92	--	37	66304	卖盘
14:37:15	17.92	--	22	39424	卖盘
14:37:12	17.92	--	64	114688	卖盘
14:37:09	17.92	--	19	34048	卖盘
14:37:06	17.92	--	31	55552	卖盘
14:37:03	17.92	--	35	62720	卖盘
14:37:00	17.92	--	7	12544	卖盘
14:36:54	17.92	--	56	100352	卖盘
14:36:51	17.92	--	5	8960	卖盘
14:36:45	17.92	--	13	23296	卖盘
14:36:42	17.92	-0.01	25	44800	卖盘
14:36:36	17.93	--	3	5379	买盘
14:36:33	17.93	--	232	415976	卖盘
14:36:27	17.93	--	58	103994	卖盘
14:36:24	17.93	--	11	19723	卖盘
14:36:18	17.93	-0.02	10	17930	卖盘
14:36:00	17.95	0.01	5	8975	买盘
14:35:54	17.94	--	8	14352	卖盘
14:35:51	17.94	0.01	1	1794	中性盘
14:35:39	17.93	-0.02	51	91443	卖盘
14:35:36	17.95	--	10	17950	买盘
14:35:33	17.95	--	10	17950	买盘
14:35:30	17.95	0.01	20	35900	买盘
14:35:27	17.94	--	3	5382	买盘
14:35:24	17.94	-0.01	8	14352	中性盘
14:35:18	17.95	--	5	8975	买盘
14:35:15	17.95	0.02	130	233350	买盘
14:35:12	17.93	-0.02	287	514591	卖盘
14:35:09	17.95	--	111	199245	买盘
14:35:06	17.95	0.01	2	3590	买盘
14:34:54	17.94	-0.01	11	19734	卖盘
14:34:51	17.95	--	20	35900	买盘
14:34:48	17.95	--	12	21540	卖盘
14:34:45	17.95	--	18	32310	买盘
14:34:36	17.95	--	5	8975	卖盘
14:34:33	17.95	--	100	179500	卖盘
14:34:27	17.95	--	33	59235	卖盘
14:34:24	17.95	-0.01	10	17950	卖盘
14:34:21	17.96	0.01	2	3592	买盘
14:34:18	17.95	-0.01	45	80775	卖盘
14:34:15	17.96	0.01	10	17960	买盘
14:34:09	17.95	--	55	98725	卖盘
14:34:06	17.95	--	3	5385	卖盘
14:34:00	17.95	--	1	1795	卖盘
14:33:57	17.95	--	58	104110	卖盘
14:33:54	17.95	--	11	19745	卖盘
14:33:51	17.95	-0.01	10	17950	卖盘
14:33:36	17.96	0.01	19	34124	买盘
14:33:27	17.95	-0.01	203	364385	卖盘
14:33:24	17.96	--	5	8980	买盘
14:33:21	17.96	--	73	131108	卖盘
14:33:15	17.96	--	10	17960	卖盘
14:33:12	17.96	--	15	26940	卖盘
14:33:00	17.96	-0.01	10	17960	中性盘
14:32:48	17.97	0.02	5	8985	买盘
14:32:45	17.95	--	68	122060	卖盘
14:32:42	17.95	--	7	12565	卖盘
14:32:39	17.95	--	18	32310	卖盘
14:32:36	17.95	-0.02	10	17950	中性盘
14:32:33	17.97	0.02	5	8985	买盘
14:32:30	17.95	--	25	44875	卖盘
14:32:24	17.95	--	77	138215	卖盘
14:32:18	17.95	0.01	29	52055	买盘
14:32:15	17.94	-0.01	8	14352	卖盘
14:32:12	17.95	--	25	44875	卖盘
14:32:09	17.95	0.01	19	34105	买盘
14:32:06	17.94	--	18	32292	卖盘
14:32:03	17.94	--	1	1794	卖盘
14:32:00	17.94	-0.01	15	26910	卖盘
14:31:57	17.95	0.01	8	14360	买盘
14:31:54	17.94	-0.01	10	17940	卖盘
14:31:48	17.95	--	30	53850	买盘
14:31:45	17.95	--	62	111290	买盘
14:31:42	17.95	0.01	12	21540	买盘
14:31:39	17.94	--	2	3588	卖盘
14:31:36	17.94	-0.01	17	30498	卖盘
14:31:33	17.95	0.01	120	215400	买盘
14:31:24	17.94	-0.01	11	19734	卖盘
14:31:18	17.95	0.01	40	71800	买盘
14:31:15	17.94	--	174	312156	买盘
14:30:57	17.94	--	2	3588	买盘
14:30:54	17.94	--	200	358800	卖盘
14:30:51	17.94	-0.01	6	10764	卖盘
14:30:48	17.95	--	50	89750	买盘
14:30:42	17.95	--	5	8975	买盘
14:30:39	17.95	--	1	1795	中性盘
14:30:36	17.95	-0.01	50	89750	中性盘
14:30:33	17.96	--	1	1796	买盘
14:30:30	17.96	0.01	54	96984	中性盘
14:30:27	17.95	--	321	576195	卖盘
14:30:24	17.95	--	154	276430	卖盘
14:30:21	17.95	-0.01	5	8975	卖盘
14:30:15	17.96	0.01	20	35920	买盘
14:30:09	17.95	-0.01	1	1795	卖盘
14:30:06	17.96	--	65	118248	卖盘
14:30:03	17.96	--	60	107760	卖盘
14:30:00	17.96	-0.01	100	179600	卖盘
14:29:57	17.97	0.01	20	35940	买盘
14:29:54	17.96	--	25	44900	卖盘
14:29:51	17.96	-0.01	47	84412	卖盘
14:29:36	17.97	0.01	9	16172	中性盘
14:29:30	17.96	-0.01	135	242747	卖盘
14:29:24	17.97	0.01	111	199467	买盘
14:29:21	17.96	-0.01	29	52084	卖盘
14:29:18	17.97	0.01	11	19767	买盘
14:29:12	17.96	-0.02	30	53880	卖盘
14:29:09	17.98	0.01	28	50344	买盘
14:29:03	17.97	--	30	53910	卖盘
14:28:57	17.97	-0.01	11	19767	卖盘
14:28:54	17.98	0.01	43	77314	买盘
14:28:51	17.97	0.01	357	641529	买盘
14:28:45	17.96	-0.01	49	88004	卖盘
14:28:42	17.97	--	14	25158	买盘
14:28:33	17.97	--	29	52113	卖盘
14:28:27	17.97	0.01	51	91647	买盘
14:28:24	17.96	-0.01	110	197560	卖盘
14:28:21	17.97	-0.01	18	32345	卖盘
14:28:18	17.98	0.01	2	3596	买盘
14:28:03	17.97	--	6	10782	卖盘
14:27:57	17.97	0.01	144	258767	买盘
14:27:54	17.96	0.01	11	19756	买盘
14:27:51	17.95	-0.01	86	154370	卖盘
14:27:45	17.96	-0.01	431	774076	卖盘
14:27:42	17.97	--	7	12579	买盘
14:27:36	17.97	--	12	21564	卖盘
14:27:30	17.97	--	30	53910	卖盘
14:27:27	17.97	--	110	197670	卖盘
14:27:24	17.97	0.01	181	325257	买盘
14:27:21	17.96	--	296	531616	卖盘
14:27:18	17.96	-0.01	5	8980	卖盘
14:27:12	17.97	--	21	37737	买盘
14:27:09	17.97	--	3	5391	买盘
14:27:06	17.97	--	1	1797	买盘
14:27:03	17.97	-0.02	120	215640	卖盘
14:27:00	17.99	0.01	13	23386	买盘
14:26:57	17.98	--	111	199578	卖盘
14:26:54	17.98	--	45	80910	卖盘
14:26:48	17.98	--	12	21576	卖盘
14:26:45	17.98	--	21	37758	卖盘
14:26:42	17.98	0.01	205	368590	中性盘
14:26:39	17.97	-0.01	343	616371	卖盘
14:26:36	17.98	--	59	106082	买盘
14:26:33	17.98	0.01	129	231942	买盘
14:26:27	17.97	--	22	39534	卖盘
14:26:24	17.97	--	16	28752	卖盘
14:26:21	17.97	-0.01	20	35940	卖盘
14:26:18	17.98	--	8	14384	买盘
14:26:15	17.98	--	50	89900	买盘
14:26:12	17.98	0.01	9	16182	买盘
14:26:09	17.97	-0.01	50	89850	卖盘
14:26:06	17.98	0.01	13	23374	买盘
14:26:03	17.97	--	23	41331	卖盘
14:26:00	17.97	--	28	50316	卖盘
14:25:57	17.97	-0.01	42	75474	卖盘
14:25:54	17.98	--	32	57536	卖盘
14:25:51	17.98	--	25	44950	卖盘
14:25:45	17.98	-0.01	3	5394	中性盘
14:25:36	17.99	0.01	182	327418	买盘
14:25:33	17.98	--	52	93496	买盘
14:25:30	17.98	--	244	438712	卖盘
14:25:27	17.98	-0.01	4	7192	卖盘
14:25:24	17.99	0.01	62	111537	买盘
14:25:21	17.98	--	48	86304	卖盘
14:25:18	17.98	--	46	82708	卖盘
14:25:15	17.98	0.01	171	307458	买盘
14:25:12	17.97	--	4	7188	卖盘
14:25:06	17.97	-0.01	18	32345	卖盘
14:25:00	17.98	--	11	19778	买盘
14:24:54	17.98	-0.02	148	266104	卖盘
14:24:48	18.0	0.01	672	1209600	买盘
14:24:45	17.99	--	19	34181	卖盘
14:24:42	17.99	--	12	21587	卖盘
14:24:39	17.99	-0.01	241	433558	卖盘
14:24:36	18.0	0.01	190	342000	买盘
14:24:33	17.99	--	5	8995	卖盘
14:24:30	17.99	-0.01	405	728594	卖盘
14:24:27	18.0	--	95	171000	卖盘
14:24:24	18.0	--	121	217800	卖盘
14:24:21	18.0	-0.01	120	216000	卖盘
14:24:18	18.01	0.01	91	163891	买盘
14:24:15	18.0	--	105	189000	卖盘
14:24:12	18.0	-0.01	20	36000	卖盘
14:24:09	18.01	--	10	18010	买盘
14:24:06	18.01	--	190	342190	买盘
14:24:03	18.01	--	425	765425	买盘
14:24:00	18.01	--	13	23413	买盘
14:23:57	18.01	-0.01	128	230528	卖盘
14:23:54	18.02	--	121	218042	买盘
14:23:51	18.02	0.01	83	149566	买盘
14:23:48	18.01	-0.01	51	91851	卖盘
14:23:45	18.02	--	48	86496	买盘
14:23:39	18.02	-0.01	77	138754	买盘
14:23:36	18.03	0.01	296	533688	买盘
14:23:33	18.02	--	34	61268	卖盘
14:23:30	18.02	--	10	18020	卖盘
14:23:27	18.02	--	6	10812	卖盘
14:23:24	18.02	-0.01	38	68476	卖盘
14:23:21	18.03	0.02	143	257829	买盘
14:23:18	18.01	-0.01	40	72040	卖盘
14:23:15	18.02	--	111	200022	买盘
14:23:12	18.02	0.01	1	1802	买盘
14:23:09	18.01	-0.01	93	167493	卖盘
14:23:06	18.02	0.01	35	63070	买盘
14:23:03	18.01	--	23	41423	卖盘
14:23:00	18.01	0.01	200	360200	卖盘
14:22:57	18.0	-0.01	109	196200	卖盘
14:22:54	18.01	--	97	174697	买盘
14:22:51	18.01	0.01	247	444847	买盘
14:22:48	18.0	--	73	131400	卖盘
14:22:42	18.0	--	5	9000	卖盘
14:22:39	18.0	--	10	18000	卖盘
14:22:36	18.0	--	250	450000	买盘
14:22:30	18.0	0.02	225	405000	买盘
14:22:27	17.98	-0.01	25	44950	卖盘
14:22:24	17.99	-0.01	20	35980	卖盘
14:22:21	18.0	--	79	142200	买盘
14:22:15	18.0	0.02	19	34200	买盘
14:22:12	17.98	-0.02	30	53940	卖盘
14:22:09	18.0	0.01	49	88200	买盘
14:22:06	17.99	--	14	25185	买盘
14:22:03	17.99	-0.01	85	152915	卖盘
14:22:00	18.0	0.01	13	23400	买盘
14:21:54	17.99	--	21	37779	卖盘
14:21:51	17.99	-0.01	160	287840	卖盘
14:21:48	18.0	--	26	46800	买盘
14:21:45	18.0	0.01	200	360000	买盘
14:21:39	17.99	-0.01	10	17990	卖盘
14:21:33	18.0	--	107	192600	卖盘
14:21:30	18.0	--	13	23400	卖盘
14:21:27	18.0	--	61	109800	卖盘
14:21:24	18.0	-0.01	8	14400	卖盘
14:21:21	18.01	--	125	225125	买盘
14:21:15	18.01	--	294	529494	卖盘
14:21:12	18.01	-0.01	153	275553	卖盘
14:21:09	18.02	--	22	39644	买盘
14:21:06	18.02	--	26	46852	买盘
14:21:03	18.02	--	60	108120	买盘
14:21:00	18.02	--	18	32436	买盘
14:20:57	18.02	-0.01	190	342380	卖盘
14:20:54	18.03	-0.01	20	36060	买盘
14:20:51	18.04	0.01	230	414920	买盘
14:20:48	18.03	--	477	860031	卖盘
14:20:45	18.03	--	79	142437	卖盘
14:20:42	18.03	-0.01	47	84741	卖盘
14:20:39	18.04	--	107	193028	买盘
14:20:36	18.04	-0.01	92	165968	买盘
14:20:33	18.05	0.02	16	28880	买盘
14:20:30	18.03	-0.02	102	183906	卖盘
14:20:27	18.05	0.02	65	117325	买盘
14:20:24	18.03	-0.02	395	712185	卖盘
14:20:21	18.05	--	121	218405	卖盘
14:20:18	18.05	--	43	77615	卖盘
14:20:15	18.05	0.02	837	1510785	买盘
14:20:12	18.03	-0.01	26	46878	卖盘
14:20:09	18.04	0.01	103	185812	买盘
14:20:06	18.03	--	80	144240	买盘
14:20:03	18.03	--	497	896091	卖盘
14:19:57	18.03	--	711	1281933	卖盘
14:19:54	18.03	-0.01	166	299298	中性盘
14:19:51	18.04	0.01	152	274208	买盘
14:19:48	18.03	0.02	107	192921	买盘
14:19:45	18.01	-0.01	28	50428	卖盘
14:19:42	18.02	0.02	163	293726	买盘
14:19:39	18.0	-0.02	65	117000	卖盘
14:19:36	18.02	0.02	18	32436	买盘
14:19:33	18.0	-0.01	65	117000	卖盘
14:19:30	18.01	0.01	255	459255	买盘
14:19:27	18.0	--	380	684000	买盘
14:19:24	18.0	--	135	243000	买盘
14:19:21	18.0	0.01	670	1206000	买盘
14:19:18	17.99	-0.01	110	197889	卖盘
14:19:15	18.0	0.01	519	934200	买盘
14:19:12	17.99	--	26	46773	卖盘
14:19:09	17.99	-0.01	23	41377	卖盘
14:19:06	18.0	0.02	251	451800	买盘
14:19:03	17.98	--	76	136648	卖盘
14:19:00	17.98	--	16	28768	卖盘
14:18:57	17.98	--	12	21576	卖盘
14:18:54	17.98	--	916	1646968	买盘
14:18:51	17.98	--	101	181598	买盘
14:18:48	17.98	0.02	27	48546	买盘
14:18:45	17.96	--	16	28736	卖盘
14:18:42	17.96	--	914	1641544	卖盘
14:18:39	17.96	-0.01	9	16164	中性盘
14:18:36	17.97	0.01	93	167121	买盘
14:18:33	17.96	0.01	5	8980	买盘
14:18:30	17.95	--	164	294380	卖盘
14:18:27	17.95	--	4	7180	卖盘
14:18:24	17.95	-0.01	105	188475	卖盘
14:18:21	17.96	0.01	214	384344	买盘
14:18:18	17.95	--	35	62825	买盘
14:18:15	17.95	--	193	346435	买盘
14:18:12	17.95	0.01	7	12565	买盘
14:18:09	17.94	-0.01	243	435942	卖盘
14:18:06	17.95	--	2	3590	买盘
14:18:03	17.95	--	385	691075	买盘
14:17:57	17.95	0.01	18	32310	买盘
14:17:51	17.94	-0.01	8	14352	卖盘
14:17:48	17.95	0.01	512	919040	买盘
14:17:45	17.94	--	131	235014	卖盘
14:17:39	17.94	--	292	523848	买盘
14:17:36	17.94	0.01	102	182988	买盘
14:17:33	17.93	-0.01	30	53790	卖盘
14:17:30	17.94	0.01	5	8970	买盘
14:17:27	17.93	-0.01	10	17930	卖盘
14:17:21	17.94	--	19	34086	买盘
14:17:18	17.94	0.01	5	8970	买盘
14:17:15	17.93	-0.01	5	8965	卖盘
14:17:12	17.94	0.01	12	21528	买盘
14:17:09	17.93	-0.01	9	16137	卖盘
14:17:06	17.94	--	212	380328	买盘
14:17:00	17.94	--	104	186576	买盘
14:16:57	17.94	0.01	80	143520	买盘
14:16:54	17.93	-0.01	50	89650	卖盘
14:16:51	17.94	0.01	15	26910	买盘
14:16:45	17.93	--	109	195437	卖盘
14:16:42	17.93	--	128	229504	卖盘
14:16:39	17.93	--	15	26895	卖盘
14:16:36	17.93	--	7	12551	卖盘
14:16:33	17.93	--	882	1581426	买盘
14:16:27	17.93	--	113	202609	买盘
14:16:24	17.93	0.01	31	55583	买盘
14:16:18	17.92	--	7	12544	卖盘
14:16:15	17.92	--	11	19712	卖盘
14:16:09	17.92	-0.01	9	16128	卖盘
14:16:03	17.93	--	7	12551	买盘
14:16:00	17.93	0.01	11	19723	买盘
14:15:57	17.92	-0.01	129	231168	卖盘
14:15:51	17.93	0.01	20	35860	买盘
14:15:39	17.92	--	9	16128	卖盘
14:15:33	17.92	--	30	53760	卖盘
14:15:27	17.92	--	335	600320	买盘
14:15:24	17.92	0.01	10	17920	买盘
14:15:21	17.91	-0.01	6	10746	卖盘
14:15:18	17.92	0.01	6	10752	买盘
14:15:15	17.91	-0.01	1	1791	卖盘
14:15:12	17.92	0.01	30	53760	买盘
14:15:09	17.91	--	8	14328	卖盘
14:15:03	17.91	--	35	62685	卖盘
14:15:00	17.91	0.01	29	51939	买盘
14:14:57	17.9	--	7	12529	卖盘
14:14:54	17.9	-0.01	152	272080	卖盘
14:14:51	17.91	--	1	1791	买盘
14:14:42	17.91	--	2	3582	买盘
14:14:39	17.91	-0.01	4	7164	卖盘
14:14:36	17.92	0.01	7	12544	买盘
14:14:33	17.91	--	58	103878	卖盘
14:14:27	17.91	--	6	10746	卖盘
14:14:24	17.91	--	82	146862	卖盘
14:14:21	17.91	-0.01	12	21492	卖盘
14:14:18	17.92	--	35	62720	买盘
14:14:15	17.92	0.01	22	39424	买盘
14:14:12	17.91	--	20	35820	卖盘
14:14:09	17.91	--	9	16119	卖盘
14:14:06	17.91	--	103	184473	卖盘
14:14:00	17.91	--	50	89550	卖盘
14:13:57	17.91	--	10	17910	卖盘
14:13:51	17.91	--	10	17910	卖盘
14:13:48	17.91	--	14	25074	卖盘
14:13:45	17.91	--	30	53730	卖盘
14:13:42	17.91	--	21	37611	卖盘
14:13:39	17.91	--	18	32238	卖盘
14:13:36	17.91	--	2	3582	卖盘
14:13:21	17.91	--	107	191637	卖盘
14:13:18	17.91	--	45	80595	卖盘
14:13:15	17.91	--	59	105669	卖盘
14:13:12	17.91	--	63	112833	卖盘
14:13:09	17.91	--	10	17910	卖盘
14:13:06	17.91	--	10	17910	卖盘
14:13:03	17.91	-0.01	89	159399	卖盘
14:13:00	17.92	--	2	3584	买盘
14:12:57	17.92	0.01	26	46592	买盘
14:12:48	17.91	--	14	25074	卖盘
14:12:45	17.91	0.01	145	259695	买盘
14:12:39	17.9	-0.01	9	16109	卖盘
14:12:30	17.91	--	165	295515	买盘
14:12:24	17.91	--	3	5373	买盘
14:12:21	17.91	--	25	44775	买盘
14:12:18	17.91	0.01	10	17910	买盘
14:12:09	17.9	-0.01	8	14319	卖盘
14:12:00	17.91	--	2	3582	卖盘
14:11:57	17.91	-0.01	100	179100	卖盘
14:11:54	17.92	0.01	33	59136	买盘
14:11:48	17.91	-0.01	5	8955	卖盘
14:11:42	17.92	--	2	3584	买盘
14:11:39	17.92	0.01	10	17920	买盘
14:11:36	17.91	-0.01	110	197010	卖盘
14:11:33	17.92	0.01	83	148736	买盘
14:11:24	17.91	-0.01	10	17910	卖盘
14:11:21	17.92	--	2	3584	买盘
14:11:15	17.92	0.01	12	21504	买盘
14:11:09	17.91	--	10	17910	卖盘
14:10:54	17.91	-0.01	4	7164	卖盘
14:10:51	17.92	--	45	80640	买盘
14:10:45	17.92	--	5	8960	买盘
14:10:42	17.92	0.01	24	43008	买盘
14:10:39	17.91	-0.01	14	25074	卖盘
14:10:33	17.92	0.01	62	111104	买盘
14:10:30	17.91	--	1	1791	卖盘
14:10:27	17.91	--	2	3582	卖盘
14:10:21	17.91	--	10	17910	卖盘
14:10:18	17.91	0.01	10	17910	买盘
14:10:15	17.9	--	2	3579	卖盘
14:10:09	17.9	-0.02	9	16109	卖盘
14:10:06	17.92	--	25	44800	买盘
14:10:03	17.92	--	108	193536	买盘
14:09:57	17.92	0.02	10	17920	买盘
14:09:54	17.9	-0.02	59	105609	卖盘
14:09:42	17.92	--	20	35840	买盘
14:09:39	17.92	--	64	114688	买盘
14:09:36	17.92	--	22	39424	买盘
14:09:21	17.92	--	10	17920	买盘
14:09:15	17.92	0.02	40	71680	买盘
14:09:09	17.9	-0.02	42	75180	卖盘
14:09:06	17.92	0.01	38	68096	买盘
14:09:03	17.91	--	35	62685	买盘
14:09:00	17.91	--	5	8955	买盘
14:08:57	17.91	0.01	31	55521	买盘
14:08:45	17.9	--	37	66623	买盘
14:08:42	17.9	0.01	24	42960	买盘
14:08:39	17.89	-0.01	9	16101	卖盘
14:08:33	17.9	--	123	220169	买盘
14:08:27	17.9	--	30	53699	买盘
14:08:24	17.9	0.01	137	245229	买盘
14:08:12	17.89	--	35	62615	卖盘
14:08:09	17.89	-0.01	9	16101	卖盘
14:08:06	17.9	0.01	5	8950	买盘
14:08:00	17.89	0.01	77	138647	买盘
14:07:57	17.88	-0.01	11	19668	卖盘
14:07:51	17.89	0.01	21	37569	买盘
14:07:45	17.88	-0.01	5	8940	卖盘
14:07:42	17.89	--	32	57248	买盘
14:07:39	17.89	0.01	16	28624	买盘
14:07:33	17.88	-0.01	50	89400	卖盘
14:07:30	17.89	--	31	55459	买盘
14:07:27	17.89	--	38	67982	买盘
14:07:15	17.89	0.01	10	17890	买盘
14:07:12	17.88	--	5	9154	买盘
14:07:09	17.88	--	3	6937	卖盘
14:07:06	17.88	--	2	3576	卖盘
14:07:03	17.88	--	5	8940	卖盘
14:06:57	17.88	-0.01	10	17880	卖盘
14:06:51	17.89	--	21	37569	买盘
14:06:48	17.89	0.01	100	178900	买盘
14:06:45	17.88	--	30	53640	卖盘
14:06:39	17.88	--	144	257472	卖盘
14:06:27	17.88	--	3	5364	卖盘
14:06:15	17.88	-0.01	2	3576	卖盘
14:06:12	17.89	0.01	2	3578	买盘
14:06:09	17.88	--	8	14304	卖盘
14:06:06	17.88	--	8	14304	卖盘
14:06:00	17.88	-0.01	19	33972	卖盘
14:05:57	17.89	--	10	17890	买盘
14:05:51	17.89	--	2	3578	买盘
14:05:48	17.89	--	134	240620	卖盘
14:05:42	17.89	--	29	52775	买盘
14:05:39	17.89	--	74	132386	买盘
14:05:30	17.89	0.01	7	12523	中性盘
14:05:24	17.88	--	1	1788	卖盘
14:05:18	17.88	-0.01	350	625800	卖盘
14:05:12	17.89	0.01	96	171744	买盘
14:05:09	17.88	--	13	23244	卖盘
14:05:03	17.88	-0.01	20	35760	卖盘
14:04:57	17.89	0.01	1	1789	买盘
14:04:51	17.88	-0.01	20	35760	卖盘
14:04:45	17.89	0.01	19	33991	买盘
14:04:39	17.88	--	9	16092	卖盘
14:04:36	17.88	--	5	8940	卖盘
14:04:33	17.88	--	9	16092	卖盘
14:04:18	17.88	--	8	14304	卖盘
14:04:09	17.88	--	9	16092	卖盘
14:04:06	17.88	--	2	3576	卖盘
14:04:00	17.88	--	30	53640	卖盘
14:03:48	17.88	--	10	17880	卖盘
14:03:45	17.88	--	6	10728	卖盘
14:03:39	17.88	--	8	14304	卖盘
14:03:30	17.88	--	10	17880	卖盘
14:03:21	17.88	--	100	178800	卖盘
14:03:18	17.88	-0.01	1	1788	卖盘
14:03:12	17.89	0.01	10	17890	买盘
14:03:09	17.88	--	44	78672	卖盘
14:03:06	17.88	--	5	8940	卖盘
14:03:03	17.88	--	161	287868	卖盘
14:02:57	17.88	--	21	37548	卖盘
14:02:54	17.88	-0.01	77	137676	卖盘
14:02:48	17.89	0.01	10	17890	买盘
14:02:45	17.88	--	24	42912	卖盘
14:02:39	17.88	--	9	16092	卖盘
14:02:36	17.88	-0.01	46	82248	卖盘
14:02:33	17.89	--	11	19679	买盘
14:02:30	17.89	--	12	21468	卖盘
14:02:24	17.89	-0.01	1	1789	中性盘
14:02:15	17.9	0.02	100	179000	买盘
14:02:09	17.88	-0.01	8	14304	卖盘
14:02:06	17.89	--	30	53670	买盘
14:01:57	17.89	-0.01	13	23257	卖盘
14:01:54	17.9	--	6	10740	买盘
14:01:48	17.9	0.01	20	35800	买盘
14:01:39	17.89	--	9	16101	卖盘
14:01:18	17.89	-0.01	30	53670	卖盘
14:01:12	17.9	0.01	10	17900	买盘
14:01:09	17.89	0.01	13	23257	买盘
14:00:54	17.88	-0.01	87	155556	卖盘
14:00:51	17.89	0.01	20	35780	买盘
14:00:48	17.88	--	26	46488	卖盘
14:00:39	17.88	--	84	150406	卖盘
14:00:24	17.88	--	216	386208	买盘
14:00:18	17.88	0.01	15	26820	买盘
14:00:15	17.87	--	1	1787	卖盘
14:00:09	17.87	-0.01	9	16083	卖盘
14:00:00	17.88	0.01	1	1788	买盘
13:59:54	17.87	--	11	19657	卖盘
13:59:39	17.87	-0.01	9	16083	卖盘
13:59:30	17.88	--	2	3576	买盘
13:59:27	17.88	0.01	6	10728	买盘
13:59:24	17.87	--	5	8935	卖盘
13:59:09	17.87	-0.01	11	19657	卖盘
13:58:57	17.88	0.01	57	101916	买盘
13:58:54	17.87	-0.01	202	360974	卖盘
13:58:48	17.88	--	5	8940	买盘
13:58:45	17.88	0.01	64	114432	买盘
13:58:39	17.87	-0.01	9	16083	卖盘
13:58:36	17.88	--	2	3576	买盘
13:58:30	17.88	--	37	66156	买盘
13:58:27	17.88	--	22	39336	买盘
13:58:21	17.88	--	103	184164	卖盘
13:58:18	17.88	-0.01	15	26820	卖盘
13:58:12	17.89	0.01	255	456195	买盘
13:58:09	17.88	--	60	107280	卖盘
13:58:06	17.88	-0.01	43	76884	卖盘
13:58:03	17.89	0.01	10	17890	买盘
13:57:57	17.88	-0.01	15	26820	卖盘
13:57:45	17.89	0.01	20	35780	买盘
13:57:39	17.88	0.01	8	14304	中性盘
13:57:33	17.87	-0.01	200	357400	卖盘
13:57:27	17.88	--	97	173829	买盘
13:57:24	17.88	--	8	14304	买盘
13:57:18	17.88	--	35	62580	买盘
13:57:12	17.88	0.01	6	10728	买盘
13:57:09	17.87	-0.01	16	28592	卖盘
13:56:57	17.88	--	2	3576	买盘
13:56:48	17.88	--	18	33578	卖盘
13:56:45	17.88	-0.01	23	41124	卖盘
13:56:42	17.89	0.01	97	173533	买盘
13:56:39	17.88	--	9	16092	卖盘
13:56:36	17.88	--	10	17880	卖盘
13:56:27	17.88	-0.01	70	125160	卖盘
13:56:24	17.89	0.01	66	118467	买盘
13:56:21	17.88	-0.01	111	199862	卖盘
13:56:18	17.89	0.01	115	205735	买盘
13:56:15	17.88	--	19	33972	卖盘
13:56:12	17.88	--	0	178	卖盘
13:56:09	17.88	-0.01	18	32184	卖盘
13:56:06	17.89	0.01	26	46728	买盘
13:56:03	17.88	-0.01	40	71520	卖盘
13:55:57	17.89	--	65	116285	买盘
13:55:51	17.89	0.01	3	5367	买盘
13:55:48	17.88	--	22	39336	卖盘
13:55:45	17.88	-0.01	70	125160	卖盘
13:55:39	17.89	0.01	102	182478	买盘
13:55:36	17.88	--	55	98340	卖盘
13:55:33	17.88	-0.01	35	62580	卖盘
13:55:30	17.89	--	27	48303	买盘
13:55:27	17.89	0.01	17	30413	买盘
13:55:21	17.88	-0.01	106	189528	卖盘
13:55:18	17.89	0.01	10	17890	买盘
13:55:15	17.88	--	43	76884	卖盘
13:55:09	17.88	--	9	16092	卖盘
13:55:06	17.88	--	60	107280	卖盘
13:55:00	17.88	--	23	41124	卖盘
13:54:57	17.88	--	48	85824	买盘
13:54:48	17.88	--	12	21456	买盘
13:54:39	17.88	--	42	75096	买盘
13:54:36	17.88	-0.01	60	107280	卖盘
13:54:33	17.89	0.01	10	17890	买盘
13:54:24	17.88	--	18	32184	卖盘
13:54:18	17.88	-0.01	150	268200	卖盘
13:54:15	17.89	--	35	62615	买盘
13:54:09	17.89	--	130	232570	买盘
13:54:06	17.89	--	23	41147	买盘
13:54:03	17.89	--	29	51881	买盘
13:54:00	17.89	--	9	16101	买盘
13:53:57	17.89	0.01	1	1789	买盘
13:53:54	17.88	--	16	28608	卖盘
13:53:51	17.88	-0.01	5	8940	卖盘
13:53:48	17.89	--	33	59037	买盘
13:53:45	17.89	--	142	254038	买盘
13:53:42	17.89	0.01	93	166377	买盘
13:53:39	17.88	-0.01	9	16092	卖盘
13:53:36	17.89	0.01	113	202157	买盘
13:53:30	17.88	--	45	80460	买盘
13:53:27	17.88	--	5	8940	卖盘
13:53:24	17.88	--	26	46488	卖盘
13:53:21	17.88	0.01	12	21456	买盘
13:53:18	17.87	-0.01	200	357400	卖盘
13:53:15	17.88	-0.01	33	59004	卖盘
13:53:12	17.89	0.01	25	44725	买盘
13:53:09	17.88	-0.01	29	51852	卖盘
13:53:06	17.89	--	80	143120	买盘
13:53:03	17.89	--	1	1789	买盘
13:52:57	17.89	--	2	3578	买盘
13:52:51	17.89	--	85	152065	卖盘
13:52:45	17.89	-0.01	15	26835	卖盘
13:52:39	17.9	0.01	52	93079	卖盘
13:52:36	17.89	-0.02	15	26835	卖盘
13:52:33	17.91	0.01	80	143280	买盘
13:52:30	17.9	-0.01	150	268500	中性盘
13:52:15	17.91	0.01	126	225666	买盘
13:52:12	17.9	--	19	34010	卖盘
13:52:09	17.9	--	9	16109	卖盘
13:52:06	17.9	0.01	133	239466	买盘
13:52:03	17.89	-0.01	15	26835	卖盘
13:52:00	17.9	0.01	30	53699	买盘
13:51:54	17.89	0.01	15	26835	卖盘
13:51:51	17.88	-0.02	30	53640	卖盘
13:51:48	17.9	--	6	10740	买盘
13:51:45	17.9	--	98	175420	买盘
13:51:39	17.9	--	2	3579	买盘
13:51:27	17.9	0.02	43	76970	买盘
13:51:24	17.88	--	109	194892	买盘
13:51:21	17.88	--	23	41124	买盘
13:51:18	17.88	--	21	37548	买盘
13:51:15	17.88	-0.02	71	126948	卖盘
13:51:12	17.9	0.02	95	170050	买盘
13:51:09	17.88	-0.02	9	16092	卖盘
13:51:06	17.9	0.02	69	123509	买盘
13:51:03	17.88	--	12	21456	卖盘
13:51:00	17.88	--	15	27213	买盘
13:50:57	17.88	--	5	8940	买盘
13:50:54	17.88	0.01	135	241380	买盘
13:50:51	17.87	-0.01	20	35740	卖盘
13:50:48	17.88	0.01	10	17880	买盘
13:50:39	17.87	-0.01	9	16083	卖盘
13:50:36	17.88	--	227	406555	买盘
13:50:33	17.88	0.01	53	94764	买盘
13:50:30	17.87	-0.01	7	12509	卖盘
13:50:27	17.88	0.01	10	17880	买盘
13:50:18	17.87	--	66	117942	买盘
13:50:12	17.87	--	1	1787	卖盘
13:50:09	17.87	--	18	32166	卖盘
13:50:00	17.87	--	187	334169	买盘
13:49:57	17.87	--	10	17870	买盘
13:49:42	17.87	--	38	67906	卖盘
13:49:39	17.87	-0.01	9	16083	卖盘
13:49:21	17.88	--	5	8940	买盘
13:49:15	17.88	--	2	3576	买盘
13:49:12	17.88	-0.01	5	10334	卖盘
13:49:09	17.89	--	7	12523	卖盘
13:48:57	17.89	0.01	27	48303	买盘
13:48:39	17.88	--	11	19668	卖盘
13:48:36	17.88	--	76	135888	卖盘
13:48:33	17.88	-0.01	5	8940	卖盘
13:48:30	17.89	--	10	17890	买盘
13:48:21	17.89	0.01	1	1789	买盘
13:48:18	17.88	--	95	169860	卖盘
13:48:09	17.88	--	9	16092	卖盘
13:48:00	17.88	--	7	12909	买盘
13:47:51	17.88	--	12	22850	卖盘
13:47:48	17.88	--	175	312900	卖盘
13:47:39	17.88	-0.01	294	525672	卖盘
13:47:36	17.89	0.01	2	3578	买盘
13:47:33	17.88	--	2	3576	卖盘
13:47:18	17.88	--	8	14304	卖盘
13:47:12	17.88	--	53	94764	卖盘
13:47:09	17.88	-0.01	8	14304	卖盘
13:47:06	17.89	--	10	17890	买盘
13:46:51	17.89	0.01	5	8945	买盘
13:46:48	17.88	--	67	119796	卖盘
13:46:39	17.88	-0.01	9	16092	卖盘
13:46:36	17.89	--	7	12523	买盘
13:46:33	17.89	0.01	136	243304	买盘
13:46:30	17.88	--	43	76884	卖盘
13:46:27	17.88	--	91	162708	卖盘
13:46:24	17.88	--	6	10728	卖盘
13:46:21	17.88	--	23	41517	卖盘
13:46:12	17.88	--	238	425544	卖盘
13:46:09	17.88	-0.01	20	35760	卖盘
13:46:06	17.89	0.01	2	3578	买盘
13:46:00	17.88	-0.01	67	119796	卖盘
13:45:51	17.89	0.01	9	16101	买盘
13:45:48	17.88	--	6	10728	卖盘
13:45:45	17.88	-0.01	24	42912	卖盘
13:45:39	17.89	0.01	13	23257	买盘
13:45:36	17.88	--	23	41124	卖盘
13:45:27	17.88	--	23	41124	卖盘
13:45:24	17.88	-0.01	23	41124	卖盘
13:45:18	17.89	-0.01	69	123441	卖盘
13:45:09	17.9	--	13	23269	买盘
13:45:03	17.9	--	5	8950	买盘
13:45:00	17.9	--	14	25059	买盘
13:44:54	17.9	--	9	16109	买盘
13:44:51	17.9	--	11	19690	买盘
13:44:48	17.9	--	123	220169	买盘
13:44:42	17.9	-0.02	142	254179	卖盘
13:44:27	17.92	--	4	7168	卖盘
13:44:21	17.92	--	96	172032	买盘
13:44:12	17.92	0.02	2	3584	买盘
13:44:09	17.9	--	8	14319	卖盘
13:44:06	17.9	-0.01	2	3579	买盘
13:43:51	17.91	--	9	16119	卖盘
13:43:48	17.91	--	20	35820	卖盘
13:43:45	17.91	0.01	39	69849	买盘
13:43:39	17.9	-0.01	227	406329	卖盘
13:43:36	17.91	0.01	5	8955	买盘
13:43:30	17.9	-0.01	3	5370	卖盘
13:43:27	17.91	--	11	19701	买盘
13:43:24	17.91	--	17	30447	买盘
13:43:09	17.91	0.01	21	37611	买盘
13:43:06	17.9	--	17	30429	卖盘
13:43:03	17.9	--	1	1789	卖盘
13:42:54	17.9	--	5	8950	卖盘
13:42:45	17.9	0.01	22	39380	买盘
13:42:39	17.89	--	8	14312	卖盘
13:42:36	17.89	-0.01	4	7156	卖盘
13:42:33	17.9	--	5	8950	买盘
13:42:24	17.9	0.01	23	41170	买盘
13:42:21	17.89	--	8	14312	卖盘
13:42:18	17.89	--	11	19679	卖盘
13:42:15	17.89	--	1	1789	买盘
13:42:12	17.89	--	29	51881	卖盘
13:42:09	17.89	--	9	16101	卖盘
13:41:48	17.89	--	4	7156	买盘
13:41:36	17.89	-0.01	5	8945	卖盘
13:41:30	17.9	--	41	73390	买盘
13:41:24	17.9	0.01	6	10740	买盘
13:41:09	17.89	--	13	23257	卖盘
13:41:03	17.89	-0.01	9	16101	卖盘
13:40:51	17.9	--	9	16109	买盘
13:40:48	17.9	0.01	2	3579	买盘
13:40:36	17.89	-0.01	15	26835	卖盘
13:40:33	17.9	0.02	1	1789	买盘
13:40:24	17.88	-0.01	500	894000	卖盘
13:40:15	17.89	--	12	21468	卖盘
13:40:09	17.89	--	10	17890	卖盘
13:40:06	17.89	--	8	14312	卖盘
13:40:03	17.89	--	10	17890	卖盘
13:39:51	17.89	-0.01	50	89450	卖盘
13:39:42	17.9	0.01	56	100239	买盘
13:39:36	17.89	--	9	16101	卖盘
13:39:33	17.89	--	3	5367	卖盘
13:39:30	17.89	--	4	7156	卖盘
13:39:27	17.89	--	10	17890	卖盘
13:39:24	17.89	--	1	1789	卖盘
13:39:15	17.89	--	10	17890	卖盘
13:39:12	17.89	--	10	17890	卖盘
13:39:09	17.89	-0.01	11	19679	卖盘
13:39:06	17.9	--	100	179000	买盘
13:38:54	17.9	--	5	8950	买盘
13:38:48	17.9	--	223	399169	卖盘
13:38:36	17.9	--	8	14319	卖盘
13:38:30	17.9	--	18	32219	卖盘
13:38:24	17.9	-0.01	3	5370	卖盘
13:38:21	17.91	--	23	41193	买盘
13:38:15	17.91	--	2	3582	买盘
13:38:12	17.91	0.01	5	8955	买盘
13:38:06	17.9	--	19	34010	卖盘
13:38:03	17.9	-0.01	6	10740	卖盘
13:37:57	17.91	0.01	1	1791	买盘
13:37:48	17.9	-0.01	15	26849	卖盘
13:37:45	17.91	--	6	10746	买盘
13:37:42	17.91	0.01	20	35820	买盘
13:37:39	17.9	--	5	8950	卖盘
13:37:36	17.9	-0.01	9	16109	卖盘
13:37:30	17.91	--	6	10746	买盘
13:37:24	17.91	--	2	3582	买盘
13:37:12	17.91	--	0	1683	卖盘
13:36:54	17.91	--	5	9062	买盘
13:36:51	17.91	-0.01	42	76905	卖盘
13:36:48	17.92	0.01	75	134507	买盘
13:36:45	17.91	--	50	89550	买盘
13:36:33	17.91	--	119	214812	卖盘
13:36:30	17.91	--	5	8955	卖盘
13:36:27	17.91	--	10	17910	卖盘
13:36:21	17.91	-0.01	19	34029	卖盘
13:36:18	17.92	0.01	70	125440	买盘
13:36:06	17.91	--	9	16119	卖盘
13:36:03	17.91	-0.01	5	8955	卖盘
13:36:00	17.92	--	14	25088	买盘
13:35:51	17.92	--	10	17920	买盘
13:35:45	17.92	0.01	2	3584	中性盘
13:35:33	17.91	-0.02	10	17910	卖盘
13:35:21	17.93	--	50	89650	买盘
13:35:18	17.93	--	2	3586	买盘
13:35:12	17.93	--	20	35860	买盘
13:35:03	17.93	--	85	152405	卖盘
13:34:57	17.93	--	120	215160	卖盘
13:34:54	17.93	--	2	3586	卖盘
13:34:51	17.93	--	3	5379	卖盘
13:34:48	17.93	--	208	372944	卖盘
13:34:45	17.93	--	30	53790	卖盘
13:34:39	17.93	--	10	17930	卖盘
13:34:36	17.93	--	9	16137	卖盘
13:34:30	17.93	0.02	306	548658	买盘
13:34:21	17.91	-0.01	156	279396	卖盘
13:34:15	17.92	0.01	104	186368	买盘
13:34:06	17.91	--	8	14328	卖盘
13:34:00	17.91	--	61	109358	买盘
13:33:42	17.91	--	3	5373	买盘
13:33:39	17.91	--	15	26865	买盘
13:33:36	17.91	--	59	107352	卖盘
13:33:30	17.91	--	5	8955	卖盘
13:33:27	17.91	--	2	3582	卖盘
13:33:21	17.91	0.01	12	21599	买盘
13:33:15	17.9	-0.01	58	103819	卖盘
13:33:12	17.91	--	24	42984	买盘
13:33:09	17.91	--	26	46566	买盘
13:33:06	17.91	--	45	80595	卖盘
13:33:03	17.91	0.01	5	8955	买盘
13:33:00	17.9	-0.01	103	184369	卖盘
13:32:54	17.91	--	30	53730	买盘
13:32:51	17.91	0.01	2	3582	买盘
13:32:45	17.9	-0.01	30	53699	卖盘
13:32:42	17.91	0.01	1	1791	买盘
13:32:39	17.9	-0.01	35	62649	卖盘
13:32:36	17.91	0.01	288	515808	买盘
13:32:30	17.9	--	23	41170	卖盘
13:32:27	17.9	-0.01	50	89500	卖盘
13:32:18	17.91	0.01	2	3582	买盘
13:32:15	17.9	--	28	50119	买盘
13:32:09	17.9	0.01	10	17900	买盘
13:32:06	17.89	-0.01	9	16101	卖盘
13:32:00	17.9	--	15	26849	买盘
13:31:54	17.9	--	101	180790	卖盘
13:31:39	17.9	0.01	121	216589	买盘
13:31:36	17.89	-0.01	13	23257	中性盘
13:31:33	17.9	--	10	17900	买盘
13:31:24	17.9	0.01	160	286400	买盘
13:31:21	17.89	-0.01	367	656563	卖盘
13:31:09	17.9	0.01	5	8950	买盘
13:31:06	17.89	--	8	14312	卖盘
13:31:03	17.89	--	11	19679	卖盘
13:30:54	17.89	--	10	17890	卖盘
13:30:51	17.89	-0.01	1	1789	卖盘
13:30:45	17.9	--	100	179000	买盘
13:30:39	17.9	0.01	2	3579	买盘
13:30:36	17.89	-0.01	9	16101	卖盘
13:30:30	17.9	0.01	76	136040	买盘
13:30:24	17.89	--	20	35780	卖盘
13:30:15	17.89	-0.01	10	17890	卖盘
13:30:09	17.9	0.01	1	1789	买盘
13:30:06	17.89	-0.01	19	33991	卖盘
13:30:03	17.9	--	8	14319	买盘
13:30:00	17.9	--	23	41170	买盘
13:29:51	17.9	--	4	7159	买盘
13:29:42	17.9	-0.01	305	545950	卖盘
13:29:39	17.91	--	10	17910	卖盘
13:29:36	17.91	--	8	14328	卖盘
13:29:24	17.91	--	110	197010	卖盘
13:29:21	17.91	--	110	197010	买盘
13:29:15	17.91	0.01	4	7164	买盘
13:29:12	17.9	-0.02	9	16109	卖盘
13:29:06	17.92	0.02	50	89600	买盘
13:29:03	17.9	-0.02	21	37590	卖盘
13:28:54	17.92	0.01	2	3584	买盘
13:28:51	17.91	--	23	41193	卖盘
13:28:48	17.91	--	1	1791	卖盘
13:28:45	17.91	-0.02	6	10746	卖盘
13:28:36	17.93	--	23	41239	买盘
13:28:30	17.93	--	29	51997	买盘
13:28:27	17.93	--	12	21516	买盘
13:28:21	17.93	--	307	550451	卖盘
13:28:18	17.93	--	1	1793	卖盘
13:28:15	17.93	--	19	34067	卖盘
13:28:12	17.93	--	20	35860	卖盘
13:28:06	17.93	--	58	103994	卖盘
13:28:03	17.93	0.01	219	392667	买盘
13:27:57	17.92	--	3	5376	卖盘
13:27:54	17.92	-0.01	5	8960	卖盘
13:27:51	17.93	--	73	130889	买盘
13:27:45	17.93	0.01	1	1793	买盘
13:27:36	17.92	0.01	236	422912	买盘
13:27:30	17.91	--	14	25074	卖盘
13:27:27	17.91	--	83	148653	卖盘
13:27:24	17.91	--	8	14328	买盘
13:27:18	17.91	--	20	35820	买盘
13:27:15	17.91	0.01	2	3582	买盘
13:27:06	17.9	-0.02	9	16109	卖盘
13:26:39	17.92	0.02	9	16128	买盘
13:26:33	17.9	0.02	50	89500	中性盘
13:26:27	17.88	-0.01	126	225288	卖盘
13:26:24	17.89	-0.01	210	375690	卖盘
13:26:18	17.9	--	100	179000	买盘
13:26:12	17.9	--	14	25059	买盘
13:26:06	17.9	-0.01	30	53699	中性盘
13:25:42	17.91	0.02	103	184473	买盘
13:25:36	17.89	-0.02	43	76927	卖盘
13:25:30	17.91	0.01	116	207756	买盘
13:25:27	17.9	--	7	12529	买盘
13:25:21	17.9	-0.01	1	1789	卖盘
13:25:15	17.91	0.01	50	89550	买盘
13:25:12	17.9	0.02	4	7159	买盘
13:25:09	17.88	-0.02	158	282504	卖盘
13:25:06	17.9	--	8	14319	卖盘
13:25:03	17.9	0.01	15	26849	买盘
13:24:54	17.89	-0.01	5	8945	卖盘
13:24:48	17.9	0.01	17	30429	买盘
13:24:42	17.89	--	5	8945	卖盘
13:24:36	17.89	--	9	16101	卖盘
13:24:33	17.89	--	3	5367	卖盘
13:24:27	17.89	--	13	23257	买盘
13:24:12	17.89	-0.01	1	1789	买盘
13:24:06	17.9	0.04	13	23269	买盘
13:23:48	17.86	-0.04	1	1786	卖盘
13:23:45	17.9	0.01	10	17900	买盘
13:23:39	17.89	0.04	12	21468	中性盘
13:23:21	17.85	-0.05	500	892500	卖盘
13:23:18	17.9	0.01	17	30429	买盘
13:23:15	17.89	-0.01	19	33991	卖盘
13:23:12	17.9	0.01	5	8950	买盘
13:23:06	17.89	-0.01	9	16101	卖盘
13:23:03	17.9	0.01	32	57279	买盘
13:22:54	17.89	--	6	10734	买盘
13:22:51	17.89	-0.01	2	3578	卖盘
13:22:48	17.9	--	2	3579	卖盘
13:22:39	17.9	--	3	5370	买盘
13:22:36	17.9	0.01	10	17900	中性盘
13:22:24	17.89	--	23	41147	卖盘
13:22:15	17.89	-0.02	23	41147	卖盘
13:22:09	17.91	--	15	26865	买盘
13:22:06	17.91	--	25	44775	买盘
13:22:03	17.91	--	12	21492	卖盘
13:22:00	17.91	--	2	3582	卖盘
13:21:54	17.91	-0.01	55	98505	卖盘
13:21:51	17.92	0.01	30	53760	买盘
13:21:48	17.91	--	35	62685	卖盘
13:21:45	17.91	-0.01	15	26865	卖盘
13:21:36	17.92	--	10	17920	买盘
13:21:33	17.92	-0.01	106	189952	卖盘
13:21:27	17.93	--	20	35860	买盘
13:21:24	17.93	0.01	555	995115	买盘
13:21:21	17.92	-0.01	18	32256	卖盘
13:21:15	17.93	--	5	8965	买盘
13:21:12	17.93	--	14	25102	买盘
13:21:09	17.93	--	54	96822	卖盘
13:21:06	17.93	-0.01	9	16137	卖盘
13:21:00	17.94	0.01	154	276276	买盘
13:20:57	17.93	-0.01	56	100408	卖盘
13:20:54	17.94	0.01	37	66378	买盘
13:20:51	17.93	--	6	10758	卖盘
13:20:45	17.93	--	20	35860	卖盘
13:20:42	17.93	-0.01	10	17930	卖盘
13:20:39	17.94	0.01	2	3588	买盘
13:20:36	17.93	--	18	32274	卖盘
13:20:33	17.93	--	110	197230	卖盘
13:20:27	17.93	--	63	112959	卖盘
13:20:24	17.93	0.01	251	450043	买盘
13:20:15	17.92	--	5	8960	卖盘
13:20:09	17.92	--	5	8960	卖盘
13:20:06	17.92	0.01	13	23296	中性盘
13:19:48	17.91	-0.01	45	80595	卖盘
13:19:45	17.92	--	100	179200	买盘
13:19:39	17.92	0.01	1	1792	买盘
13:19:36	17.91	--	19	34029	卖盘
13:19:33	17.91	--	59	105669	卖盘
13:19:24	17.91	--	5	8955	卖盘
13:19:21	17.91	-0.01	2	3582	卖盘
13:19:18	17.92	0.01	5	8960	买盘
13:19:15	17.91	--	3	5373	卖盘
13:19:09	17.91	--	6	10746	卖盘
13:19:06	17.91	--	8	14328	卖盘
13:18:48	17.91	--	99	177309	卖盘
13:18:36	17.91	--	9	16119	卖盘
13:18:30	17.91	-0.01	10	17910	卖盘
13:18:27	17.92	--	11	19712	买盘
13:18:21	17.92	0.01	2	3584	买盘
13:18:18	17.91	--	31	55521	卖盘
13:18:12	17.91	-0.01	6	10746	卖盘
13:18:09	17.92	--	5	8960	买盘
13:18:06	17.92	--	230	412160	卖盘
13:18:03	17.92	-0.01	426	763392	卖盘
13:18:00	17.93	--	5	8965	买盘
13:17:51	17.93	--	7	12551	买盘
13:17:48	17.93	--	10	17930	卖盘
13:17:45	17.93	0.01	14	25102	中性盘
13:17:36	17.92	-0.01	8	14336	卖盘
13:17:33	17.93	--	55	98615	买盘
13:17:27	17.93	--	19	34067	买盘
13:17:21	17.93	--	68	121924	买盘
13:17:06	17.93	-0.01	175	313775	卖盘
13:17:03	17.94	0.01	13	23322	买盘
13:17:00	17.93	--	10	17930	卖盘
13:16:51	17.93	0.01	76	136268	买盘
13:16:48	17.92	--	1	1792	卖盘
13:16:42	17.92	--	30	53760	卖盘
13:16:39	17.92	--	5	8960	卖盘
13:16:36	17.92	-0.01	9	16128	卖盘
13:16:33	17.93	0.01	91	163163	买盘
13:16:30	17.92	-0.01	9	16128	卖盘
13:16:27	17.93	0.01	4	7172	买盘
13:16:15	17.92	-0.01	10	17920	卖盘
13:16:12	17.93	0.01	6	10758	买盘
13:16:09	17.92	--	47	84224	卖盘
13:16:06	17.92	-0.01	8	14336	卖盘
13:16:03	17.93	0.01	15	26895	买盘
13:16:00	17.92	-0.01	23	41216	卖盘
13:15:57	17.93	--	41	73513	买盘
13:15:54	17.93	--	104	186472	买盘
13:15:51	17.93	-0.01	33	59169	中性盘
13:15:48	17.94	0.01	221	396474	买盘
13:15:45	17.93	--	10	17930	买盘
13:15:42	17.93	--	95	170335	卖盘
13:15:39	17.93	--	198	355014	卖盘
13:15:36	17.93	-0.01	9	16137	卖盘
13:15:30	17.94	--	17	30498	买盘
13:15:27	17.94	--	66	118404	买盘
13:15:24	17.94	--	107	191958	买盘
13:15:21	17.94	--	71	127374	卖盘
13:15:18	17.94	--	31	55614	卖盘
13:15:12	17.94	--	29	52026	卖盘
13:15:09	17.94	--	222	398268	卖盘
13:15:06	17.94	-0.01	170	304980	卖盘
13:15:03	17.95	0.01	40	71800	买盘
13:15:00	17.94	-0.01	25	44850	卖盘
13:14:57	17.95	0.01	28	50260	买盘
13:14:54	17.94	--	20	35880	卖盘
13:14:51	17.94	--	176	315744	买盘
13:14:48	17.94	0.01	160	287040	买盘
13:14:45	17.93	-0.01	66	118338	卖盘
13:14:42	17.94	--	10	17940	买盘
13:14:39	17.94	0.01	9	16146	买盘
13:14:36	17.93	--	43	77099	卖盘
13:14:33	17.93	-0.01	20	35860	卖盘
13:14:30	17.94	--	100	179400	买盘
13:14:27	17.94	0.01	31	55614	买盘
13:14:24	17.93	--	7	12551	卖盘
13:14:21	17.93	--	222	398046	买盘
13:14:18	17.93	0.02	90	161370	买盘
13:14:12	17.91	-0.01	8	14328	卖盘
13:14:09	17.92	0.01	175	313600	买盘
13:14:06	17.91	--	9	16119	卖盘
13:14:03	17.91	-0.01	8	14328	卖盘
13:14:00	17.92	--	129	231168	买盘
13:13:57	17.92	0.01	20	35840	买盘
13:13:54	17.91	-0.01	57	102087	卖盘
13:13:51	17.92	0.01	14	25088	买盘
13:13:45	17.91	--	100	179100	买盘
13:13:42	17.91	0.01	39	69849	买盘
13:13:39	17.9	0.01	14	25059	买盘
13:13:36	17.89	-0.01	23	41147	卖盘
13:13:33	17.9	--	100	179000	买盘
13:13:27	17.9	--	112	200479	买盘
13:13:24	17.9	0.01	73	130669	买盘
13:13:18	17.89	-0.01	88	157432	卖盘
13:13:15	17.9	--	57	102029	买盘
13:13:12	17.9	0.01	130	232699	买盘
13:13:09	17.89	0.01	21	37569	买盘
13:13:06	17.88	-0.01	20	35760	卖盘
13:13:03	17.89	--	40	71560	买盘
13:13:00	17.89	0.01	50	89450	买盘
13:12:57	17.88	-0.01	20	35760	卖盘
13:12:54	17.89	0.01	103	184267	买盘
13:12:48	17.88	--	23	41124	买盘
13:12:42	17.88	0.01	6	10728	买盘
13:12:36	17.87	--	9	16083	卖盘
13:12:30	17.87	--	20	35740	卖盘
13:12:27	17.87	--	10	17870	卖盘
13:12:24	17.87	-0.01	22	39314	卖盘
13:12:15	17.88	--	5	8940	买盘
13:12:12	17.88	0.01	20	35760	买盘
13:12:06	17.87	-0.01	8	14296	卖盘
13:12:03	17.88	--	5	8940	买盘
13:12:00	17.88	--	2	3576	买盘
13:11:51	17.88	0.01	1	1788	买盘
13:11:45	17.87	--	1	1787	卖盘
13:11:39	17.87	--	2	3574	买盘
13:11:36	17.87	-0.01	27	48249	卖盘
13:11:27	17.88	0.01	2	3576	买盘
13:11:15	17.87	-0.01	2	3574	卖盘
13:11:12	17.88	0.01	5	8940	买盘
13:11:09	17.87	0.01	3	5361	买盘
13:11:06	17.86	-0.01	9	16074	卖盘
13:10:54	17.87	0.01	2	3574	中性盘
13:10:42	17.86	-0.01	28	50008	卖盘
13:10:36	17.87	-0.01	8	14296	中性盘
13:10:18	17.88	0.02	12	21456	买盘
13:10:15	17.86	-0.02	10	17860	卖盘
13:09:48	17.88	--	5	8940	买盘
13:09:45	17.88	-0.01	5	8940	买盘
13:09:36	17.89	0.01	20	35780	买盘
13:09:33	17.88	--	1	1788	卖盘
13:09:27	17.88	0.01	161	287868	买盘
13:09:24	17.87	-0.01	20	35740	卖盘
13:09:15	17.88	0.01	1	1788	买盘
13:09:09	17.87	--	15	26805	卖盘
13:09:06	17.87	--	8	14296	卖盘
13:08:57	17.87	-0.01	133	237671	卖盘
13:08:51	17.88	0.01	5	8940	买盘
13:08:36	17.87	0.01	178	318086	买盘
13:08:27	17.86	--	10	17860	卖盘
13:08:06	17.86	0.01	102	182172	买盘
13:07:57	17.85	--	29	51765	卖盘
13:07:48	17.85	-0.01	4	7140	卖盘
13:07:33	17.86	--	2	3572	卖盘
13:07:24	17.86	--	23	41078	卖盘
13:07:18	17.86	--	2	3572	卖盘
13:07:06	17.86	--	9	16074	卖盘
13:07:03	17.86	-0.01	26	46436	卖盘
13:07:00	17.87	--	45	80415	买盘
13:06:54	17.87	0.01	2	3574	买盘
13:06:51	17.86	-0.01	17	30362	卖盘
13:06:39	17.87	0.01	1	1787	买盘
13:06:36	17.86	-0.01	10	17860	卖盘
13:06:06	17.87	-0.01	3	5361	卖盘
13:05:57	17.88	0.01	2	3576	买盘
13:05:54	17.87	0.01	6	10722	中性盘
13:05:42	17.86	-0.01	2	3572	买盘
13:05:36	17.87	0.02	13	23231	买盘
13:05:27	17.85	-0.02	34	60690	卖盘
13:05:21	17.87	--	31	55397	买盘
13:05:12	17.87	0.02	33	58971	买盘
13:05:06	17.85	--	59	105315	卖盘
13:04:51	17.85	--	15	26775	卖盘
13:04:48	17.85	-0.01	403	719355	卖盘
13:04:39	17.86	0.01	10	17860	买盘
13:04:36	17.85	--	8	14280	卖盘
13:04:33	17.85	--	27	48195	卖盘
13:04:27	17.85	-0.01	10	17850	卖盘
13:04:24	17.86	0.01	5	8930	买盘
13:04:15	17.85	--	23	41055	卖盘
13:04:09	17.85	--	23	41055	卖盘
13:04:06	17.85	-0.01	9	16065	卖盘
13:04:03	17.86	--	1	1786	买盘
13:04:00	17.86	0.01	15	26790	买盘
13:03:57	17.85	--	10	17850	卖盘
13:03:48	17.85	--	15	26775	卖盘
13:03:36	17.85	--	9	16065	卖盘
13:03:30	17.85	-0.01	22	39270	卖盘
13:03:24	17.86	--	4	7144	卖盘
13:03:21	17.86	--	28	50008	买盘
13:03:18	17.86	0.01	76	135736	买盘
13:03:09	17.85	-0.01	20	35700	卖盘
13:03:00	17.86	--	26	46436	卖盘
13:02:57	17.86	--	12	21432	卖盘
13:02:48	17.86	--	12	21432	卖盘
13:02:36	17.86	--	19	33934	卖盘
13:02:33	17.86	--	2	3572	卖盘
13:02:27	17.86	--	12	21432	卖盘
13:02:24	17.86	--	10	17860	卖盘
13:02:21	17.86	--	17	30362	卖盘
13:02:18	17.86	--	4	7144	卖盘
13:02:09	17.86	--	1	1786	卖盘
13:02:03	17.86	-0.02	65	116090	卖盘
13:01:54	17.88	0.01	5	8940	买盘
13:01:51	17.87	--	68	121516	卖盘
13:01:42	17.87	--	23	41101	卖盘
13:01:39	17.87	--	2	3574	卖盘
13:01:36	17.87	--	8	14296	卖盘
13:01:33	17.87	--	46	82202	卖盘
13:01:18	17.87	-0.01	1	1787	卖盘
13:01:03	17.88	--	9	16092	卖盘
13:00:45	17.88	--	23	41124	卖盘
13:00:33	17.88	--	15	26820	买盘
13:00:30	17.88	0.01	161	287868	买盘
13:00:24	17.87	-0.01	37	66119	卖盘
13:00:21	17.88	0.01	10	17880	买盘
13:00:15	17.87	--	2	3574	卖盘
13:00:06	17.87	--	417	745179	买盘
13:00:03	17.87	--	12	21444	卖盘
11:30:03	17.87	-0.01	9	16083	卖盘
11:29:48	17.88	--	3	5364	买盘
11:29:42	17.88	--	4	7152	买盘
11:29:36	17.88	0.01	1	1788	买盘
11:29:33	17.87	-0.01	9	16083	卖盘
11:29:30	17.88	0.01	27	48276	买盘
11:29:27	17.87	-0.01	3	5361	卖盘
11:29:24	17.88	--	50	89400	买盘
11:29:15	17.88	--	34	60792	卖盘
11:29:12	17.88	--	110	196680	卖盘
11:29:09	17.88	--	5	8940	卖盘
11:29:03	17.88	--	9	16092	卖盘
11:29:00	17.88	--	55	98340	卖盘
11:28:57	17.88	-0.01	5	8940	卖盘
11:28:51	17.89	0.02	5	8945	买盘
11:28:33	17.87	-0.02	8	14296	卖盘
11:28:30	17.89	0.01	220	393580	买盘
11:28:24	17.88	--	56	100128	买盘
11:28:15	17.88	0.02	316	565008	买盘
11:28:12	17.86	-0.01	6	11251	卖盘
11:28:09	17.87	0.01	4	7148	买盘
11:28:06	17.86	-0.01	10	17860	卖盘
11:28:03	17.87	--	60	107220	买盘
11:27:57	17.87	--	3	5361	买盘
11:27:54	17.87	--	1	1787	买盘
11:27:42	17.87	--	90	160830	买盘
11:27:36	17.87	0.01	13	23231	买盘
11:27:33	17.86	--	9	16074	卖盘
11:27:18	17.86	--	61	110196	买盘
11:27:15	17.86	--	11	19646	买盘
11:27:12	17.86	--	4	7144	买盘
11:27:09	17.86	--	10	17860	买盘
11:27:06	17.86	0.01	52	92872	买盘
11:27:03	17.85	-0.01	19	33915	中性盘
11:26:45	17.86	--	21	37506	买盘
11:26:36	17.86	0.01	13	23218	买盘
11:26:33	17.85	-0.01	7	12495	卖盘
11:26:27	17.86	0.02	100	178600	买盘
11:26:21	17.84	-0.02	10	17840	卖盘
11:26:09	17.86	0.01	20	35720	买盘
11:26:06	17.85	-0.01	8	14280	中性盘
11:25:45	17.86	0.03	244	435784	买盘
11:25:36	17.83	--	62	111116	卖盘
11:25:33	17.83	-0.01	32	57055	卖盘
11:25:27	17.84	--	13	23192	买盘
11:25:18	17.84	--	29	51736	买盘
11:25:12	17.84	--	38	67792	卖盘
11:25:03	17.84	-0.01	9	16056	卖盘
11:24:54	17.85	0.01	10	17850	买盘
11:24:39	17.84	--	89	158776	买盘
11:24:33	17.84	--	23	41032	买盘
11:24:30	17.84	--	3	5352	买盘
11:24:21	17.84	--	1	1784	买盘
11:24:18	17.84	-0.01	83	148072	卖盘
11:24:12	17.85	--	8	14280	买盘
11:24:09	17.85	0.01	165	294525	买盘
11:24:03	17.84	--	16	28544	卖盘
11:24:00	17.84	--	2	3568	卖盘
11:23:48	17.84	0.01	111	198024	买盘
11:23:39	17.83	--	3	5348	卖盘
11:23:33	17.83	--	10	17830	卖盘
11:23:27	17.83	--	29	52919	买盘
11:23:24	17.83	--	30	53489	买盘
11:23:21	17.83	--	52	92715	买盘
11:23:06	17.83	--	49	87937	卖盘
11:23:03	17.83	-0.01	9	16046	卖盘
11:22:54	17.84	--	10	17840	买盘
11:22:48	17.84	0.01	2	3568	买盘
11:22:39	17.83	-0.01	1	1782	卖盘
11:22:36	17.84	0.01	20	35680	买盘
11:22:33	17.83	--	9	16046	卖盘
11:22:27	17.83	--	5	8915	卖盘
11:22:21	17.83	--	1	1782	卖盘
11:22:18	17.83	--	61	109975	买盘
11:22:06	17.83	-0.01	2	3565	买盘
11:22:00	17.84	--	2	4138	卖盘
11:21:57	17.84	--	19	35109	买盘
11:21:48	17.84	0.01	182	324688	买盘
11:21:45	17.83	--	2	3565	卖盘
11:21:39	17.83	-0.01	16	28527	卖盘
11:21:36	17.84	0.01	6	10704	买盘
11:21:33	17.83	--	9	16046	卖盘
11:21:30	17.83	--	8	14263	卖盘
11:21:27	17.83	--	50	89149	卖盘
11:21:24	17.83	-0.01	82	146206	卖盘
11:21:15	17.84	0.01	3	5352	买盘
11:21:09	17.83	--	22	39225	买盘
11:21:06	17.83	0.02	21	37443	买盘
11:21:03	17.81	-0.03	116	206595	卖盘
11:20:57	17.84	0.01	19	33896	买盘
11:20:39	17.83	0.01	10	17830	买盘
11:20:33	17.82	-0.01	5	8910	卖盘
11:20:30	17.83	0.01	200	356599	买盘
11:20:21	17.82	--	20	35640	中性盘
11:20:06	17.82	--	2	3564	买盘
11:20:03	17.82	--	9	16038	卖盘
11:20:00	17.82	-0.01	14	24948	卖盘
11:19:54	17.83	0.01	30	53489	买盘
11:19:51	17.82	--	8	14256	卖盘
11:19:48	17.82	--	10	17820	卖盘
11:19:36	17.82	0.01	10	17820	中性盘
11:19:33	17.81	-0.01	9	16028	卖盘
11:19:30	17.82	-0.01	16	28512	买盘
11:19:24	17.83	0.01	52	92715	买盘
11:19:18	17.82	--	20	35640	买盘
11:19:06	17.82	-0.01	2	3564	中性盘
11:19:00	17.83	0.03	58	103413	中性盘
11:18:48	17.8	-0.04	17	30260	卖盘
11:18:42	17.84	0.04	180	321120	买盘
11:18:36	17.8	0.01	78	138840	买盘
11:18:33	17.79	-0.01	9	16011	卖盘
11:18:30	17.8	--	93	165540	买盘
11:18:24	17.8	0.01	8	14240	买盘
11:18:15	17.79	0.02	128	227712	买盘
11:18:12	17.77	-0.02	400	710800	卖盘
11:18:09	17.79	--	11	19569	买盘
11:18:06	17.79	--	7	12453	买盘
11:18:03	17.79	-0.01	40	71160	卖盘
11:18:00	17.8	0.01	28	49840	买盘
11:17:57	17.79	--	100	177900	卖盘
11:17:48	17.79	--	1	1779	卖盘
11:17:36	17.79	--	43	76497	卖盘
11:17:33	17.79	-0.01	10	17790	卖盘
11:17:24	17.8	-0.01	598	1064440	卖盘
11:17:21	17.81	--	43	76583	卖盘
11:17:15	17.81	--	6	10686	卖盘
11:17:12	17.81	--	161	286741	买盘
11:17:06	17.81	0.01	3	5343	买盘
11:17:03	17.8	-0.01	9	16020	卖盘
11:16:51	17.81	0.02	2	3561	买盘
11:16:48	17.79	-0.01	82	145878	卖盘
11:16:39	17.8	0.01	24	42720	买盘
11:16:33	17.79	-0.01	5	8895	卖盘
11:16:30	17.8	-0.01	1	1780	卖盘
11:16:27	17.81	0.01	5	8905	买盘
11:16:24	17.8	-0.01	68	121040	卖盘
11:16:15	17.81	--	3	5343	买盘
11:16:12	17.81	0.01	2	3561	中性盘
11:15:51	17.8	-0.03	15	26700	卖盘
11:15:48	17.83	0.01	7	12480	买盘
11:15:36	17.82	0.01	146	260172	买盘
11:15:33	17.81	-0.01	9	16028	卖盘
11:15:18	17.82	-0.01	23	40986	卖盘
11:15:09	17.83	-0.01	2	3565	中性盘
11:15:00	17.84	--	24	42816	买盘
11:14:48	17.84	0.02	10	17840	买盘
11:14:39	17.82	0.01	21	37422	买盘
11:14:33	17.81	--	8	14247	卖盘
11:14:18	17.81	--	20	35620	买盘
11:14:15	17.81	--	165	293865	买盘
11:14:06	17.81	0.01	3	5343	买盘
11:14:03	17.8	0.01	9	16020	中性盘
11:13:42	17.79	-0.01	21	37359	卖盘
11:13:39	17.8	0.01	39	69420	买盘
11:13:33	17.79	-0.01	54	96066	卖盘
11:13:27	17.8	--	10	17800	买盘
11:13:24	17.8	--	18	32040	买盘
11:13:15	17.8	--	15	26700	买盘
11:13:06	17.8	0.01	51	90780	买盘
11:13:03	17.79	-0.01	11	19569	卖盘
11:13:00	17.8	--	103	183340	买盘
11:12:54	17.8	0.01	30	53400	买盘
11:12:39	17.79	0.01	8	14232	买盘
11:12:33	17.78	--	9	16002	卖盘
11:12:27	17.78	--	100	177800	卖盘
11:12:24	17.78	--	77	136906	买盘
11:12:21	17.78	--	123	218694	卖盘
11:12:18	17.78	--	2	3556	卖盘
11:12:09	17.78	--	9	16002	买盘
11:12:06	17.78	--	8	14224	买盘
11:12:03	17.78	--	54	96012	买盘
11:12:00	17.78	--	30	53340	买盘
11:11:57	17.78	--	93	165354	卖盘
11:11:54	17.78	-0.02	10	17780	卖盘
11:11:48	17.8	0.01	10	17800	买盘
11:11:42	17.79	-0.01	13	23127	卖盘
11:11:36	17.8	--	20	35600	买盘
11:11:33	17.8	--	15	26700	买盘
11:11:30	17.8	0.01	100	178000	买盘
11:11:27	17.79	-0.01	10	17790	卖盘
11:11:21	17.8	--	2	3560	买盘
11:11:18	17.8	--	70	124600	买盘
11:11:12	17.8	0.02	20	35600	买盘
11:11:03	17.78	-0.01	10	17780	卖盘
11:11:00	17.79	--	6	10674	卖盘
11:10:57	17.79	0.01	10	17790	中性盘
11:10:45	17.78	--	2	3556	卖盘
11:10:42	17.78	-0.01	55	97790	卖盘
11:10:39	17.79	--	1	1779	卖盘
11:10:36	17.79	0.01	36	64044	买盘
11:10:33	17.78	--	14	24892	卖盘
11:10:27	17.78	-0.01	10	17780	卖盘
11:10:24	17.79	--	27	48033	卖盘
11:10:21	17.79	0.01	73	129867	买盘
11:10:09	17.78	--	11	19558	卖盘
11:10:03	17.78	--	17	30226	买盘
11:10:00	17.78	-0.01	2	3556	中性盘
11:09:54	17.79	0.02	2	3558	买盘
11:09:51	17.77	-0.02	50	88850	卖盘
11:09:48	17.79	--	46	81834	买盘
11:09:45	17.79	0.02	27	48033	买盘
11:09:42	17.77	-0.02	303	538431	卖盘
11:09:39	17.79	--	52	92508	买盘
11:09:33	17.79	--	19	33801	卖盘
11:09:15	17.79	--	17	30243	卖盘
11:09:03	17.79	0.01	11	19569	买盘
11:08:57	17.78	--	4	7112	卖盘
11:08:54	17.78	-0.01	8	14224	中性盘
11:08:45	17.79	0.02	23	40917	买盘
11:08:39	17.77	0.01	9	15993	买盘
11:08:36	17.76	--	100	177600	卖盘
11:08:27	17.76	--	10	17760	卖盘
11:08:24	17.76	-0.02	50	88800	卖盘
11:08:21	17.78	0.02	50	88900	买盘
11:08:18	17.76	--	145	257520	卖盘
11:08:15	17.76	-0.01	350	621600	卖盘
11:08:12	17.77	0.01	38	67526	买盘
11:08:09	17.76	--	55	97680	卖盘
11:08:03	17.76	--	15	26640	卖盘
11:07:57	17.76	--	20	35520	卖盘
11:07:54	17.76	0.01	7	12432	买盘
11:07:51	17.75	--	110	195250	卖盘
11:07:48	17.75	-0.01	44	78100	卖盘
11:07:45	17.76	0.01	275	488400	买盘
11:07:42	17.75	-0.01	5	8875	卖盘
11:07:39	17.76	0.01	79	140304	买盘
11:07:36	17.75	-0.01	107	189925	卖盘
11:07:33	17.76	--	3	5328	买盘
11:07:27	17.76	--	89	159324	卖盘
11:07:24	17.76	--	5	8880	卖盘
11:07:21	17.76	-0.01	479	851219	卖盘
11:07:18	17.77	--	22	39094	买盘
11:07:15	17.77	--	48	86557	卖盘
11:07:09	17.77	--	50	88850	卖盘
11:07:06	17.77	--	76	135052	卖盘
11:07:03	17.77	-0.01	40	71080	卖盘
11:06:54	17.78	0.01	6	10668	买盘
11:06:51	17.77	--	200	355400	卖盘
11:06:48	17.77	-0.02	346	614842	卖盘
11:06:45	17.79	--	63	112077	买盘
11:06:42	17.79	--	53	94287	买盘
11:06:39	17.79	--	10	17790	卖盘
11:06:36	17.79	--	177	314883	卖盘
11:06:33	17.79	--	9	16011	卖盘
11:06:30	17.79	-0.01	23	40917	卖盘
11:06:24	17.8	0.01	22	39160	买盘
11:06:03	17.79	-0.01	9	16011	卖盘
11:05:57	17.8	--	131	233180	买盘
11:05:54	17.8	--	24	42720	买盘
11:05:51	17.8	0.01	5	8900	买盘
11:05:48	17.79	--	23	40917	卖盘
11:05:45	17.79	-0.01	48	85392	卖盘
11:05:42	17.8	--	1	1780	买盘
11:05:39	17.8	0.01	2	3560	买盘
11:05:33	17.79	--	19	33801	卖盘
11:05:30	17.79	-0.01	17	30243	卖盘
11:05:27	17.8	--	74	131720	买盘
11:05:21	17.8	--	1	1780	买盘
11:05:12	17.8	0.01	16	28480	买盘
11:05:03	17.79	--	9	16011	卖盘
11:04:57	17.79	-0.01	10	17790	卖盘
11:04:48	17.8	-0.01	158	281240	卖盘
11:04:42	17.81	--	6	10686	买盘
11:04:36	17.81	0.01	50	89050	买盘
11:04:33	17.8	-0.01	9	16020	卖盘
11:04:21	17.81	-0.01	23	40963	卖盘
11:04:15	17.82	0.02	2	3564	买盘
11:04:12	17.8	--	2	3560	卖盘
11:04:03	17.8	-0.02	19	33820	卖盘
11:03:57	17.82	0.03	112	199584	买盘
11:03:54	17.79	-0.02	140	249060	卖盘
11:03:51	17.81	0.01	50	89050	买盘
11:03:45	17.8	--	7	12460	买盘
11:03:42	17.8	-0.01	153	272340	卖盘
11:03:36	17.81	--	40	71240	买盘
11:03:33	17.81	-0.01	15	26714	卖盘
11:03:30	17.82	--	29	51678	买盘
11:03:27	17.82	0.02	25	44550	买盘
11:03:24	17.8	-0.01	150	267000	卖盘
11:03:12	17.81	--	1	1780	卖盘
11:03:09	17.81	-0.01	10	17810	卖盘
11:03:03	17.82	--	11	19602	买盘
11:02:57	17.82	0.01	47	83754	买盘
11:02:54	17.81	-0.01	20	35620	卖盘
11:02:51	17.82	0.01	3	5346	买盘
11:02:33	17.81	--	50	89050	买盘
11:02:30	17.81	0.01	10	17810	买盘
11:02:27	17.8	--	35	62300	卖盘
11:02:18	17.8	-0.01	2	3560	卖盘
11:02:15	17.81	--	30	53429	买盘
11:02:12	17.81	--	142	252901	买盘
11:02:09	17.81	0.01	14	24934	买盘
11:02:03	17.8	--	9	16020	卖盘
11:01:54	17.8	-0.01	192	341760	卖盘
11:01:51	17.81	--	3	5343	卖盘
11:01:45	17.81	-0.01	2	3561	卖盘
11:01:36	17.82	--	11	19602	买盘
11:01:33	17.82	--	30	53460	卖盘
11:01:27	17.82	-0.01	1	1782	卖盘
11:01:15	17.83	0.02	3	5348	买盘
11:01:06	17.81	-0.01	50	89050	卖盘
11:01:03	17.82	--	19	33858	卖盘
11:01:00	17.82	--	30	53460	卖盘
11:00:54	17.82	--	18	32076	买盘
11:00:51	17.82	--	59	105138	买盘
11:00:48	17.82	--	20	35640	买盘
11:00:42	17.82	--	20	35640	买盘
11:00:39	17.82	--	105	187110	买盘
11:00:33	17.82	--	79	140778	卖盘
11:00:24	17.82	--	27	48114	卖盘
11:00:09	17.82	-0.01	100	178200	卖盘
11:00:03	17.83	--	10	17830	买盘
11:00:00	17.83	0.01	10	17830	买盘
10:59:57	17.82	-0.01	10	17820	卖盘
10:59:54	17.83	0.01	215	383344	买盘
10:59:51	17.82	--	2	3564	卖盘
10:59:48	17.82	--	110	196020	卖盘
10:59:36	17.82	--	12	21384	卖盘
10:59:33	17.82	-0.01	9	16038	卖盘
10:59:30	17.83	--	9	16046	买盘
10:59:21	17.83	--	520	927159	买盘
10:59:18	17.83	--	2	3565	买盘
10:59:06	17.83	0.01	51	90932	买盘
10:59:03	17.82	--	9	16038	卖盘
10:59:00	17.82	--	1	1782	卖盘
10:58:36	17.82	--	2	3564	卖盘
10:58:33	17.82	-0.02	4	7128	卖盘
10:58:27	17.84	0.02	2	3568	买盘
10:58:21	17.82	-0.02	16	28512	卖盘
10:58:18	17.84	0.02	2	3568	买盘
10:58:15	17.82	-0.01	34	60588	卖盘
10:58:03	17.83	0.01	54	96281	买盘
10:57:57	17.82	-0.01	62	110484	卖盘
10:57:54	17.83	0.01	2	3565	买盘
10:57:51	17.82	-0.01	10	17820	卖盘
10:57:48	17.83	-0.01	34	60621	卖盘
10:57:45	17.84	0.01	102	181968	买盘
10:57:42	17.83	--	69	123026	卖盘
10:57:36	17.83	--	20	35660	卖盘
10:57:33	17.83	-0.01	9	16046	卖盘
10:57:27	17.84	--	20	35680	买盘
10:57:18	17.84	0.01	7	12488	买盘
10:57:12	17.83	-0.01	9	16046	卖盘
10:57:09	17.84	0.01	22	39248	买盘
10:57:06	17.83	--	10	17830	卖盘
10:57:03	17.83	-0.01	9	16046	卖盘
10:56:51	17.84	-0.01	54	96906	卖盘
10:56:48	17.85	0.01	23	41055	买盘
10:56:45	17.84	--	6	10704	卖盘
10:56:42	17.84	--	6	10704	卖盘
10:56:33	17.84	-0.01	9	16056	卖盘
10:56:21	17.85	--	206	367710	卖盘
10:56:18	17.85	--	9	16065	卖盘
10:56:15	17.85	--	1	1785	卖盘
10:56:12	17.85	--	8	14280	卖盘
10:56:09	17.85	--	29	51765	卖盘
10:56:06	17.85	--	21	37485	卖盘
10:56:03	17.85	-0.01	12	21420	卖盘
10:55:57	17.86	0.01	1	1786	买盘
10:55:54	17.85	-0.01	9	16065	卖盘
10:55:51	17.86	--	3	5358	买盘
10:55:42	17.86	--	0	1750	卖盘
10:55:39	17.86	--	10	17860	卖盘
10:55:36	17.86	--	3	5393	卖盘
10:55:33	17.86	--	56	100016	卖盘
10:55:27	17.86	-0.01	25	44650	卖盘
10:55:21	17.87	0.01	11	19657	买盘
10:55:12	17.86	--	5	8930	卖盘
10:55:09	17.86	--	20	35720	卖盘
10:55:03	17.86	-0.01	14	25004	卖盘
10:54:57	17.87	--	1	1787	买盘
10:54:48	17.87	0.01	28	50036	中性盘
10:54:45	17.86	--	2	3572	卖盘
10:54:36	17.86	--	5	8930	卖盘
10:54:33	17.86	-0.01	32	57152	卖盘
10:54:30	17.87	--	8	14296	买盘
10:54:27	17.87	--	37	66119	买盘
10:54:18	17.87	--	3	5361	卖盘
10:54:12	17.87	-0.01	12	21444	卖盘
10:54:06	17.88	0.01	20	35760	买盘
10:54:03	17.87	--	109	194783	卖盘
10:54:00	17.87	-0.01	109	194783	卖盘
10:53:45	17.88	0.01	75	134100	买盘
10:53:33	17.87	--	41	73267	买盘
10:53:30	17.87	0.01	14	25018	买盘
10:53:27	17.86	-0.01	1	1786	卖盘
10:53:15	17.87	--	56	100072	买盘
10:53:12	17.87	-0.01	7	12509	卖盘
10:53:09	17.88	0.01	53	94764	买盘
10:53:03	17.87	--	14	25018	卖盘
10:52:57	17.87	-0.01	1	1787	卖盘
10:52:54	17.88	--	47	84036	买盘
10:52:42	17.88	0.01	30	53640	中性盘
10:52:33	17.87	-0.02	78	139386	卖盘
10:52:30	17.89	0.01	30	53670	买盘
10:52:18	17.88	0.01	3	5364	买盘
10:52:15	17.87	-0.01	2	3574	卖盘
10:52:12	17.88	0.01	1	1788	买盘
10:52:09	17.87	-0.01	10	17870	卖盘
10:52:03	17.88	0.01	5	8940	中性盘
10:51:57	17.87	-0.02	2	3574	卖盘
10:51:42	17.89	0.01	90	161010	买盘
10:51:39	17.88	--	10	17880	买盘
10:51:36	17.88	0.01	50	89400	买盘
10:51:33	17.87	-0.01	9	16083	卖盘
10:51:27	17.88	0.01	10	17880	买盘
10:51:24	17.87	--	5	8935	买盘
10:51:06	17.87	0.02	3	5361	中性盘
10:50:48	17.85	-0.02	2	3570	卖盘
10:50:42	17.87	0.01	32	57184	买盘
10:50:33	17.86	0.01	33	58938	买盘
10:50:24	17.85	--	44	78540	买盘
10:50:18	17.85	--	8	14280	买盘
10:50:09	17.85	0.01	1	1785	买盘
10:50:03	17.84	--	2	3568	卖盘
10:49:45	17.84	--	29	52949	买盘
10:49:42	17.84	--	51	90984	买盘
10:49:39	17.84	--	28	49952	买盘
10:49:27	17.84	-0.02	391	698114	卖盘
10:49:21	17.86	--	1	1786	卖盘
10:49:12	17.86	--	1	3000	买盘
10:49:09	17.86	--	3	5358	买盘
10:49:06	17.86	--	25	45221	卖盘
10:49:03	17.86	--	9	16074	卖盘
10:48:57	17.86	0.02	5	10144	买盘
10:48:48	17.84	-0.02	1	1784	卖盘
10:48:42	17.86	0.02	40	71440	买盘
10:48:36	17.84	--	20	35680	卖盘
10:48:33	17.84	-0.02	8	14272	卖盘
10:48:30	17.86	0.02	46	82156	买盘
10:48:27	17.84	--	144	256896	买盘
10:48:21	17.84	--	80	142720	买盘
10:48:12	17.84	0.01	2	3568	买盘
10:48:03	17.83	--	16	28527	买盘
10:48:00	17.83	--	43	76668	买盘
10:47:57	17.83	0.01	63	112328	买盘
10:47:51	17.82	-0.02	10	17820	卖盘
10:47:45	17.84	--	10	17840	买盘
10:47:42	17.84	0.01	33	58872	买盘
10:47:33	17.83	0.01	5	8915	中性盘
10:47:27	17.82	-0.02	140	249480	卖盘
10:47:21	17.84	--	10	17840	买盘
10:47:15	17.84	--	152	271168	买盘
10:47:12	17.84	-0.01	73	130232	卖盘
10:47:03	17.85	-0.01	9	16065	中性盘
10:47:00	17.86	--	2	3572	买盘
10:46:42	17.86	0.01	208	371488	买盘
10:46:33	17.85	--	10	17850	卖盘
10:46:24	17.85	--	6	10710	买盘
10:46:12	17.85	0.01	3	5355	中性盘
10:45:54	17.84	-0.02	2	3568	卖盘
10:45:42	17.86	--	39	70225	卖盘
10:45:33	17.86	--	14	25004	卖盘
10:45:30	17.86	0.04	673	1203192	买盘
10:45:18	17.82	--	60	106920	买盘
10:45:15	17.82	0.01	42	74844	中性盘
10:45:09	17.81	-0.04	200	356200	卖盘
10:45:00	17.85	0.04	1	1785	买盘
10:44:51	17.81	--	12	21372	卖盘
10:44:48	17.81	--	18	32057	卖盘
10:44:45	17.81	-0.05	1	1780	卖盘
10:44:42	17.86	0.06	36	64296	中性盘
10:44:21	17.8	-0.06	504	897120	卖盘
10:44:12	17.86	-0.01	55	98230	卖盘
10:44:09	17.87	--	5	8935	买盘
10:44:06	17.87	--	6	10722	买盘
10:44:00	17.87	-0.01	103	184061	卖盘
10:43:57	17.88	--	10	17880	买盘
10:43:51	17.88	--	2	3576	买盘
10:43:48	17.88	--	3	5364	买盘
10:43:42	17.88	--	34	60792	买盘
10:43:39	17.88	--	2	3576	买盘
10:43:36	17.88	--	85	151980	卖盘
10:43:33	17.88	-0.01	9	16092	卖盘
10:43:30	17.89	--	25	44725	买盘
10:43:27	17.89	--	30	53670	买盘
10:43:24	17.89	0.01	200	357800	买盘
10:43:21	17.88	-0.01	7	12516	卖盘
10:43:12	17.89	--	170	304130	买盘
10:43:09	17.89	0.01	8	14312	买盘
10:43:06	17.88	-0.01	7	12516	卖盘
10:43:00	17.89	--	2	3578	买盘
10:42:57	17.89	--	322	577292	卖盘
10:42:54	17.89	-0.01	73	130597	卖盘
10:42:51	17.9	--	114	204059	买盘
10:42:48	17.9	0.01	3	5370	买盘
10:42:42	17.89	--	12	21468	卖盘
10:42:30	17.89	--	273	488397	卖盘
10:42:27	17.89	--	31	56013	买盘
10:42:24	17.89	0.01	131	234359	买盘
10:42:21	17.88	-0.01	30	53640	卖盘
10:42:15	17.89	0.01	48	85872	买盘
10:42:12	17.88	-0.01	46	82248	卖盘
10:42:06	17.89	--	2	3578	买盘
10:42:03	17.89	--	22	40592	卖盘
10:42:00	17.89	-0.01	9	16101	卖盘
10:41:51	17.9	0.01	15	26849	买盘
10:41:48	17.89	--	2	3578	卖盘
10:41:39	17.89	--	210	376244	卖盘
10:41:36	17.89	--	30	53670	卖盘
10:41:33	17.89	--	43	76927	卖盘
10:41:30	17.89	0.01	11	19679	买盘
10:41:21	17.88	--	6	10763	卖盘
10:41:15	17.88	--	7	12516	买盘
10:41:09	17.88	--	11	19668	买盘
10:41:03	17.88	0.01	78	139464	买盘
10:41:00	17.87	-0.03	360	643320	卖盘
10:40:57	17.9	--	4	7159	买盘
10:40:54	17.9	--	30	53699	买盘
10:40:51	17.9	0.02	21	37590	买盘
10:40:45	17.88	-0.01	700	1251600	卖盘
10:40:39	17.89	0.01	163	291607	买盘
10:40:36	17.88	--	25	44700	卖盘
10:40:33	17.88	--	2	3576	卖盘
10:40:30	17.88	-0.01	9	16092	卖盘
10:40:27	17.89	0.02	12	21468	买盘
10:40:15	17.87	0.01	317	566479	买盘
10:40:12	17.86	-0.01	102	182172	卖盘
10:40:09	17.87	--	23	41101	买盘
10:40:03	17.87	0.01	23	41101	买盘
10:40:00	17.86	-0.01	10	17860	卖盘
10:39:57	17.87	--	37	66119	买盘
10:39:54	17.87	--	87	155469	买盘
10:39:51	17.87	-0.02	462	825594	卖盘
10:39:48	17.89	0.01	300	536700	买盘
10:39:45	17.88	--	2	3576	卖盘
10:39:33	17.88	0.01	37	66156	买盘
10:39:30	17.87	--	78	139386	卖盘
10:39:21	17.87	-0.01	40	71480	卖盘
10:39:15	17.88	--	53	94764	买盘
10:39:12	17.88	--	40	71520	买盘
10:39:09	17.88	--	5	8940	买盘
10:39:03	17.88	0.01	3	5364	买盘
10:39:00	17.87	--	9	16083	卖盘
10:38:54	17.87	--	20	35740	卖盘
10:38:51	17.87	--	1	1787	卖盘
10:38:48	17.87	-0.01	3	5361	卖盘
10:38:33	17.88	0.01	18	32184	买盘
10:38:30	17.87	-0.01	9	16083	卖盘
10:38:24	17.88	0.01	2	3576	买盘
10:38:18	17.87	-0.01	8	14296	卖盘
10:38:12	17.88	--	222	396936	卖盘
10:38:09	17.88	--	40	71520	卖盘
10:38:03	17.88	--	23	41124	卖盘
10:38:00	17.88	-0.01	9	16092	卖盘
10:37:57	17.89	0.01	61	109129	买盘
10:37:54	17.88	--	88	157344	卖盘
10:37:51	17.88	-0.01	3	5364	卖盘
10:37:39	17.89	0.01	5	8945	买盘
10:37:36	17.88	-0.01	31	55428	卖盘
10:37:33	17.89	--	31	55459	卖盘
10:37:30	17.89	--	9	16101	卖盘
10:37:27	17.89	--	15	26835	卖盘
10:37:21	17.89	-0.01	46	82294	卖盘
10:37:18	17.9	--	11	19690	买盘
10:37:12	17.9	0.01	10	17900	买盘
10:37:09	17.89	-0.01	10	17890	卖盘
10:37:03	17.9	--	91	162890	买盘
10:37:00	17.9	--	10	17900	买盘
10:36:57	17.9	-0.01	10	18472	卖盘
10:36:54	17.91	-0.02	1	1791	中性盘
10:36:48	17.93	0.03	46	82478	买盘
10:36:42	17.9	-0.03	157	281030	卖盘
10:36:39	17.93	0.01	55	98615	中性盘
10:36:36	17.92	--	74	133826	买盘
10:36:33	17.92	--	281	504125	卖盘
10:36:30	17.92	--	36	64512	卖盘
10:36:27	17.92	0.01	100	179200	卖盘
10:36:24	17.91	-0.01	210	376110	卖盘
10:36:21	17.92	0.01	249	446208	买盘
10:36:18	17.91	-0.01	40	71640	卖盘
10:36:15	17.92	--	48	86016	买盘
10:36:12	17.92	--	457	818944	买盘
10:36:09	17.92	0.01	17	30464	买盘
10:36:06	17.91	-0.01	53	94923	卖盘
10:36:03	17.92	0.01	62	111104	买盘
10:36:00	17.91	-0.01	65	116415	卖盘
10:35:57	17.92	0.01	166	297472	买盘
10:35:54	17.91	-0.01	65	116415	卖盘
10:35:51	17.92	0.01	1	1792	买盘
10:35:48	17.91	--	30	53730	卖盘
10:35:45	17.91	--	27	48357	卖盘
10:35:42	17.91	--	5	8955	卖盘
10:35:36	17.91	--	233	417303	卖盘
10:35:33	17.91	0.01	1380	2472797	买盘
10:35:30	17.9	--	26	46539	买盘
10:35:27	17.9	--	169	302510	买盘
10:35:24	17.9	0.02	142	254179	买盘
10:35:21	17.88	-0.02	4	7152	卖盘
10:35:18	17.9	--	2	3579	买盘
10:35:15	17.9	-0.01	73	130669	买盘
10:35:12	17.91	--	282	505062	卖盘
10:35:09	17.91	--	1021	1828611	卖盘
10:35:06	17.91	0.01	25	44775	中性盘
10:35:00	17.9	--	49	87710	卖盘
10:34:57	17.9	-0.01	3	5370	卖盘
10:34:54	17.91	--	160	286560	买盘
10:34:51	17.91	--	2	3582	买盘
10:34:48	17.91	0.01	3	5373	买盘
10:34:45	17.9	--	12	21480	卖盘
10:34:42	17.9	--	50	89500	卖盘
10:34:39	17.9	--	9	16109	卖盘
10:34:36	17.9	--	52	93079	卖盘
10:34:30	17.9	0.01	341	610390	买盘
10:34:27	17.89	--	16	28624	卖盘
10:34:24	17.89	0.01	154	275506	买盘
10:34:21	17.88	--	46	82248	卖盘
10:34:12	17.88	--	111	198468	买盘
10:34:09	17.88	-0.01	6	10728	中性盘
10:34:03	17.89	0.02	11	19679	买盘
10:34:00	17.87	-0.01	14	25018	卖盘
10:33:51	17.88	0.01	97	173436	买盘
10:33:45	17.87	--	15	26805	卖盘
10:33:42	17.87	0.01	150	268050	买盘
10:33:33	17.86	--	260	464360	卖盘
10:33:30	17.86	0.01	107	191102	买盘
10:33:27	17.85	--	8	14280	卖盘
10:33:24	17.85	--	9	16065	买盘
10:33:18	17.85	--	22	39270	买盘
10:33:06	17.85	--	2	3570	买盘
10:33:03	17.85	0.01	10	17850	买盘
10:33:00	17.84	--	9	16056	卖盘
10:32:57	17.84	--	3	5352	卖盘
10:32:51	17.84	--	10	17840	卖盘
10:32:48	17.84	0.01	370	660080	买盘
10:32:39	17.83	--	6	10697	卖盘
10:32:36	17.83	--	137	244270	卖盘
10:32:30	17.83	--	16	28527	买盘
10:32:27	17.83	--	58	103413	买盘
10:32:21	17.83	--	13	23178	买盘
10:32:12	17.83	--	10	17830	买盘
10:32:06	17.83	0.01	7	12480	买盘
10:32:00	17.82	-0.01	9	16038	卖盘
10:31:57	17.83	0.01	23	41008	买盘
10:31:54	17.82	-0.01	41	73062	卖盘
10:31:48	17.83	0.01	37	65971	买盘
10:31:39	17.82	--	4	7128	卖盘
10:31:36	17.82	--	10	17820	卖盘
10:31:30	17.82	--	9	16038	卖盘
10:31:24	17.82	--	15	26730	卖盘
10:31:21	17.82	-0.01	10	17820	卖盘
10:31:15	17.83	--	4	7131	买盘
10:31:12	17.83	0.01	15	26744	买盘
10:31:06	17.82	--	3	5346	卖盘
10:31:00	17.82	-0.01	9	16038	卖盘
10:30:57	17.83	0.01	118	210393	买盘
10:30:54	17.82	--	20	35640	卖盘
10:30:45	17.82	--	15	26730	卖盘
10:30:39	17.82	--	2	3564	卖盘
10:30:30	17.82	--	29	51678	卖盘
10:30:24	17.82	0.02	169	301158	买盘
10:30:21	17.8	--	9	16020	卖盘
10:30:18	17.8	-0.01	30	53400	卖盘
10:30:09	17.81	--	35	62334	买盘
10:30:00	17.81	-0.01	12	21372	中性盘
10:29:57	17.82	--	46	81972	买盘
10:29:48	17.82	0.02	48	85536	买盘
10:29:39	17.8	-0.02	46	81880	卖盘
10:29:36	17.82	--	4	7128	买盘
10:29:30	17.82	--	90	160380	卖盘
10:29:27	17.82	0.01	10	17820	中性盘
10:29:24	17.81	--	12	21372	卖盘
10:29:18	17.81	-0.01	23	40963	卖盘
10:29:15	17.82	--	7	12474	买盘
10:29:12	17.82	0.01	3	5346	买盘
10:29:06	17.81	-0.02	23	40963	卖盘
10:29:03	17.83	0.02	2	3565	买盘
10:29:00	17.81	-0.01	32	56991	卖盘
10:28:57	17.82	--	27	48114	买盘
10:28:54	17.82	0.01	82	146124	买盘
10:28:48	17.81	-0.01	23	40963	卖盘
10:28:45	17.82	0.01	5	8910	买盘
10:28:39	17.81	--	1	1780	卖盘
10:28:30	17.81	--	9	16028	卖盘
10:28:27	17.81	0.01	3	5343	中性盘
10:28:06	17.8	-0.02	211	375580	卖盘
10:28:00	17.82	-0.01	9	16038	卖盘
10:27:48	17.83	--	2	3565	买盘
10:27:45	17.83	0.01	8	14263	买盘
10:27:39	17.82	-0.01	64	114048	卖盘
10:27:36	17.83	--	13	23178	卖盘
10:27:33	17.83	--	142	253185	卖盘
10:27:30	17.83	-0.01	9	16046	卖盘
10:27:12	17.84	--	42	74928	卖盘
10:27:09	17.84	--	32	57088	卖盘
10:27:03	17.84	--	6	10704	卖盘
10:27:00	17.84	--	19	33896	卖盘
10:26:54	17.84	-0.01	26	46384	卖盘
10:26:51	17.85	--	6	10710	买盘
10:26:39	17.85	--	1	1785	买盘
10:26:33	17.85	--	217	387345	卖盘
10:26:30	17.85	--	34	60690	卖盘
10:26:27	17.85	-0.01	60	107100	卖盘
10:26:21	17.86	0.01	11	19646	买盘
10:26:18	17.85	-0.01	10	17850	卖盘
10:26:12	17.86	--	6	10716	买盘
10:26:03	17.86	0.01	30	53580	买盘
10:26:00	17.85	-0.01	89	158865	卖盘
10:25:57	17.86	--	2	3572	买盘
10:25:48	17.86	0.01	1	1786	买盘
10:25:45	17.85	--	6	10710	卖盘
10:25:39	17.85	--	32	57120	卖盘
10:25:33	17.85	--	2	3570	卖盘
10:25:30	17.85	--	8	14280	卖盘
10:25:27	17.85	--	6	10710	卖盘
10:25:21	17.85	--	32	57120	卖盘
10:25:12	17.85	--	17	30345	卖盘
10:25:00	17.85	-0.01	9	16065	卖盘
10:24:54	17.86	-0.01	5	8930	卖盘
10:24:51	17.87	0.02	2	3574	买盘
10:24:48	17.85	--	70	124950	卖盘
10:24:45	17.85	-0.01	200	357000	卖盘
10:24:42	17.86	--	5	8930	卖盘
10:24:36	17.86	--	26	46436	卖盘
10:24:33	17.86	--	2	3572	卖盘
10:24:30	17.86	--	59	105374	卖盘
10:24:27	17.86	--	93	166098	卖盘
10:24:24	17.86	--	54	96444	卖盘
10:24:21	17.86	-0.01	21	37506	卖盘
10:24:09	17.87	--	50	89350	买盘
10:24:00	17.87	--	81	144747	卖盘
10:23:57	17.87	-0.01	81	144747	卖盘
10:23:54	17.88	0.01	53	94764	买盘
10:23:48	17.87	0.01	244	436028	买盘
10:23:45	17.86	--	113	201818	买盘
10:23:42	17.86	-0.01	342	610812	卖盘
10:23:39	17.87	0.01	5	8935	买盘
10:23:36	17.86	-0.01	3	5358	卖盘
10:23:33	17.87	0.01	2	3574	买盘
10:23:30	17.86	--	15	26790	卖盘
10:23:27	17.86	--	25	44650	卖盘
10:23:21	17.86	--	222	396492	买盘
10:23:18	17.86	0.01	4	7144	买盘
10:23:09	17.85	--	2	3570	卖盘
10:23:03	17.85	--	21	37485	卖盘
10:23:00	17.85	--	8	14280	卖盘
10:22:57	17.85	--	4	7140	买盘
10:22:42	17.85	0.01	125	223125	买盘
10:22:36	17.84	--	17	30328	买盘
10:22:33	17.84	--	26	46384	卖盘
10:22:30	17.84	--	16	28544	卖盘
10:22:27	17.84	--	32	57088	卖盘
10:22:24	17.84	--	210	374640	卖盘
10:22:18	17.84	--	2	3568	卖盘
10:22:15	17.84	0.01	66	117744	买盘
10:22:09	17.83	0.01	54	96281	买盘
10:22:00	17.82	-0.01	9	16038	卖盘
10:21:57	17.83	0.01	2	3565	买盘
10:21:54	17.82	--	23	40986	卖盘
10:21:51	17.82	--	1	1782	卖盘
10:21:39	17.82	-0.01	18	32076	中性盘
10:21:33	17.83	0.01	67	119460	买盘
10:21:30	17.82	--	7	12474	卖盘
10:21:27	17.82	--	6	10692	卖盘
10:21:24	17.82	0.01	78	138996	买盘
10:21:18	17.81	-0.01	4	7123	卖盘
10:21:15	17.82	--	35	62370	买盘
10:21:12	17.82	--	10	17820	买盘
10:21:09	17.82	0.01	15	26730	买盘
10:21:06	17.81	-0.01	12	21372	卖盘
10:21:03	17.82	--	5	8910	买盘
10:21:00	17.82	--	21	37422	买盘
10:20:54	17.82	--	3	5346	买盘
10:20:48	17.82	0.02	19	33858	买盘
10:20:42	17.8	-0.02	15	26700	卖盘
10:20:39	17.82	0.01	53	94446	买盘
10:20:36	17.81	0.01	12	21372	买盘
10:20:30	17.8	-0.01	27	48060	卖盘
10:20:27	17.81	0.01	10	17810	买盘
10:20:24	17.8	--	6	10680	卖盘
10:20:09	17.8	--	6	10680	卖盘
10:20:06	17.8	--	18	32040	中性盘
10:20:03	17.8	--	46	81880	买盘
10:20:00	17.8	--	34	60520	买盘
10:19:57	17.8	--	10	17800	买盘
10:19:54	17.8	0.01	101	179780	买盘
10:19:51	17.79	-0.01	10	17790	卖盘
10:19:48	17.8	--	107	190460	买盘
10:19:45	17.8	--	60	106800	买盘
10:19:42	17.8	--	11	19580	买盘
10:19:39	17.8	0.01	60	106800	买盘
10:19:36	17.79	-0.01	9	16011	卖盘
10:19:33	17.8	0.01	71	126380	买盘
10:19:30	17.79	-0.01	2	3558	卖盘
10:19:21	17.8	0.01	5	8900	买盘
10:19:18	17.79	--	59	104961	卖盘
10:19:15	17.79	--	31	55149	卖盘
10:19:12	17.79	--	40	71160	卖盘
10:19:09	17.79	--	140	249060	卖盘
10:19:06	17.79	-0.01	45	80055	卖盘
10:19:03	17.8	--	7	12460	买盘
10:19:00	17.8	--	2	3560	买盘
10:18:57	17.8	0.01	2	3560	买盘
10:18:48	17.79	0.01	19	33801	买盘
10:18:45	17.78	-0.01	56	99568	卖盘
10:18:42	17.79	--	31	55149	卖盘
10:18:39	17.79	--	1	1779	卖盘
10:18:36	17.79	-0.01	9	16011	卖盘
10:18:33	17.8	--	13	23140	买盘
10:18:18	17.8	--	13	23140	买盘
10:18:15	17.8	-0.02	32	56960	卖盘
10:18:09	17.82	--	60	106920	买盘
10:18:06	17.82	--	23	40986	买盘
10:18:00	17.82	--	6	10692	买盘
10:17:51	17.82	0.02	2	3564	买盘
10:17:39	17.8	-0.01	8	14240	卖盘
10:17:36	17.81	--	3	5343	卖盘
10:17:33	17.81	--	145	258244	买盘
10:17:30	17.81	--	20	35620	买盘
10:17:27	17.81	0.01	40	71240	买盘
10:17:24	17.8	--	1	1780	卖盘
10:17:12	17.8	--	15	26700	卖盘
10:17:06	17.8	--	9	16020	卖盘
10:17:03	17.8	--	8	14240	卖盘
10:17:00	17.8	--	2	3560	卖盘
10:16:57	17.8	0.03	22	39160	买盘
10:16:39	17.77	--	40	71080	卖盘
10:16:36	17.77	--	9	15993	卖盘
10:16:33	17.77	--	50	89365	买盘
10:16:30	17.77	--	133	236341	买盘
10:16:27	17.77	--	103	183031	买盘
10:16:24	17.77	--	22	39094	买盘
10:16:21	17.77	--	20	35540	买盘
10:16:18	17.77	--	103	183031	买盘
10:16:15	17.77	--	251	446027	卖盘
10:16:06	17.77	-0.01	43	76411	卖盘
10:16:03	17.78	--	42	74676	买盘
10:15:51	17.78	--	20	35560	买盘
10:15:45	17.78	0.01	30	53340	买盘
10:15:36	17.77	-0.01	19	33763	卖盘
10:15:30	17.78	--	83	148836	卖盘
10:15:27	17.78	-0.01	52	92456	卖盘
10:15:21	17.79	0.01	20	35580	买盘
10:15:18	17.78	-0.02	500	889000	卖盘
10:15:09	17.8	--	14	24920	卖盘
10:15:06	17.8	-0.01	9	16020	卖盘
10:15:03	17.81	--	46	81926	买盘
10:14:57	17.81	--	4	7123	买盘
10:14:54	17.81	0.01	2	3561	买盘
10:14:45	17.8	--	50	89000	卖盘
10:14:42	17.8	--	6	10680	卖盘
10:14:39	17.8	--	18	32040	卖盘
10:14:36	17.8	-0.01	9	16020	卖盘
10:14:33	17.81	0.01	10	17810	买盘
10:14:27	17.8	--	20	35600	卖盘
10:14:21	17.8	--	5	8900	卖盘
10:14:18	17.8	--	18	32040	卖盘
10:14:15	17.8	--	60	106800	买盘
10:14:12	17.8	0.01	1	1780	买盘
10:14:09	17.79	-0.01	16	28464	卖盘
10:14:06	17.8	--	26	46280	卖盘
10:14:03	17.8	0.01	30	53400	买盘
10:14:00	17.79	--	14	24906	卖盘
10:13:57	17.79	-0.01	202	359358	卖盘
10:13:51	17.8	0.01	3	5340	买盘
10:13:48	17.79	-0.01	5	8895	卖盘
10:13:45	17.8	--	10	17800	买盘
10:13:39	17.8	0.01	7	12460	买盘
10:13:36	17.79	--	9	16011	卖盘
10:13:30	17.79	-0.01	10	17790	卖盘
10:13:24	17.8	--	1	1780	中性盘
10:13:18	17.8	0.02	10	17800	中性盘
10:13:09	17.78	--	28	49784	卖盘
10:12:57	17.78	-0.02	196	349003	卖盘
10:12:54	17.8	--	2	3560	买盘
10:12:48	17.8	0.02	100	178000	买盘
10:12:45	17.78	-0.01	25	44450	卖盘
10:12:42	17.79	0.01	8	14232	买盘
10:12:36	17.78	-0.01	9	16002	卖盘
10:12:33	17.79	--	5	8895	买盘
10:12:30	17.79	0.01	106	188574	买盘
10:12:21	17.78	--	5	8890	卖盘
10:12:18	17.78	--	9	16002	卖盘
10:12:15	17.78	0.01	34	60452	卖盘
10:12:12	17.77	--	257	456689	卖盘
10:12:06	17.77	-0.01	38	67526	卖盘
10:12:03	17.78	0.02	12	21336	买盘
10:12:00	17.76	-0.01	251	445776	卖盘
10:11:54	17.77	--	231	410487	卖盘
10:11:48	17.77	0.01	14	24878	买盘
10:11:45	17.76	--	17	30192	卖盘
10:11:42	17.76	--	8	14208	卖盘
10:11:36	17.76	--	6	10656	卖盘
10:11:33	17.76	--	25	44400	卖盘
10:11:30	17.76	--	216	383616	卖盘
10:11:27	17.76	--	32	56832	买盘
10:11:24	17.76	-0.01	41	72816	买盘
10:11:21	17.77	0.01	238	422926	买盘
10:11:18	17.76	--	13	23088	买盘
10:11:15	17.76	--	5	8880	买盘
10:11:12	17.76	--	52	92352	买盘
10:11:09	17.76	0.01	5	8880	买盘
10:11:06	17.75	-0.01	49	86975	卖盘
10:11:03	17.76	--	6	10656	买盘
10:10:57	17.76	-0.01	22	39072	中性盘
10:10:54	17.77	0.02	10	17770	买盘
10:10:51	17.75	-0.01	301	534275	卖盘
10:10:48	17.76	--	104	184704	卖盘
10:10:42	17.76	--	10	17760	卖盘
10:10:39	17.76	--	2	3552	卖盘
10:10:36	17.76	-0.01	513	911088	卖盘
10:10:33	17.77	0.01	55	97735	买盘
10:10:30	17.76	-0.01	120	213120	卖盘
10:10:27	17.77	--	5	8885	买盘
10:10:21	17.77	-0.01	50	88850	卖盘
10:10:18	17.78	--	70	124460	买盘
10:10:15	17.78	--	2	3556	买盘
10:10:09	17.78	--	12	21336	卖盘
10:10:06	17.78	-0.01	22	39116	卖盘
10:10:00	17.79	--	28	49812	买盘
10:09:54	17.79	--	56	99624	买盘
10:09:45	17.79	0.02	9	16011	买盘
10:09:42	17.77	-0.01	69	122613	卖盘
10:09:39	17.78	--	25	44450	买盘
10:09:33	17.78	--	8	14224	卖盘
10:09:30	17.78	--	2	3556	卖盘
10:09:24	17.78	-0.01	35	62230	卖盘
10:09:21	17.79	0.01	100	177900	买盘
10:09:18	17.78	0.01	12	21336	买盘
10:09:15	17.77	-0.01	11	19547	卖盘
10:09:12	17.78	--	1	1778	卖盘
10:09:09	17.78	-0.01	9	16002	买盘
10:09:06	17.79	0.01	100	177900	买盘
10:09:03	17.78	--	22	39116	卖盘
10:08:57	17.78	--	193	343154	卖盘
10:08:54	17.78	--	51	90678	卖盘
10:08:48	17.78	0.01	129	229362	买盘
10:08:42	17.77	0.01	56	99512	中性盘
10:08:36	17.76	-0.01	21	37296	卖盘
10:08:33	17.77	--	50	88850	买盘
10:08:30	17.77	--	2	3554	买盘
10:08:27	17.77	0.01	25	44425	买盘
10:08:24	17.76	-0.01	10	17760	卖盘
10:08:18	17.77	--	45	79965	买盘
10:08:15	17.77	0.01	20	35540	买盘
10:08:12	17.76	--	33	58608	卖盘
10:08:09	17.76	--	63	111888	卖盘
10:08:06	17.76	--	78	138528	买盘
10:08:03	17.76	--	4	7104	买盘
10:08:00	17.76	--	40	71040	买盘
10:07:57	17.76	--	21	37296	买盘
10:07:51	17.76	-0.01	15	26640	卖盘
10:07:48	17.77	-0.01	8	14216	中性盘
10:07:42	17.78	0.03	40	71120	买盘
10:07:39	17.75	-0.01	200	355000	卖盘
10:07:36	17.76	-0.01	22	39072	卖盘
10:07:30	17.77	--	127	225679	卖盘
10:07:27	17.77	--	2	3554	卖盘
10:07:24	17.77	0.01	11	19547	买盘
10:07:21	17.76	--	11	19536	卖盘
10:07:18	17.76	-0.01	281	499056	卖盘
10:07:15	17.77	--	131	232787	买盘
10:07:12	17.77	0.01	20	35540	买盘
10:07:09	17.76	-0.01	52	92352	卖盘
10:07:06	17.77	0.01	5	8885	买盘
10:07:03	17.76	-0.02	42	74592	卖盘
10:07:00	17.78	0.02	5	8890	买盘
10:06:57	17.76	-0.01	234	415584	卖盘
10:06:54	17.77	-0.01	113	200801	卖盘
10:06:48	17.78	--	100	177800	买盘
10:06:45	17.78	--	170	302260	卖盘
10:06:42	17.78	-0.01	408	725424	卖盘
10:06:39	17.79	0.01	8	14232	买盘
10:06:36	17.78	-0.01	14	24892	卖盘
10:06:33	17.79	--	18	32022	买盘
10:06:27	17.79	--	5	8895	买盘
10:06:24	17.79	--	19	33801	买盘
10:06:21	17.79	--	10	17790	买盘
10:06:18	17.79	--	27	48033	卖盘
10:06:15	17.79	-0.01	40	71160	卖盘
10:06:12	17.8	--	71	126380	买盘
10:06:09	17.8	--	5	8900	买盘
10:06:06	17.8	--	1	1780	买盘
10:06:03	17.8	-0.02	1293	2302803	卖盘
10:05:57	17.82	-0.01	32	57024	卖盘
10:05:54	17.83	0.01	30	53489	买盘
10:05:51	17.82	-0.01	28	49896	卖盘
10:05:48	17.83	0.01	3	5348	中性盘
10:05:39	17.82	-0.01	32	57024	卖盘
10:05:36	17.83	0.01	20	35660	买盘
10:05:33	17.82	-0.02	1000	1782000	卖盘
10:05:27	17.84	0.01	2	3568	中性盘
10:05:15	17.83	-0.01	9	16046	卖盘
10:05:12	17.84	0.01	2	3568	买盘
10:05:09	17.83	--	5	8915	卖盘
10:05:06	17.83	--	18	32093	卖盘
10:05:03	17.83	-0.01	30	53489	卖盘
10:05:00	17.84	0.01	43	76712	买盘
10:04:54	17.83	-0.01	4	7131	卖盘
10:04:51	17.84	0.01	1	1784	买盘
10:04:45	17.83	-0.01	40	71320	卖盘
10:04:42	17.84	0.01	40	71360	买盘
10:04:39	17.83	--	100	178299	卖盘
10:04:36	17.83	-0.03	2	3565	卖盘
10:04:33	17.86	0.01	183	326838	买盘
10:04:30	17.85	--	13	23205	买盘
10:04:27	17.85	--	1	1785	卖盘
10:04:24	17.85	--	3	5355	卖盘
10:04:21	17.85	--	6	10710	买盘
10:04:18	17.85	--	44	78540	卖盘
10:04:09	17.85	0.02	78	139230	买盘
10:04:06	17.83	-0.02	22	40402	卖盘
10:04:00	17.85	0.01	170	303450	买盘
10:03:57	17.84	-0.01	17	30328	卖盘
10:03:54	17.85	--	50	89250	买盘
10:03:48	17.85	--	100	178500	买盘
10:03:45	17.85	0.01	3	5355	买盘
10:03:39	17.84	--	109	194456	卖盘
10:03:36	17.84	-0.01	8	14272	卖盘
10:03:30	17.85	--	6	10710	买盘
10:03:24	17.85	-0.01	225	401625	卖盘
10:03:15	17.86	--	30	53580	买盘
10:03:12	17.86	-0.01	30	53580	中性盘
10:03:09	17.87	0.02	11	19657	买盘
10:03:06	17.85	-0.02	9	16065	卖盘
10:03:03	17.87	0.01	16	28592	买盘
10:02:57	17.86	--	49	87514	卖盘
10:02:54	17.86	-0.01	6	10716	卖盘
10:02:48	17.87	-0.01	143	255541	卖盘
10:02:42	17.88	0.01	10	17880	买盘
10:02:39	17.87	--	2	3574	卖盘
10:02:36	17.87	--	9	16083	卖盘
10:02:33	17.87	-0.01	26	46462	中性盘
10:02:30	17.88	0.02	50	89400	买盘
10:02:18	17.86	0.01	141	251826	买盘
10:02:12	17.85	--	5	8925	卖盘
10:02:09	17.85	--	24	42840	卖盘
10:02:06	17.85	0.02	482	862065	买盘
10:02:00	17.83	--	1	1782	买盘
10:01:57	17.83	0.01	162	288846	买盘
10:01:54	17.82	-0.01	72	128304	卖盘
10:01:51	17.83	0.01	24	42791	买盘
10:01:48	17.82	-0.01	217	386694	卖盘
10:01:45	17.83	0.01	5	8915	买盘
10:01:42	17.82	--	42	74844	卖盘
10:01:39	17.82	--	7	12474	卖盘
10:01:36	17.82	-0.01	23	40986	卖盘
10:01:30	17.83	0.01	20	35660	买盘
10:01:24	17.82	-0.01	21	37422	卖盘
10:01:18	17.83	0.02	1	1782	买盘
10:01:15	17.81	-0.01	510	908309	卖盘
10:01:12	17.82	0.01	99	176418	中性盘
10:01:06	17.81	-0.01	32	56991	卖盘
10:01:00	17.82	0.01	17	30294	买盘
10:00:57	17.81	--	26	46306	卖盘
10:00:54	17.81	-0.01	18	32057	中性盘
10:00:51	17.82	--	718	1279476	买盘
10:00:48	17.82	--	4	7128	买盘
10:00:39	17.82	-0.01	41	73062	卖盘
10:00:36	17.83	0.01	334	595522	买盘
10:00:33	17.82	-0.01	35	62370	卖盘
10:00:30	17.83	0.01	82	146206	买盘
10:00:21	17.82	--	24	42768	卖盘
10:00:18	17.82	-0.01	52	92664	卖盘
10:00:15	17.83	--	1	1782	买盘
10:00:12	17.83	--	3	5348	买盘
10:00:09	17.83	0.01	3	5348	买盘
10:00:06	17.82	-0.01	39	69498	卖盘
09:59:57	17.83	--	30	53489	买盘
09:59:54	17.83	-0.01	162	288846	卖盘
09:59:45	17.84	0.01	9	16056	买盘
09:59:42	17.83	--	56	99847	卖盘
09:59:39	17.83	--	1	1782	卖盘
09:59:36	17.83	--	11	19612	卖盘
09:59:33	17.83	-0.01	4	7131	卖盘
09:59:24	17.84	--	70	124880	买盘
09:59:21	17.84	--	10	17840	买盘
09:59:18	17.84	0.01	25	44600	买盘
09:59:15	17.83	--	3	5348	卖盘
09:59:06	17.83	-0.01	28	49923	卖盘
09:58:57	17.84	--	20	35680	买盘
09:58:54	17.84	--	12	21408	买盘
09:58:51	17.84	--	10	17840	卖盘
09:58:48	17.84	-0.01	5	8920	卖盘
09:58:45	17.85	0.01	37	66045	买盘
09:58:42	17.84	--	109	194456	卖盘
09:58:36	17.84	-0.01	9	16056	卖盘
09:58:30	17.85	--	11	19635	买盘
09:58:21	17.85	-0.01	285	508814	卖盘
09:58:12	17.86	0.01	3	5358	买盘
09:58:06	17.85	-0.01	9	16065	卖盘
09:57:57	17.86	--	1	1786	买盘
09:57:54	17.86	0.01	22	39292	卖盘
09:57:51	17.85	-0.01	65	116025	卖盘
09:57:48	17.86	--	62	110732	卖盘
09:57:45	17.86	--	8	14288	卖盘
09:57:42	17.86	--	2	3572	卖盘
09:57:39	17.86	--	10	17860	卖盘
09:57:36	17.86	--	13	23218	卖盘
09:57:30	17.86	-0.01	10	17860	卖盘
09:57:27	17.87	0.01	20	35740	买盘
09:57:12	17.86	--	20	35720	卖盘
09:57:09	17.86	--	30	53580	卖盘
09:57:06	17.86	--	9	16074	卖盘
09:56:57	17.86	--	4	7144	卖盘
09:56:54	17.86	0.01	1	1786	卖盘
09:56:45	17.85	-0.03	42	74970	卖盘
09:56:42	17.88	0.03	111	198468	买盘
09:56:39	17.85	--	2	3570	卖盘
09:56:36	17.85	--	8	14280	卖盘
09:56:30	17.85	0.01	25	46320	买盘
09:56:27	17.84	-0.01	56	99904	卖盘
09:56:15	17.85	0.01	5	8925	买盘
09:56:06	17.84	--	10	17840	卖盘
09:56:03	17.84	-0.01	111	198024	卖盘
09:56:00	17.85	0.01	20	35700	买盘
09:55:57	17.84	-0.01	3	5352	卖盘
09:55:54	17.85	--	3	5355	买盘
09:55:45	17.85	0.01	16	28560	买盘
09:55:42	17.84	--	52	92768	卖盘
09:55:39	17.84	--	7	12488	卖盘
09:55:36	17.84	--	24	42816	卖盘
09:55:27	17.84	-0.01	2	3568	卖盘
09:55:24	17.85	--	10	17850	买盘
09:55:18	17.85	--	15	26775	买盘
09:55:15	17.85	--	33	58905	买盘
09:55:12	17.85	-0.02	95	169664	卖盘
09:55:09	17.87	0.01	32	57184	买盘
09:55:06	17.86	--	44	78584	卖盘
09:55:03	17.86	--	21	37506	卖盘
09:55:00	17.86	--	1	1786	卖盘
09:54:54	17.86	--	1	1786	卖盘
09:54:45	17.86	--	7	12502	买盘
09:54:42	17.86	--	12	21432	买盘
09:54:36	17.86	-0.01	4	7144	卖盘
09:54:33	17.87	0.01	6	10722	买盘
09:54:30	17.86	0.01	6	10716	卖盘
09:54:24	17.85	-0.02	21	37485	卖盘
09:54:18	17.87	0.01	71	128574	买盘
09:54:12	17.86	--	31	55366	卖盘
09:54:06	17.86	-0.01	43	76798	卖盘
09:54:03	17.87	0.01	72	128664	买盘
09:54:00	17.86	--	78	139308	卖盘
09:53:54	17.86	--	4	7144	卖盘
09:53:42	17.86	0.02	1	1786	中性盘
09:53:39	17.84	-0.01	99	176616	卖盘
09:53:36	17.85	--	34	60690	卖盘
09:53:33	17.85	--	93	166005	卖盘
09:53:30	17.85	--	21	37485	卖盘
09:53:27	17.85	-0.01	19	33915	卖盘
09:53:24	17.86	0.01	60	107160	买盘
09:53:21	17.85	-0.01	132	235620	卖盘
09:53:15	17.86	--	5	8930	买盘
09:53:09	17.86	0.01	20	35720	买盘
09:53:06	17.85	-0.01	15	26775	卖盘
09:53:00	17.86	0.01	20	35720	买盘
09:52:57	17.85	--	30	53550	卖盘
09:52:54	17.85	--	9	16065	卖盘
09:52:51	17.85	-0.01	29	51765	卖盘
09:52:48	17.86	--	10	17860	买盘
09:52:45	17.86	0.01	3	5358	买盘
09:52:42	17.85	--	4	7140	卖盘
09:52:39	17.85	--	5	8925	卖盘
09:52:36	17.85	0.01	9	16065	卖盘
09:52:30	17.84	-0.01	11	19624	卖盘
09:52:27	17.85	0.01	76	135660	买盘
09:52:18	17.84	-0.01	2	3568	卖盘
09:52:09	17.85	--	1	1785	卖盘
09:52:06	17.85	-0.01	8	14280	卖盘
09:51:54	17.86	0.01	500	893000	买盘
09:51:42	17.85	--	2	3570	买盘
09:51:39	17.85	--	5	8925	买盘
09:51:36	17.85	0.01	5	8925	卖盘
09:51:33	17.84	-0.02	1	1784	中性盘
09:51:24	17.86	0.01	100	178600	买盘
09:51:21	17.85	--	188	335580	买盘
09:51:15	17.85	--	182	324870	买盘
09:51:12	17.85	--	10	17850	买盘
09:51:03	17.85	--	47	83895	卖盘
09:50:57	17.85	--	6	10710	卖盘
09:50:54	17.85	-0.01	105	187425	卖盘
09:50:51	17.86	--	31	55366	买盘
09:50:42	17.86	--	12	21432	买盘
09:50:39	17.86	0.01	145	258970	中性盘
09:50:36	17.85	-0.04	9	16065	卖盘
09:50:33	17.89	0.03	36	64404	买盘
09:50:27	17.86	-0.03	616	1100176	卖盘
09:50:21	17.89	0.01	26	46514	买盘
09:50:18	17.88	--	7	12516	卖盘
09:50:15	17.88	--	14	25032	卖盘
09:50:09	17.88	-0.01	15	26820	卖盘
09:50:06	17.89	0.01	64	114496	买盘
09:50:00	17.88	-0.01	50	89400	卖盘
09:49:54	17.89	--	11	19679	买盘
09:49:48	17.89	-0.01	25	44725	卖盘
09:49:45	17.9	0.01	5	8950	买盘
09:49:42	17.89	--	3	5367	卖盘
09:49:39	17.89	--	5	8945	买盘
09:49:36	17.89	--	12	21468	卖盘
09:49:33	17.89	--	4	7156	卖盘
09:49:30	17.89	--	5	8945	卖盘
09:49:27	17.89	--	4	7156	卖盘
09:49:21	17.89	--	16	28624	卖盘
09:49:18	17.89	--	13	23257	卖盘
09:49:15	17.89	--	18	32202	卖盘
09:49:06	17.89	--	35	62615	卖盘
09:49:03	17.89	--	90	161010	卖盘
09:48:57	17.89	--	10	17890	卖盘
09:48:51	17.89	--	1	1789	卖盘
09:48:42	17.89	--	22	39358	买盘
09:48:36	17.89	--	30	53670	买盘
09:48:30	17.89	0.01	4	7156	买盘
09:48:27	17.88	-0.02	54	96552	卖盘
09:48:24	17.9	0.02	112	200479	买盘
09:48:18	17.88	0.01	9	16092	买盘
09:48:15	17.87	-0.03	201	359187	中性盘
09:48:03	17.9	0.04	145	259549	买盘
09:48:00	17.86	-0.04	605	1080530	卖盘
09:47:57	17.9	--	19	34010	买盘
09:47:54	17.9	0.01	71	127089	买盘
09:47:48	17.89	-0.01	98	175322	中性盘
09:47:45	17.9	--	80	143200	买盘
09:47:42	17.9	0.01	15	26849	买盘
09:47:39	17.89	-0.01	6	10734	中性盘
09:47:36	17.9	0.03	537	961229	买盘
09:47:33	17.87	-0.03	32	57184	卖盘
09:47:30	17.9	0.01	65	116349	买盘
09:47:27	17.89	0.02	88	157432	中性盘
09:47:24	17.87	--	23	41101	卖盘
09:47:21	17.87	-0.02	209	373483	卖盘
09:47:15	17.89	--	106	189634	买盘
09:47:12	17.89	0.02	8	14312	买盘
09:47:09	17.87	--	110	196570	卖盘
09:47:06	17.87	-0.02	565	1009655	卖盘
09:47:03	17.89	--	58	103762	买盘
09:47:00	17.89	--	373	667297	卖盘
09:46:54	17.89	--	49	87661	卖盘
09:46:51	17.89	-0.01	377	674453	卖盘
09:46:48	17.9	0.01	4	7159	买盘
09:46:45	17.89	-0.01	116	207524	卖盘
09:46:42	17.9	-0.02	198	354420	卖盘
09:46:36	17.92	--	43	77056	卖盘
09:46:33	17.92	--	4	7168	卖盘
09:46:30	17.92	--	23	41216	卖盘
09:46:27	17.92	0.01	61	109312	买盘
09:46:24	17.91	0.01	36	64476	买盘
09:46:21	17.9	--	10	17900	卖盘
09:46:15	17.9	--	10	17900	卖盘
09:46:12	17.9	0.01	21	37590	买盘
09:46:09	17.89	-0.01	3	5367	卖盘
09:46:06	17.9	0.01	19	34010	买盘
09:46:03	17.89	--	7	12523	买盘
09:46:00	17.89	0.01	200	357800	买盘
09:45:57	17.88	0.01	5	8940	买盘
09:45:51	17.87	--	78	139386	买盘
09:45:48	17.87	--	12	21444	买盘
09:45:45	17.87	--	12	21444	买盘
09:45:42	17.87	0.01	3	5361	买盘
09:45:36	17.86	--	40	71440	卖盘
09:45:33	17.86	--	44	78584	卖盘
09:45:24	17.86	--	41	73226	买盘
09:45:21	17.86	--	10	17860	买盘
09:45:15	17.86	--	22	39292	买盘
09:45:09	17.86	0.01	8	14288	买盘
09:45:06	17.85	-0.01	8	14280	卖盘
09:45:00	17.86	-0.01	45	80370	卖盘
09:44:57	17.87	--	10	17870	买盘
09:44:51	17.87	--	10	17870	买盘
09:44:45	17.87	--	1	1787	买盘
09:44:42	17.87	--	8	14296	买盘
09:44:39	17.87	--	22	39314	买盘
09:44:36	17.87	-0.01	124	221588	卖盘
09:44:33	17.88	0.01	15	26820	买盘
09:44:30	17.87	--	1	1787	卖盘
09:44:27	17.87	--	3	5361	卖盘
09:44:24	17.87	-0.01	25	44675	卖盘
09:44:21	17.88	--	31	55428	买盘
09:44:09	17.88	--	25	44700	买盘
09:44:06	17.88	0.01	3	5364	买盘
09:44:03	17.87	-0.02	48	85776	卖盘
09:44:00	17.89	--	60	107340	买盘
09:43:57	17.89	--	41	73349	买盘
09:43:54	17.89	--	18	32202	买盘
09:43:51	17.89	--	4	7156	买盘
09:43:48	17.89	--	26	46514	卖盘
09:43:42	17.89	--	4	7156	卖盘
09:43:39	17.89	0.01	17	30413	买盘
09:43:36	17.88	--	1	1788	买盘
09:43:33	17.88	-0.01	21	37548	卖盘
09:43:30	17.89	0.01	14	25046	中性盘
09:43:27	17.88	-0.01	78	139464	卖盘
09:43:24	17.89	-0.01	27	48303	卖盘
09:43:21	17.9	0.02	3	5370	卖盘
09:43:15	17.88	-0.02	40	71520	卖盘
09:43:12	17.9	0.01	91	162890	买盘
09:43:09	17.89	--	5	8945	买盘
09:43:06	17.89	-0.01	70	125230	卖盘
09:43:00	17.9	0.01	30	53699	买盘
09:42:57	17.89	--	39	69771	卖盘
09:42:54	17.89	--	9	16101	卖盘
09:42:51	17.89	--	3	5367	卖盘
09:42:45	17.89	0.01	12	21468	卖盘
09:42:42	17.88	-0.01	36	64368	中性盘
09:42:39	17.89	0.01	102	182478	买盘
09:42:36	17.88	-0.01	156	278928	卖盘
09:42:33	17.89	--	5	8945	买盘
09:42:30	17.89	0.01	40	71560	买盘
09:42:27	17.88	-0.01	30	53640	卖盘
09:42:24	17.89	--	31	55459	卖盘
09:42:21	17.89	-0.01	4	7156	卖盘
09:42:18	17.9	--	6	10740	买盘
09:42:15	17.9	-0.01	118	211219	卖盘
09:42:12	17.91	0.01	148	265068	买盘
09:42:09	17.9	-0.01	16	28639	卖盘
09:42:06	17.91	0.01	1	1791	买盘
09:42:03	17.9	-0.01	20	35800	卖盘
09:42:00	17.91	--	285	510435	卖盘
09:41:51	17.91	--	117	209547	买盘
09:41:48	17.91	0.01	90	161190	买盘
09:41:45	17.9	-0.01	75	134250	卖盘
09:41:42	17.91	-0.01	30	53730	中性盘
09:41:39	17.92	0.02	2	3584	中性盘
09:41:36	17.9	-0.03	139	248809	中性盘
09:41:33	17.93	0.01	51	91443	买盘
09:41:30	17.92	0.03	702	1257984	买盘
09:41:27	17.89	--	5	8945	买盘
09:41:24	17.89	-0.02	444	794316	卖盘
09:41:21	17.91	0.01	5	8955	中性盘
09:41:12	17.9	--	248	443919	卖盘
09:41:09	17.9	-0.01	10	17900	卖盘
09:41:06	17.91	0.01	12	21492	买盘
09:40:57	17.9	0.02	367	656930	买盘
09:40:51	17.88	--	19	33972	买盘
09:40:45	17.88	--	51	91188	买盘
09:40:39	17.88	0.02	3	5364	买盘
09:40:36	17.86	-0.01	48	85728	卖盘
09:40:33	17.87	0.01	242	432454	买盘
09:40:30	17.86	0.01	241	430426	买盘
09:40:27	17.85	--	62	110670	卖盘
09:40:18	17.85	0.02	80	142800	买盘
09:40:12	17.83	--	30	53489	卖盘
09:40:09	17.83	--	3	5348	卖盘
09:40:06	17.83	--	43	76668	买盘
09:40:03	17.83	0.01	13	23178	买盘
09:39:57	17.82	--	8	14256	卖盘
09:39:54	17.82	--	9	16038	卖盘
09:39:51	17.82	-0.01	10	17820	卖盘
09:39:48	17.83	--	50	89149	买盘
09:39:42	17.83	0.01	46	82017	买盘
09:39:39	17.82	-0.01	26	46332	卖盘
09:39:36	17.83	0.01	139	247836	买盘
09:39:33	17.82	--	202	359964	买盘
09:39:30	17.82	-0.01	164	292248	卖盘
09:39:27	17.83	0.01	10	17830	买盘
09:39:24	17.82	--	5	8910	卖盘
09:39:21	17.82	--	10	17820	卖盘
09:39:18	17.82	-0.01	8	14256	卖盘
09:39:15	17.83	--	119	212176	买盘
09:39:12	17.83	0.01	98	174733	买盘
09:39:06	17.82	-0.01	9	16038	卖盘
09:39:03	17.83	--	51	90932	买盘
09:38:57	17.83	--	5	8915	买盘
09:38:54	17.83	0.01	52	92715	买盘
09:38:48	17.82	--	17	30294	卖盘
09:38:42	17.82	--	238	424116	买盘
09:38:39	17.82	0.01	2	3564	买盘
09:38:36	17.81	-0.02	9	16028	卖盘
09:38:33	17.83	0.03	29	51706	买盘
09:38:30	17.8	-0.01	5	8900	卖盘
09:38:27	17.81	--	10	17810	卖盘
09:38:18	17.81	--	121	215500	买盘
09:38:15	17.81	--	46	81926	买盘
09:38:12	17.81	0.01	20	35620	买盘
09:38:09	17.8	-0.01	89	158420	卖盘
09:38:06	17.81	0.01	15	26714	中性盘
09:38:00	17.8	-0.01	89	158420	卖盘
09:37:57	17.81	0.01	2	3561	买盘
09:37:54	17.8	--	43	76540	卖盘
09:37:51	17.8	-0.01	111	197580	卖盘
09:37:48	17.81	--	28	49868	买盘
09:37:42	17.81	--	23	40963	买盘
09:37:39	17.81	0.01	20	35620	买盘
09:37:36	17.8	--	267	475776	买盘
09:37:33	17.8	--	23	40940	买盘
09:37:30	17.8	-0.01	61	109843	卖盘
09:37:24	17.81	--	41	73021	买盘
09:37:21	17.81	--	50	89050	买盘
09:37:18	17.81	0.01	1	1780	买盘
09:37:15	17.8	--	11	19580	卖盘
09:37:12	17.8	--	20	35600	卖盘
09:37:06	17.8	-0.01	9	16020	卖盘
09:37:03	17.81	--	5	8905	买盘
09:37:00	17.81	0.01	11	19591	买盘
09:36:57	17.8	-0.01	117	208260	卖盘
09:36:54	17.81	--	115	204814	卖盘
09:36:51	17.81	-0.01	40	71240	卖盘
09:36:48	17.82	--	43	76626	买盘
09:36:45	17.82	0.01	18	32076	买盘
09:36:42	17.81	--	15	26714	卖盘
09:36:36	17.81	-0.01	62	110421	卖盘
09:36:33	17.82	0.01	324	577368	买盘
09:36:30	17.81	--	36	64115	卖盘
09:36:27	17.81	--	20	35620	卖盘
09:36:18	17.81	--	6	10686	卖盘
09:36:15	17.81	--	57	101516	买盘
09:36:12	17.81	-0.01	45	80145	卖盘
09:36:06	17.82	-0.01	19	33858	卖盘
09:36:03	17.83	0.01	10	17830	买盘
09:36:00	17.82	-0.02	100	178200	卖盘
09:35:57	17.84	--	10	17840	买盘
09:35:51	17.84	0.02	20	35680	买盘
09:35:48	17.82	-0.01	818	1457676	卖盘
09:35:45	17.83	-0.01	109	194346	卖盘
09:35:42	17.84	--	43	76712	买盘
09:35:39	17.84	--	2	3568	买盘
09:35:36	17.84	--	66	117744	卖盘
09:35:33	17.84	-0.01	65	115960	卖盘
09:35:27	17.85	0.01	50	89250	买盘
09:35:24	17.84	--	106	189104	卖盘
09:35:18	17.84	0.01	28	49952	中性盘
09:35:12	17.83	--	47	83800	卖盘
09:35:09	17.83	-0.01	152	271016	卖盘
09:35:06	17.84	0.01	40	71360	买盘
09:35:03	17.83	--	180	320939	卖盘
09:35:00	17.83	--	10	17830	卖盘
09:34:57	17.83	--	56	99847	卖盘
09:34:54	17.83	-0.01	45	80234	卖盘
09:34:51	17.84	0.01	1	1784	中性盘
09:34:48	17.83	--	64	114111	买盘
09:34:45	17.83	--	107	190780	卖盘
09:34:42	17.83	--	42	74886	卖盘
09:34:39	17.83	-0.02	29	51706	卖盘
09:34:33	17.85	0.02	20	35700	买盘
09:34:30	17.83	-0.01	225	401174	卖盘
09:34:27	17.84	--	50	89200	买盘
09:34:18	17.84	--	17	30328	买盘
09:34:12	17.84	-0.01	13	23192	卖盘
09:34:09	17.85	0.01	162	289170	买盘
09:34:06	17.84	-0.01	15	26760	卖盘
09:33:57	17.85	--	125	223125	买盘
09:33:54	17.85	--	184	328440	卖盘
09:33:48	17.85	-0.01	6	10710	卖盘
09:33:45	17.86	--	3	5358	买盘
09:33:42	17.86	0.01	15	26790	买盘
09:33:39	17.85	--	61	108885	卖盘
09:33:36	17.85	0.01	13	23205	卖盘
09:33:33	17.84	--	30	53520	卖盘
09:33:30	17.84	-0.01	15	26760	卖盘
09:33:27	17.85	0.01	98	174930	买盘
09:33:21	17.84	--	3	5352	卖盘
09:33:18	17.84	--	21	37464	卖盘
09:33:15	17.84	--	14	24976	卖盘
09:33:06	17.84	--	9	16056	卖盘
09:33:03	17.84	-0.01	22	39248	卖盘
09:33:00	17.85	--	100	178500	买盘
09:32:54	17.85	0.01	93	166005	中性盘
09:32:51	17.84	-0.01	54	96336	卖盘
09:32:48	17.85	--	6	10710	卖盘
09:32:36	17.85	--	9	16065	卖盘
09:32:33	17.85	0.03	42	74970	买盘
09:32:21	17.82	-0.02	1	1782	卖盘
09:32:18	17.84	--	3	5352	买盘
09:32:12	17.84	-0.01	57	101688	买盘
09:32:09	17.85	0.01	15	26775	买盘
09:32:06	17.84	-0.02	8	14272	卖盘
09:32:03	17.86	0.01	23	41078	买盘
09:32:00	17.85	0.01	5	8925	中性盘
09:31:54	17.84	-0.01	33	58872	卖盘
09:31:48	17.85	--	23	41055	买盘
09:31:42	17.85	0.04	46	82110	买盘
09:31:36	17.81	0.01	2	3561	中性盘
09:31:33	17.8	-0.01	33	58740	卖盘
09:31:24	17.81	0.01	12	21372	买盘
09:31:18	17.8	-0.05	31	55180	卖盘
09:31:15	17.85	--	10	17850	买盘
09:31:12	17.85	0.05	250	446250	买盘
09:31:09	17.8	-0.01	10	17800	卖盘
09:31:06	17.81	0.01	13	23153	买盘
09:31:03	17.8	-0.01	4	7636	卖盘
09:31:00	17.81	--	4	7123	买盘
09:30:57	17.81	-0.04	30	53429	卖盘
09:30:48	17.85	--	80	142800	买盘
09:30:45	17.85	--	39	69615	买盘
09:30:24	17.85	--	38	67830	买盘
09:30:15	17.85	--	24	42840	买盘
09:30:09	17.85	0.05	21	37485	买盘
09:30:06	17.8	--	600	1068000	买盘
09:30:03	17.8	-0.08	133	236740	卖盘
09:25:03	17.88	17.88	226	404088	买盘
