成交时间	成交价	价格变动	成交量(手)	成交额(元)	性质
15:00:03	12.15	-0.01	1389	1688048	卖盘
14:57:03	12.16	--	0	0	买盘
14:57:00	12.16	--	28	34048	卖盘
14:56:57	12.16	0.01	9	10944	中性盘
14:56:54	12.15	-0.01	108	131220	卖盘
14:56:33	12.16	0.01	11	13376	买盘
14:56:30	12.15	-0.01	25	30375	卖盘
14:56:27	12.16	--	7	8512	买盘
14:56:24	12.16	--	6	7296	买盘
14:56:21	12.16	--	5	6080	买盘
14:56:18	12.16	--	63	76608	买盘
14:56:15	12.16	--	14	17024	中性盘
14:56:12	12.16	--	36	43776	买盘
14:56:09	12.16	--	6	7296	买盘
14:56:06	12.16	-0.01	29	35264	中性盘
14:55:57	12.17	0.01	29	35293	买盘
14:55:54	12.16	--	14	17024	买盘
14:55:51	12.16	--	21	25536	买盘
14:55:45	12.16	-0.01	77	93632	卖盘
14:55:42	12.17	--	13	15821	买盘
14:55:39	12.17	0.01	14	17038	买盘
14:55:36	12.16	0.01	40	48640	中性盘
14:55:30	12.15	-0.01	16	19440	卖盘
14:55:27	12.16	--	100	121600	卖盘
14:55:24	12.16	-0.01	5	6080	卖盘
14:55:15	12.17	--	25	30425	买盘
14:55:03	12.17	--	3	3651	买盘
14:55:00	12.17	0.01	10	12170	买盘
14:54:54	12.16	-0.01	60	72960	卖盘
14:54:30	12.17	0.01	97	118049	买盘
14:54:27	12.16	0.01	5	6080	买盘
14:54:24	12.15	-0.01	133	161595	卖盘
14:54:21	12.16	--	1	1216	卖盘
14:54:06	12.16	--	105	127680	买盘
14:54:00	12.16	0.01	10	12160	买盘
14:53:57	12.15	-0.01	40	48600	卖盘
14:53:48	12.16	--	54	65664	卖盘
14:53:42	12.16	--	6	7296	买盘
14:53:39	12.16	0.01	50	60800	买盘
14:53:36	12.15	-0.01	17	20655	卖盘
14:53:24	12.16	--	85	103360	卖盘
14:53:15	12.16	-0.01	20	24320	卖盘
14:53:12	12.17	0.02	103	125351	买盘
14:53:09	12.15	--	31	37665	卖盘
14:53:03	12.15	--	65	78975	卖盘
14:53:00	12.15	--	23	27945	卖盘
14:52:57	12.15	--	38	46170	卖盘
14:52:45	12.15	--	10	12150	卖盘
14:52:42	12.15	--	18	21870	卖盘
14:52:39	12.15	--	20	24300	卖盘
14:52:36	12.15	--	2	2430	卖盘
14:52:33	12.15	--	109	133236	买盘
14:52:24	12.15	--	15	18225	买盘
14:52:21	12.15	--	32	39293	卖盘
14:52:18	12.15	-0.01	28	34020	卖盘
14:52:12	12.16	0.01	19	23104	买盘
14:52:06	12.15	--	90	110151	卖盘
14:51:45	12.15	--	39	47385	买盘
14:51:42	12.15	--	29	35235	买盘
14:51:39	12.15	--	20	24300	买盘
14:51:36	12.15	0.01	71	86544	买盘
14:51:24	12.14	-0.01	8	9712	卖盘
14:51:15	12.15	--	5	6075	买盘
14:51:09	12.15	0.01	32	38880	买盘
14:51:00	12.14	--	27	32778	卖盘
14:50:54	12.14	--	62	75268	卖盘
14:50:51	12.14	-0.01	53	64342	卖盘
14:50:48	12.15	--	44	53460	买盘
14:50:45	12.15	0.01	80	97200	中性盘
14:50:09	12.14	--	53	64342	卖盘
14:50:03	12.14	-0.02	50	60700	卖盘
14:50:00	12.16	0.01	5	6080	买盘
14:49:57	12.15	--	39	47385	买盘
14:49:45	12.15	--	21	25515	卖盘
14:49:33	12.15	0.01	3	3645	卖盘
14:49:21	12.14	--	54	65556	卖盘
14:49:15	12.14	-0.01	71	86194	卖盘
14:49:00	12.15	--	1	1215	卖盘
14:48:57	12.15	--	5	6075	卖盘
14:48:48	12.15	0.01	41	49815	买盘
14:48:45	12.14	-0.01	53	64342	卖盘
14:48:42	12.15	0.01	12	14580	买盘
14:48:39	12.14	-0.01	28	33992	卖盘
14:48:33	12.15	--	6	7290	买盘
14:48:30	12.15	0.01	10	12150	买盘
14:48:21	12.14	-0.01	1	1214	卖盘
14:48:15	12.15	--	15	18225	买盘
14:48:06	12.15	--	10	12150	买盘
14:48:03	12.15	0.01	15	18225	买盘
14:47:57	12.14	-0.01	54	65556	卖盘
14:47:54	12.15	--	47	57105	卖盘
14:47:51	12.15	--	20	24300	卖盘
14:47:45	12.15	--	5	6075	卖盘
14:47:42	12.15	--	5	6075	卖盘
14:47:27	12.15	-0.02	38	46170	卖盘
14:47:18	12.17	0.02	1	1217	买盘
14:47:15	12.15	-0.02	53	64395	卖盘
14:47:12	12.17	0.02	50	60850	买盘
14:47:09	12.15	--	3	3645	卖盘
14:47:03	12.15	--	5	6075	卖盘
14:46:51	12.15	--	72	87480	卖盘
14:46:45	12.15	-0.02	2	2430	卖盘
14:46:30	12.17	--	14	17038	买盘
14:46:27	12.17	--	48	58416	买盘
14:46:09	12.17	0.02	204	248268	买盘
14:46:00	12.15	--	10	12150	卖盘
14:45:54	12.15	-0.01	53	64395	卖盘
14:45:48	12.16	--	4	4864	卖盘
14:45:39	12.16	0.01	55	66880	买盘
14:45:36	12.15	--	10	12150	买盘
14:45:24	12.15	--	9	10935	卖盘
14:45:15	12.15	--	11	13365	卖盘
14:45:12	12.15	0.01	25	30375	买盘
14:45:03	12.14	-0.01	90	109260	卖盘
14:45:00	12.15	0.01	22	26730	买盘
14:44:57	12.14	-0.01	7	8498	卖盘
14:44:54	12.15	--	112	136080	买盘
14:44:48	12.15	0.01	2	2430	买盘
14:44:45	12.14	-0.01	30	36420	卖盘
14:44:39	12.15	--	21	25515	买盘
14:44:33	12.15	--	16	19440	买盘
14:44:27	12.15	0.01	25	30375	买盘
14:44:24	12.14	-0.01	67	81338	卖盘
14:44:18	12.15	0.01	13	15795	买盘
14:44:12	12.14	-0.01	5	6070	卖盘
14:44:09	12.15	0.01	7	8505	买盘
14:44:06	12.14	-0.01	7	8498	卖盘
14:44:03	12.15	--	4	4860	买盘
14:44:00	12.15	0.01	25	30375	买盘
14:43:54	12.14	-0.01	10	12140	卖盘
14:43:42	12.15	--	9	10935	买盘
14:43:39	12.15	0.01	105	127575	中性盘
14:43:36	12.14	--	5	6070	卖盘
14:43:33	12.14	-0.01	23	27922	卖盘
14:43:30	12.15	0.01	1	1215	买盘
14:43:27	12.14	-0.01	70	84980	卖盘
14:43:24	12.15	--	86	104490	买盘
14:43:21	12.15	--	2	2430	买盘
14:43:09	12.15	0.01	1	1215	中性盘
14:43:00	12.14	-0.01	54	65556	卖盘
14:42:54	12.15	--	5	6075	买盘
14:42:45	12.15	0.01	21	25515	买盘
14:42:39	12.14	-0.01	3	3642	卖盘
14:42:36	12.15	0.01	5	6075	买盘
14:42:33	12.14	-0.01	71	86194	卖盘
14:42:27	12.15	--	30	36450	买盘
14:42:12	12.15	--	5	6075	卖盘
14:42:09	12.15	0.01	12	14580	买盘
14:42:06	12.14	-0.01	40	48560	卖盘
14:42:00	12.15	0.01	20	24300	中性盘
14:41:51	12.14	--	71	86194	卖盘
14:41:45	12.14	-0.01	420	510256	卖盘
14:41:39	12.15	--	27	32805	卖盘
14:41:27	12.15	-0.01	54	65610	卖盘
14:41:24	12.16	-0.01	15	18240	卖盘
14:41:21	12.17	0.02	30	36510	买盘
14:41:03	12.15	--	10	12150	卖盘
14:41:00	12.15	--	29	35235	卖盘
14:40:54	12.15	--	8	9720	买盘
14:40:51	12.15	--	195	236925	卖盘
14:40:45	12.15	--	20	24300	卖盘
14:40:27	12.15	-0.02	71	86265	卖盘
14:40:21	12.17	0.02	5	6085	买盘
14:39:54	12.15	-0.02	57	69255	卖盘
14:39:48	12.17	0.02	11	13387	中性盘
14:39:21	12.15	--	3	3645	卖盘
14:38:54	12.15	--	12	14580	卖盘
14:38:48	12.15	--	17	20655	卖盘
14:38:42	12.15	--	71	86265	卖盘
14:38:36	12.15	--	48	58320	卖盘
14:38:24	12.15	-0.02	61	74115	卖盘
14:38:18	12.17	0.03	3	3651	中性盘
14:37:45	12.14	-0.01	38	46132	卖盘
14:37:42	12.15	--	94	114210	买盘
14:37:39	12.15	--	66	80190	卖盘
14:37:27	12.15	--	2	2430	买盘
14:37:24	12.15	--	55	66825	买盘
14:37:21	12.15	--	19	23085	买盘
14:37:15	12.15	--	1	1215	买盘
14:37:12	12.15	-0.03	220	267300	卖盘
14:37:06	12.18	0.03	19	23142	买盘
14:37:00	12.15	-0.03	133	161595	卖盘
14:36:54	12.18	--	46	56028	买盘
14:36:24	12.18	--	20	24360	买盘
14:36:15	12.18	--	8	9744	买盘
14:36:06	12.18	0.03	10	12180	买盘
14:35:57	12.15	-0.03	30	36450	卖盘
14:35:51	12.18	0.04	5	6090	买盘
14:35:42	12.14	--	1	1214	卖盘
14:35:33	12.14	--	43	52202	卖盘
14:35:21	12.14	-0.04	72	87408	卖盘
14:35:15	12.18	0.04	11	13398	买盘
14:35:00	12.14	--	62	75268	卖盘
14:34:57	12.14	-0.01	38	46132	卖盘
14:34:54	12.15	--	7	8505	买盘
14:34:48	12.15	-0.02	568	690958	卖盘
14:34:39	12.17	--	20	24340	卖盘
14:34:24	12.17	--	30	36510	卖盘
14:33:57	12.17	0.01	15	18255	买盘
14:33:45	12.16	-0.01	122	148352	卖盘
14:33:42	12.17	-0.01	9	10953	卖盘
14:33:39	12.18	0.02	6	7308	买盘
14:33:27	12.16	-0.02	60	72960	卖盘
14:33:21	12.18	--	16	19488	买盘
14:33:00	12.18	0.02	40	48720	买盘
14:32:54	12.16	-0.01	32	38912	卖盘
14:32:51	12.17	--	9	10953	卖盘
14:32:48	12.17	0.01	5	6085	中性盘
14:32:45	12.16	--	7	8512	卖盘
14:32:24	12.16	--	20	24320	卖盘
14:32:12	12.16	--	72	87552	卖盘
14:32:06	12.16	--	30	36480	卖盘
14:31:48	12.16	-0.01	60	72960	卖盘
14:31:45	12.17	-0.01	46	55982	卖盘
14:31:42	12.18	0.01	30	36540	中性盘
14:31:36	12.17	-0.01	29	35293	卖盘
14:31:27	12.18	-0.02	29	35322	卖盘
14:30:30	12.2	0.02	10	12200	买盘
14:30:24	12.18	-0.02	428	521304	卖盘
14:30:18	12.2	--	61	74420	卖盘
14:30:12	12.2	--	70	85400	卖盘
14:29:57	12.2	--	10	12200	卖盘
14:29:45	12.2	-0.01	10	12200	卖盘
14:29:42	12.21	0.01	20	24420	买盘
14:29:36	12.2	-0.01	2	2440	卖盘
14:29:33	12.21	--	87	106227	买盘
14:29:24	12.21	--	27	32967	买盘
14:29:21	12.21	--	24	29304	买盘
14:29:18	12.21	0.01	8	9768	买盘
14:29:15	12.2	--	20	24400	卖盘
14:29:06	12.2	-0.01	1	1220	卖盘
14:29:03	12.21	0.01	8	9768	买盘
14:28:51	12.2	-0.01	2	2440	卖盘
14:28:48	12.21	0.01	12	14652	买盘
14:28:45	12.2	-0.01	70	85400	卖盘
14:28:42	12.21	0.01	81	98901	买盘
14:28:39	12.2	-0.01	3	3660	卖盘
14:28:36	12.21	0.01	5	6105	买盘
14:28:30	12.2	--	57	69540	卖盘
14:28:24	12.2	--	38	46360	卖盘
14:28:21	12.2	--	20	24400	卖盘
14:28:18	12.2	--	9	10980	卖盘
14:28:15	12.2	--	131	159820	卖盘
14:28:06	12.2	--	40	48800	卖盘
14:28:03	12.2	--	20	24400	卖盘
14:28:00	12.2	--	18	21960	卖盘
14:27:54	12.2	--	13	15859	卖盘
14:27:48	12.2	--	10	12200	卖盘
14:27:33	12.2	--	20	24400	卖盘
14:27:21	12.2	0.02	280	341600	买盘
14:27:18	12.18	0.02	15	18270	买盘
14:27:09	12.16	-0.01	80	97280	卖盘
14:27:03	12.17	--	78	94926	卖盘
14:26:57	12.17	-0.01	65	79105	卖盘
14:26:51	12.18	0.01	10	12180	买盘
14:26:30	12.17	-0.01	34	41378	卖盘
14:26:15	12.18	--	85	103907	卖盘
14:26:09	12.18	--	5	6090	卖盘
14:25:57	12.18	--	28	34104	卖盘
14:25:51	12.18	-0.01	34	41412	卖盘
14:25:48	12.19	0.01	8	9752	中性盘
14:25:42	12.18	--	2	2436	卖盘
14:25:36	12.18	0.01	10	12180	买盘
14:25:33	12.17	-0.01	70	85190	卖盘
14:25:27	12.18	-0.01	66	80388	卖盘
14:25:24	12.19	--	10	12190	买盘
14:25:21	12.19	-0.01	13	15847	卖盘
14:25:03	12.2	0.01	26	31719	买盘
14:25:00	12.19	-0.01	10	12190	中性盘
14:24:57	12.2	--	5	6100	买盘
14:24:54	12.2	0.01	24	29280	买盘
14:24:48	12.19	-0.01	28	34132	卖盘
14:24:42	12.2	--	35	42700	买盘
14:24:27	12.2	0.01	30	36600	买盘
14:24:18	12.19	--	1	1219	中性盘
14:24:06	12.19	0.01	3	3657	买盘
14:23:57	12.18	--	70	85260	卖盘
14:23:51	12.18	-0.02	61	74298	卖盘
14:23:48	12.2	--	10	12200	买盘
14:23:45	12.2	--	50	61000	买盘
14:23:24	12.2	--	10	12200	中性盘
14:23:09	12.2	--	42	51240	卖盘
14:22:36	12.2	-0.01	14	17080	卖盘
14:22:30	12.21	0.04	21	25641	买盘
14:22:21	12.17	-0.03	70	85190	卖盘
14:22:18	12.2	--	10	12200	卖盘
14:22:15	12.2	--	10	12200	卖盘
14:22:09	12.2	--	10	12200	卖盘
14:22:06	12.2	0.03	65	79300	买盘
14:21:57	12.17	-0.03	79	96143	卖盘
14:21:51	12.2	0.03	10	12200	中性盘
14:21:03	12.17	-0.03	71	86407	卖盘
14:21:00	12.2	0.03	10	12200	中性盘
14:20:57	12.17	-0.04	221	268957	卖盘
14:20:33	12.21	0.01	64	78144	买盘
14:20:30	12.2	0.03	20	24400	买盘
14:20:27	12.17	-0.04	61	74237	卖盘
14:20:24	12.21	0.03	40	48840	买盘
14:20:21	12.18	-0.03	632	769776	卖盘
14:20:18	12.21	--	42	51282	买盘
14:20:12	12.21	--	1	1221	买盘
14:20:03	12.21	0.03	57	69597	买盘
14:19:39	12.18	-0.02	71	86478	卖盘
14:19:36	12.2	-0.01	39	47580	卖盘
14:19:33	12.21	--	34	41514	买盘
14:19:24	12.21	--	69	84249	买盘
14:19:21	12.21	-0.01	22	26862	卖盘
14:19:18	12.22	0.01	65	79430	买盘
14:19:15	12.21	--	42	51282	卖盘
14:19:06	12.21	-0.01	13	15873	卖盘
14:18:54	12.22	--	2	2444	卖盘
14:18:51	12.22	--	4	4888	卖盘
14:18:48	12.22	0.04	11	13442	买盘
14:18:42	12.18	-0.04	75	91350	卖盘
14:18:36	12.22	0.02	218	266396	买盘
14:18:27	12.2	--	62	75640	卖盘
14:18:21	12.2	-0.01	46	56120	卖盘
14:18:15	12.21	0.01	65	79365	买盘
14:18:12	12.2	-0.01	10	12200	卖盘
14:18:03	12.21	0.01	75	91575	买盘
14:17:51	12.2	0.01	43	52460	买盘
14:17:48	12.19	-0.01	82	99958	卖盘
14:17:45	12.2	0.01	38	46360	买盘
14:17:42	12.19	-0.01	110	134090	卖盘
14:17:39	12.2	--	1	1220	买盘
14:17:36	12.2	--	46	56120	买盘
14:17:33	12.2	-0.01	110	134200	卖盘
14:17:18	12.21	--	19	23199	买盘
14:17:15	12.21	--	1	1221	买盘
14:17:09	12.21	--	2	2442	买盘
14:17:06	12.21	--	1	1221	买盘
14:16:57	12.21	0.01	6	7326	买盘
14:16:54	12.2	-0.01	2	2440	中性盘
14:16:48	12.21	--	30	36630	买盘
14:16:33	12.21	0.02	10	12210	买盘
14:16:27	12.19	-0.02	75	91425	卖盘
14:16:24	12.21	0.01	3	3663	买盘
14:16:21	12.2	0.01	108	131760	买盘
14:16:15	12.19	--	58	70702	卖盘
14:16:09	12.19	--	73	88987	卖盘
14:16:06	12.19	0.02	306	373014	买盘
14:16:03	12.17	-0.01	63	76671	卖盘
14:16:00	12.18	-0.01	20	24360	卖盘
14:15:57	12.19	0.01	196	238924	买盘
14:15:54	12.18	0.01	52	63336	买盘
14:15:51	12.17	-0.01	3	3651	卖盘
14:15:39	12.18	--	58	70644	买盘
14:15:36	12.18	0.02	2	2436	买盘
14:15:33	12.16	0.02	5	6080	中性盘
14:15:27	12.14	--	83	100762	卖盘
14:15:21	12.14	-0.02	60	72840	卖盘
14:15:18	12.16	-0.01	33	40128	卖盘
14:15:15	12.17	--	105	127785	买盘
14:15:12	12.17	--	1	1217	买盘
14:15:03	12.17	--	38	46246	买盘
14:15:00	12.17	--	7	8519	买盘
14:14:48	12.17	0.01	40	48680	买盘
14:14:36	12.16	0.02	8	9728	中性盘
14:14:21	12.14	-0.02	100	121400	卖盘
14:14:18	12.16	--	26	31616	买盘
14:14:03	12.16	0.03	17	20672	买盘
14:13:12	12.13	--	70	84910	卖盘
14:13:06	12.13	-0.03	59	71567	卖盘
14:13:00	12.16	0.03	66	80256	买盘
14:12:36	12.13	-0.01	200	242600	卖盘
14:12:15	12.14	--	10	12140	卖盘
14:11:48	12.14	--	1	1214	卖盘
14:11:45	12.14	--	50	60700	卖盘
14:11:06	12.14	--	78	94692	卖盘
14:11:00	12.14	--	57	69198	卖盘
14:10:54	12.14	--	38	46132	卖盘
14:10:48	12.14	0.01	5	6070	中性盘
14:10:15	12.13	-0.01	50	60650	卖盘
14:10:12	12.14	--	2	2428	买盘
14:09:54	12.14	--	20	24280	买盘
14:09:51	12.14	--	20	24280	买盘
14:09:39	12.14	--	50	60700	买盘
14:09:36	12.14	--	4	4856	买盘
14:08:57	12.14	-0.01	104	126256	卖盘
14:08:51	12.15	0.01	6	7290	买盘
14:08:21	12.14	--	10	12140	卖盘
14:08:12	12.14	0.01	10	12140	中性盘
14:07:36	12.13	-0.01	132	160116	卖盘
14:07:30	12.14	--	31	37634	买盘
14:07:27	12.14	--	39	47346	卖盘
14:07:18	12.14	--	27	32778	买盘
14:07:15	12.14	-0.01	34	41276	卖盘
14:07:12	12.15	0.01	10	12150	买盘
14:07:09	12.14	-0.01	38	46132	卖盘
14:06:51	12.15	--	3	3645	买盘
14:06:36	12.15	0.01	10	12150	买盘
14:06:24	12.14	-0.01	38	46132	卖盘
14:06:18	12.15	0.01	5	6075	买盘
14:06:09	12.14	-0.02	10	12140	卖盘
14:06:03	12.16	--	2	2432	买盘
14:05:45	12.16	--	30	36480	买盘
14:05:27	12.16	0.03	2	2432	买盘
14:04:51	12.13	0.01	132	160116	中性盘
14:03:09	12.12	--	162	196344	卖盘
14:03:03	12.12	-0.05	573	694476	卖盘
14:02:51	12.17	0.02	27	32859	买盘
14:02:42	12.15	-0.01	1	1215	卖盘
14:02:39	12.16	--	1	1216	买盘
14:02:33	12.16	0.01	30	36480	买盘
14:02:30	12.15	--	5	6075	卖盘
14:02:24	12.15	-0.01	56	68040	卖盘
14:02:15	12.16	0.01	5	6080	买盘
14:01:48	12.15	--	132	160380	卖盘
14:01:42	12.15	-0.01	38	46170	卖盘
14:01:36	12.16	--	40	48640	卖盘
14:01:30	12.16	-0.02	35	42560	卖盘
14:01:15	12.18	0.02	127	154686	买盘
14:00:54	12.16	-0.02	1	1216	买盘
14:00:03	12.18	--	4	4872	卖盘
13:59:51	12.18	0.04	93	113274	买盘
13:59:48	12.14	0.02	10	12140	卖盘
13:59:33	12.12	--	131	158772	卖盘
13:59:27	12.12	-0.01	282	341784	卖盘
13:59:21	12.13	-0.03	810	982530	卖盘
13:59:18	12.16	--	58	70528	买盘
13:59:06	12.16	0.02	18	21888	中性盘
13:58:36	12.14	-0.02	145	176030	卖盘
13:58:30	12.16	0.01	500	608000	买盘
13:57:54	12.15	--	15	18225	买盘
13:57:51	12.15	--	35	42525	买盘
13:57:48	12.15	--	53	64395	买盘
13:57:45	12.15	--	21	25515	买盘
13:57:39	12.15	--	2	2430	买盘
13:57:33	12.15	--	10	12150	买盘
13:57:30	12.15	--	7	8505	买盘
13:57:27	12.15	--	10	12150	买盘
13:57:24	12.15	--	48	58320	卖盘
13:57:21	12.15	--	21	25515	卖盘
13:57:15	12.15	0.01	5	6075	卖盘
13:56:57	12.14	--	129	156606	卖盘
13:56:51	12.14	-0.01	20	24280	卖盘
13:56:48	12.15	--	4	4860	卖盘
13:56:45	12.15	-0.01	5	6075	卖盘
13:56:39	12.16	0.01	10	12160	买盘
13:56:36	12.15	--	10	12150	卖盘
13:56:24	12.15	0.01	20	24300	中性盘
13:56:12	12.14	--	20	24280	卖盘
13:56:06	12.14	--	10	12140	买盘
13:56:03	12.14	--	10	12140	买盘
13:55:57	12.14	--	15	18210	买盘
13:55:54	12.14	--	2	2428	买盘
13:55:51	12.14	0.01	46	55844	中性盘
13:55:39	12.13	--	132	160116	卖盘
13:55:36	12.13	-0.01	160	194080	卖盘
13:55:33	12.14	-0.01	156	189384	卖盘
13:55:30	12.15	-0.01	160	194400	卖盘
13:55:24	12.16	-0.02	1511	1837376	卖盘
13:55:03	12.18	--	38	46284	卖盘
13:53:48	12.18	--	16	19488	买盘
13:53:24	12.18	0.01	6	7308	买盘
13:53:21	12.17	--	4	4868	买盘
13:53:18	12.17	--	19	23123	卖盘
13:52:45	12.17	--	10	12170	卖盘
13:52:27	12.17	--	10	12170	卖盘
13:52:12	12.17	--	52	63284	卖盘
13:51:57	12.17	--	20	24340	卖盘
13:51:51	12.17	--	137	166729	卖盘
13:51:45	12.17	-0.01	82	99794	卖盘
13:51:09	12.18	--	10	12180	买盘
13:50:27	12.18	--	122	148596	卖盘
13:50:15	12.18	--	20	24360	卖盘
13:49:57	12.18	-0.01	50	60900	卖盘
13:49:48	12.19	--	3	3657	买盘
13:49:36	12.19	0.01	10	12190	买盘
13:49:21	12.18	--	3	3654	卖盘
13:49:18	12.18	--	38	46284	卖盘
13:48:57	12.18	--	38	46284	卖盘
13:48:42	12.18	-0.02	10	12180	中性盘
13:47:51	12.2	0.03	1	1220	买盘
13:47:42	12.17	-0.01	78	94926	卖盘
13:47:36	12.18	--	59	71862	卖盘
13:47:30	12.18	--	20	24360	卖盘
13:47:27	12.18	--	17	20706	卖盘
13:47:15	12.18	-0.02	1	1218	卖盘
13:47:00	12.2	--	2	2440	买盘
13:46:45	12.2	--	14	17080	买盘
13:46:33	12.2	--	200	244000	买盘
13:46:18	12.2	--	4	4880	买盘
13:46:06	12.2	0.01	5	6100	买盘
13:45:42	12.19	0.01	3	3657	买盘
13:45:39	12.18	-0.01	19	23142	卖盘
13:45:03	12.19	0.02	5	6095	买盘
13:44:15	12.17	0.01	3	3651	中性盘
13:43:51	12.16	-0.01	136	165376	卖盘
13:43:48	12.17	--	13	15821	买盘
13:43:45	12.17	--	94	114398	卖盘
13:43:21	12.17	--	6	7302	卖盘
13:43:00	12.17	-0.01	12	14604	卖盘
13:42:51	12.18	0.01	100	121800	买盘
13:42:48	12.17	--	17	20689	卖盘
13:42:27	12.17	-0.01	1	1217	卖盘
13:42:21	12.18	0.01	20	24360	买盘
13:42:15	12.17	--	50	60850	卖盘
13:42:12	12.17	-0.01	10	12170	卖盘
13:41:48	12.18	--	87	105966	卖盘
13:41:36	12.18	--	71	86478	卖盘
13:41:30	12.18	--	58	70644	卖盘
13:41:24	12.18	--	38	46284	卖盘
13:41:09	12.18	-0.01	7	8526	卖盘
13:41:06	12.19	--	25	30475	买盘
13:41:00	12.19	--	33	40227	买盘
13:40:57	12.19	--	30	36570	买盘
13:40:51	12.19	--	56	68264	卖盘
13:40:39	12.19	-0.01	36	43884	卖盘
13:40:27	12.2	--	8	9760	买盘
13:40:12	12.2	0.01	10	12200	买盘
13:40:09	12.19	-0.01	20	24380	卖盘
13:40:06	12.2	--	40	48800	买盘
13:39:51	12.2	0.01	30	36600	买盘
13:39:45	12.19	--	69	84111	卖盘
13:39:39	12.19	--	58	70702	卖盘
13:39:33	12.19	-0.01	48	58512	卖盘
13:39:30	12.2	--	105	128099	买盘
13:39:24	12.2	--	9	10980	买盘
13:38:57	12.2	--	3	3660	买盘
13:38:39	12.2	--	103	125659	卖盘
13:38:12	12.2	-0.01	10	12200	卖盘
13:37:48	12.21	0.01	39	47619	买盘
13:37:39	12.2	-0.01	71	86620	卖盘
13:37:36	12.21	0.01	10	12210	买盘
13:37:33	12.2	-0.01	58	70760	卖盘
13:37:27	12.21	--	20	24420	买盘
13:37:03	12.21	--	18	21978	买盘
13:36:30	12.21	0.01	7	8547	买盘
13:36:27	12.2	-0.01	20	24400	卖盘
13:36:03	12.21	--	200	244200	买盘
13:35:57	12.21	0.02	3	3663	买盘
13:35:54	12.19	-0.02	139	169441	卖盘
13:35:48	12.21	0.01	119	145299	买盘
13:35:45	12.2	--	38	46360	卖盘
13:35:39	12.2	--	5	6100	卖盘
13:35:36	12.2	0.01	8	9760	买盘
13:34:57	12.19	-0.01	120	146280	卖盘
13:34:51	12.2	--	42	51240	买盘
13:34:39	12.2	--	44	53680	买盘
13:34:36	12.2	0.01	2	2440	买盘
13:34:33	12.19	-0.01	20	24380	卖盘
13:34:15	12.2	0.01	4	4880	中性盘
13:34:03	12.19	-0.01	76	92644	卖盘
13:34:00	12.2	--	6	7320	卖盘
13:33:57	12.2	-0.02	63	76860	卖盘
13:33:51	12.22	0.02	119	145418	买盘
13:33:12	12.2	-0.01	13	15859	卖盘
13:33:09	12.21	--	17	20757	买盘
13:33:00	12.21	--	45	54945	买盘
13:32:39	12.21	0.01	20	24420	买盘
13:32:36	12.2	-0.01	10	12200	卖盘
13:32:21	12.21	0.01	27	32967	买盘
13:32:12	12.2	--	23	28060	卖盘
13:31:57	12.2	-0.01	7	8540	卖盘
13:31:51	12.21	0.01	5	6105	买盘
13:31:45	12.2	-0.01	10	12200	卖盘
13:31:27	12.21	-0.01	30	36630	中性盘
13:31:21	12.22	0.02	3	3666	买盘
13:31:18	12.2	-0.01	74	90280	卖盘
13:31:12	12.21	-0.01	80	97680	卖盘
13:31:06	12.22	0.01	100	122200	买盘
13:31:03	12.21	-0.01	11	13431	卖盘
13:31:00	12.22	--	5	6110	买盘
13:30:18	12.22	0.02	1	1222	买盘
13:30:12	12.2	0.02	57	69540	中性盘
13:29:51	12.18	0.01	38	46284	中性盘
13:29:39	12.17	-0.01	74	90058	卖盘
13:29:36	12.18	-0.04	135	164430	卖盘
13:29:33	12.22	--	74	90428	卖盘
13:29:27	12.22	--	90	109980	卖盘
13:29:24	12.22	0.02	25	30550	买盘
13:29:21	12.2	0.03	1	1220	中性盘
13:29:15	12.17	-0.05	139	169163	卖盘
13:29:09	12.22	--	242	295724	买盘
13:28:54	12.22	0.02	190	232180	买盘
13:28:45	12.2	-0.01	3	3660	卖盘
13:28:39	12.21	0.05	100	122100	买盘
13:28:30	12.16	-0.04	139	169024	卖盘
13:28:24	12.2	--	74	90280	买盘
13:28:15	12.2	0.02	52	63439	买盘
13:27:54	12.18	-0.01	114	138852	中性盘
13:27:33	12.19	0.02	19	23161	买盘
13:27:24	12.17	--	76	92492	卖盘
13:27:06	12.17	-0.02	38	46246	卖盘
13:25:48	12.19	0.02	3	3657	买盘
13:25:45	12.17	-0.02	128	155776	卖盘
13:25:39	12.19	--	30	36570	买盘
13:25:33	12.19	-0.01	54	65826	卖盘
13:25:24	12.2	0.01	2	2440	买盘
13:25:18	12.19	--	120	146280	卖盘
13:25:12	12.19	--	29	35351	卖盘
13:24:18	12.19	0.01	37	45103	买盘
13:23:24	12.18	--	15	18270	卖盘
13:23:15	12.18	-0.01	9	10962	卖盘
13:23:09	12.19	--	8	9752	买盘
13:23:03	12.19	--	21	25599	卖盘
13:22:51	12.19	0.01	1	1219	中性盘
13:22:24	12.18	-0.01	134	163212	卖盘
13:22:18	12.19	-0.02	139	169441	卖盘
13:22:15	12.21	0.01	6	7326	买盘
13:22:12	12.2	-0.01	407	496540	卖盘
13:22:06	12.21	0.01	5	6105	买盘
13:22:03	12.2	-0.01	28	34160	卖盘
13:21:48	12.21	--	10	12210	卖盘
13:21:24	12.21	--	9	10989	卖盘
13:21:21	12.21	-0.01	10	12210	卖盘
13:20:45	12.22	0.01	10	12220	买盘
13:20:33	12.21	--	20	24420	卖盘
13:20:24	12.21	0.01	120	146520	买盘
13:20:15	12.2	--	1	1220	卖盘
13:20:06	12.2	--	2	2440	卖盘
13:20:03	12.2	--	20	24400	卖盘
13:20:00	12.2	--	1	1220	卖盘
13:19:57	12.2	--	23	28060	卖盘
13:19:33	12.2	-0.01	2	2440	卖盘
13:19:27	12.21	0.01	32	39072	中性盘
13:19:15	12.2	-0.01	128	156160	卖盘
13:19:09	12.21	--	16	19536	买盘
13:19:03	12.21	--	18	21978	买盘
13:18:57	12.21	--	16	19536	卖盘
13:18:48	12.21	0.01	50	61050	买盘
13:18:42	12.2	--	100	122000	卖盘
13:18:12	12.2	--	41	50020	买盘
13:18:09	12.2	--	5	6100	买盘
13:17:48	12.2	0.01	65	79300	买盘
13:17:30	12.19	-0.01	136	165784	卖盘
13:17:24	12.2	--	63	76860	卖盘
13:17:18	12.2	--	30	36600	卖盘
13:17:06	12.2	--	29	35380	买盘
13:17:03	12.2	--	100	122000	买盘
13:16:57	12.2	--	15	18300	买盘
13:16:51	12.2	--	5	6100	买盘
13:16:27	12.2	--	10	12200	买盘
13:16:21	12.2	--	8	9760	买盘
13:15:45	12.2	--	10	12200	买盘
13:15:36	12.2	--	4	4880	买盘
13:15:24	12.2	0.01	10	12200	买盘
13:15:12	12.19	-0.01	6	7314	卖盘
13:15:09	12.2	0.01	60	73200	买盘
13:14:21	12.19	0.01	1	1219	买盘
13:14:18	12.18	-0.01	144	175392	卖盘
13:14:12	12.19	0.01	50	60950	买盘
13:14:09	12.18	-0.01	38	46284	卖盘
13:14:03	12.19	--	20	24380	买盘
13:13:57	12.19	0.01	1	1219	买盘
13:13:48	12.18	--	20	24360	卖盘
13:13:21	12.18	--	46	56028	买盘
13:13:15	12.18	0.01	3	3654	买盘
13:13:06	12.17	-0.01	4	5415	卖盘
13:13:00	12.18	0.01	11	13398	买盘
13:12:54	12.17	-0.01	2	2434	卖盘
13:12:48	12.18	0.01	10	12180	买盘
13:12:36	12.17	--	134	163078	卖盘
13:12:30	12.17	-0.01	66	80322	卖盘
13:11:24	12.18	--	69	84042	买盘
13:10:48	12.18	0.02	9	10962	买盘
13:10:36	12.16	-0.01	130	158080	卖盘
13:10:30	12.17	-0.01	1	1217	卖盘
13:09:54	12.18	0.01	1	1218	买盘
13:09:12	12.17	--	40	48680	卖盘
13:09:09	12.17	0.01	24	29208	中性盘
13:09:00	12.16	-0.01	74	89984	卖盘
13:08:54	12.17	--	70	85190	卖盘
13:08:48	12.17	--	20	24340	卖盘
13:08:00	12.17	-0.02	5	6085	卖盘
13:07:42	12.19	0.02	8	9752	买盘
13:07:21	12.17	-0.01	75	91275	卖盘
13:07:15	12.18	--	58	70644	卖盘
13:07:09	12.18	-0.01	20	24360	卖盘
13:06:57	12.19	0.01	20	24380	买盘
13:06:54	12.18	--	4	4872	卖盘
13:06:27	12.18	-0.01	20	24360	卖盘
13:06:00	12.19	0.01	7	8533	买盘
13:05:51	12.18	--	20	24360	卖盘
13:05:45	12.18	0.01	70	85260	中性盘
13:05:39	12.17	--	68	82756	卖盘
13:04:42	12.17	--	30	36510	卖盘
13:04:36	12.17	--	5	6085	卖盘
13:04:09	12.17	--	72	87624	卖盘
13:04:03	12.17	--	57	69369	卖盘
13:03:57	12.17	0.01	111	135087	中性盘
13:03:12	12.16	0.01	5	6080	中性盘
13:02:54	12.15	0.01	31	37665	中性盘
13:02:30	12.14	-0.05	129	156606	卖盘
13:02:24	12.19	0.02	4	4876	买盘
13:01:39	12.17	0.01	154	187418	买盘
13:01:33	12.16	0.01	13	15808	卖盘
13:00:09	12.15	--	10	12150	卖盘
13:00:06	12.15	--	266	323190	卖盘
13:00:03	12.15	--	0	0	卖盘
11:30:03	12.15	--	14	17010	卖盘
11:29:54	12.15	--	20	24300	卖盘
11:29:42	12.15	0.01	2	2430	中性盘
11:29:15	12.14	-0.01	134	162676	卖盘
11:29:09	12.15	--	4	4860	买盘
11:28:54	12.15	0.01	25	30375	买盘
11:28:36	12.14	-0.01	5	6070	卖盘
11:28:18	12.15	--	21	25515	卖盘
11:28:12	12.15	0.01	9	10935	中性盘
11:27:54	12.14	-0.02	134	162676	卖盘
11:27:48	12.16	--	10	12160	买盘
11:27:15	12.16	--	29	35264	卖盘
11:27:12	12.16	--	12	14592	卖盘
11:27:09	12.16	--	1	1216	卖盘
11:27:06	12.16	--	11	13376	卖盘
11:27:03	12.16	0.01	1	1216	买盘
11:26:57	12.15	0.01	3	3645	中性盘
11:26:00	12.14	-0.01	134	162676	卖盘
11:24:54	12.15	--	10	12150	买盘
11:24:48	12.15	--	12	14580	买盘
11:24:45	12.15	-0.02	3	3645	卖盘
11:24:39	12.17	0.03	34	41378	买盘
11:24:21	12.14	-0.01	134	162676	卖盘
11:24:18	12.15	--	16	19440	卖盘
11:24:15	12.15	--	50	60750	卖盘
11:23:57	12.15	--	19	23085	卖盘
11:23:45	12.15	0.02	34	41310	买盘
11:23:27	12.13	--	3	3639	卖盘
11:23:18	12.13	--	10	12130	买盘
11:23:06	12.13	--	72	87336	买盘
11:23:00	12.13	0.01	2	2426	买盘
11:22:54	12.12	-0.01	134	162408	卖盘
11:22:51	12.13	-0.01	191	231683	卖盘
11:22:48	12.14	0.01	7	8498	买盘
11:21:45	12.13	--	24	29112	买盘
11:21:39	12.13	--	30	36390	买盘
11:21:30	12.13	--	9	10917	买盘
11:21:21	12.13	-0.01	337	408781	卖盘
11:21:15	12.14	--	7	8498	卖盘
11:21:09	12.14	--	9	10926	卖盘
11:21:06	12.14	--	2	2428	卖盘
11:21:03	12.14	--	12	14568	卖盘
11:20:57	12.14	--	134	162676	卖盘
11:20:51	12.14	-0.01	8	9712	卖盘
11:20:21	12.15	-0.01	48	58320	卖盘
11:20:18	12.16	-0.02	10	12160	中性盘
11:19:24	12.18	0.04	50	60900	买盘
11:19:12	12.14	-0.01	128	155392	卖盘
11:19:06	12.15	--	35	42525	卖盘
11:19:00	12.15	--	10	12150	卖盘
11:18:48	12.15	-0.01	46	55890	卖盘
11:18:45	12.16	-0.01	6	7296	卖盘
11:18:30	12.17	0.01	8	9736	买盘
11:18:27	12.16	0.01	4	4864	中性盘
11:18:00	12.15	0.01	18	21870	买盘
11:17:48	12.14	-0.01	81	98334	卖盘
11:17:42	12.15	0.01	378	459270	买盘
11:17:39	12.14	--	2	2428	卖盘
11:17:36	12.14	-0.01	127	154178	卖盘
11:17:30	12.15	0.01	17	20655	买盘
11:17:24	12.14	-0.01	13	15782	卖盘
11:17:09	12.15	--	206	250290	卖盘
11:16:54	12.15	--	8	9720	卖盘
11:16:48	12.15	-0.01	100	121500	卖盘
11:16:45	12.16	0.01	13	15808	买盘
11:16:42	12.15	--	17	20655	卖盘
11:16:39	12.15	--	1	1215	卖盘
11:16:36	12.15	-0.01	9	10935	卖盘
11:16:09	12.16	--	5	6080	买盘
11:16:06	12.16	--	53	64448	卖盘
11:16:03	12.16	-0.02	134	162944	卖盘
11:15:57	12.18	--	50	60900	买盘
11:15:45	12.18	0.01	213	259434	买盘
11:15:42	12.17	-0.01	33	40161	中性盘
11:15:21	12.18	--	158	192444	卖盘
11:14:57	12.18	--	3	3654	卖盘
11:14:48	12.18	--	10	12180	卖盘
11:14:42	12.18	0.03	19	23142	买盘
11:14:24	12.15	-0.03	134	162810	卖盘
11:14:18	12.18	--	10	12180	买盘
11:13:57	12.18	--	20	24360	买盘
11:13:54	12.18	0.02	6	7308	买盘
11:13:27	12.16	--	100	121600	卖盘
11:13:18	12.16	-0.02	2	2432	卖盘
11:13:15	12.18	0.03	10	12180	买盘
11:13:09	12.15	-0.01	134	162810	卖盘
11:13:03	12.16	0.01	27	32832	中性盘
11:12:00	12.15	--	4	4860	卖盘
11:11:54	12.15	--	1	1215	卖盘
11:11:45	12.15	--	11	13365	卖盘
11:11:36	12.15	--	20	24300	卖盘
11:11:18	12.15	--	25	30375	卖盘
11:11:09	12.15	--	22	26730	买盘
11:11:06	12.15	0.01	10	12150	买盘
11:11:00	12.14	-0.01	162	196668	卖盘
11:10:54	12.15	--	19	23085	买盘
11:10:48	12.15	--	5	6075	买盘
11:10:45	12.15	--	19	23085	买盘
11:10:42	12.15	--	2	2430	买盘
11:10:36	12.15	--	10	12150	买盘
11:10:33	12.15	--	4	4860	买盘
11:10:24	12.15	-0.04	657	798255	卖盘
11:10:18	12.19	--	10	12190	买盘
11:09:57	12.19	0.04	10	12190	买盘
11:09:54	12.15	-0.01	163	198045	卖盘
11:09:45	12.16	--	30	36480	卖盘
11:09:42	12.16	-0.01	134	162944	卖盘
11:09:39	12.17	0.01	4	4868	中性盘
11:09:36	12.16	--	3	3648	卖盘
11:08:54	12.16	-0.02	652	792832	卖盘
11:08:42	12.18	0.01	1	1218	买盘
11:08:39	12.17	-0.01	2	2434	卖盘
11:08:15	12.18	0.01	94	114492	买盘
11:08:06	12.17	-0.01	5	6085	中性盘
11:07:45	12.18	0.02	5	6090	买盘
11:07:42	12.16	-0.02	132	160512	卖盘
11:07:39	12.18	-0.02	6	7308	卖盘
11:07:36	12.2	0.02	27	32940	买盘
11:07:24	12.18	--	10	12180	卖盘
11:07:21	12.18	0.02	90	109620	买盘
11:07:18	12.16	-0.02	100	121600	卖盘
11:07:15	12.18	--	3	3654	买盘
11:07:12	12.18	--	6	7308	买盘
11:07:09	12.18	--	1	1218	买盘
11:07:03	12.18	-0.03	100	121800	中性盘
11:06:48	12.21	0.03	30	36630	买盘
11:06:45	12.18	--	22	26796	买盘
11:06:36	12.18	-0.01	171	208947	卖盘
11:06:27	12.19	-0.03	1	1219	中性盘
11:06:09	12.22	--	20	24440	买盘
11:06:06	12.22	0.04	9	10998	买盘
11:06:03	12.18	-0.04	129	157122	卖盘
11:06:00	12.22	--	23	28106	买盘
11:05:57	12.22	--	62	75764	买盘
11:05:39	12.22	--	132	161304	买盘
11:05:27	12.22	-0.01	27	32994	中性盘
11:05:18	12.23	--	10	12230	买盘
11:05:15	12.23	0.03	42	51366	买盘
11:05:12	12.2	--	3	3660	卖盘
11:05:06	12.2	--	3	3660	卖盘
11:04:39	12.2	-0.03	136	165920	卖盘
11:04:36	12.23	--	23	28129	买盘
11:04:33	12.23	0.03	34	41582	买盘
11:04:12	12.2	-0.03	5	6100	卖盘
11:04:06	12.23	0.04	52	63596	中性盘
11:03:21	12.19	-0.05	134	163346	卖盘
11:03:18	12.24	--	5	6120	买盘
11:03:15	12.24	--	23	28152	买盘
11:02:27	12.24	--	31	37944	买盘
11:02:21	12.24	0.03	100	122400	买盘
11:02:12	12.21	-0.02	168	205128	卖盘
11:02:06	12.23	-0.02	30	36690	卖盘
11:01:45	12.25	--	4	4900	买盘
11:01:39	12.25	--	45	55125	买盘
11:01:36	12.25	--	18	22050	买盘
11:01:15	12.25	--	57	69825	卖盘
11:01:12	12.25	--	12	14700	卖盘
11:01:06	12.25	0.01	173	211925	买盘
11:01:00	12.24	-0.01	20	24480	中性盘
11:00:48	12.25	-0.01	28	34300	中性盘
11:00:36	12.26	0.03	600	735600	买盘
11:00:21	12.23	-0.03	8	9784	买盘
11:00:18	12.26	0.03	30	36780	买盘
11:00:15	12.23	--	20	24460	买盘
11:00:09	12.23	--	10	12230	买盘
11:00:03	12.23	--	10	12230	买盘
11:00:00	12.23	-0.03	57	69711	卖盘
10:59:57	12.26	0.02	26	31876	买盘
10:59:51	12.24	--	18	22032	买盘
10:59:39	12.24	-0.02	46	56304	卖盘
10:59:30	12.26	0.02	144	176544	买盘
10:59:24	12.24	--	317	388008	卖盘
10:59:18	12.24	--	65	79560	买盘
10:59:12	12.24	0.01	31	37944	买盘
10:59:03	12.23	-0.01	11	13453	卖盘
10:58:54	12.24	--	1	1224	买盘
10:58:48	12.24	--	2	2448	买盘
10:58:45	12.24	-0.01	12	14688	中性盘
10:58:21	12.25	0.01	59	72275	买盘
10:58:09	12.24	0.02	42	51408	买盘
10:58:00	12.22	0.01	8	9776	买盘
10:57:54	12.21	--	70	85470	卖盘
10:57:51	12.21	--	57	69597	卖盘
10:57:48	12.21	0.01	8	9768	买盘
10:57:45	12.2	--	15	18300	卖盘
10:57:42	12.2	-0.01	1	1220	中性盘
10:57:33	12.21	0.01	31	37851	买盘
10:57:27	12.2	--	8	9760	卖盘
10:57:21	12.2	-0.01	100	122000	卖盘
10:57:15	12.21	0.01	100	122100	买盘
10:57:09	12.2	--	13	15859	卖盘
10:56:51	12.2	-0.01	30	36600	卖盘
10:56:45	12.21	0.01	32	39072	买盘
10:56:39	12.2	-0.01	38	46360	卖盘
10:56:36	12.21	--	180	219780	买盘
10:56:33	12.21	--	10	12210	买盘
10:56:30	12.21	0.01	100	122100	买盘
10:56:18	12.2	--	242	295240	买盘
10:56:12	12.2	--	40	48800	买盘
10:56:00	12.2	--	13	15859	买盘
10:55:57	12.2	0.01	16	19520	买盘
10:55:51	12.19	--	14	17066	买盘
10:55:48	12.19	--	30	36570	买盘
10:55:18	12.19	-0.01	21	25599	卖盘
10:55:06	12.2	0.01	30	36600	买盘
10:55:03	12.19	-0.01	17	20723	卖盘
10:55:00	12.2	0.01	81	98820	买盘
10:54:54	12.19	-0.01	15	18285	卖盘
10:54:51	12.2	--	10	12200	买盘
10:54:45	12.2	0.01	38	46360	买盘
10:54:39	12.19	-0.01	131	159689	卖盘
10:54:36	12.2	--	46	56120	买盘
10:54:33	12.2	0.01	55	67100	买盘
10:54:18	12.19	-0.01	10	12190	卖盘
10:54:15	12.2	0.01	32	39040	买盘
10:54:09	12.19	--	1	1219	卖盘
10:54:06	12.19	--	1	1219	买盘
10:54:00	12.19	--	2	2438	买盘
10:53:57	12.19	--	30	36570	买盘
10:53:54	12.19	--	26	31694	买盘
10:53:51	12.19	0.01	100	121900	买盘
10:53:33	12.18	--	127	155234	买盘
10:53:27	12.18	--	28	34104	买盘
10:53:24	12.18	0.03	5	6090	买盘
10:53:03	12.15	-0.01	72	87480	卖盘
10:53:00	12.16	0.01	2	2432	卖盘
10:52:57	12.15	-0.01	58	70470	卖盘
10:52:51	12.16	--	1	1216	卖盘
10:52:45	12.16	--	30	36480	买盘
10:52:42	12.16	--	62	75392	买盘
10:52:36	12.16	0.01	27	32832	买盘
10:52:33	12.15	--	11	13365	买盘
10:52:30	12.15	--	5	6075	买盘
10:52:27	12.15	--	30	36450	买盘
10:52:24	12.15	-0.01	19	23085	中性盘
10:52:12	12.16	0.02	3	3648	买盘
10:52:06	12.14	-0.02	1	1214	卖盘
10:51:57	12.16	--	111	134976	买盘
10:51:54	12.16	0.02	21	25536	买盘
10:51:48	12.14	0.01	6	7284	中性盘
10:51:24	12.13	-0.03	69	83697	卖盘
10:51:21	12.16	0.01	91	110656	买盘
10:51:18	12.15	-0.01	6	7290	卖盘
10:51:15	12.16	0.02	27	32832	买盘
10:50:45	12.14	-0.02	2	2428	卖盘
10:50:42	12.16	--	30	36480	买盘
10:50:39	12.16	--	10	12160	买盘
10:50:36	12.16	--	31	37696	买盘
10:50:24	12.16	0.03	2	2432	中性盘
10:49:54	12.13	-0.05	134	162542	卖盘
10:49:48	12.18	0.03	30	36540	买盘
10:49:24	12.15	--	396	481140	买盘
10:49:15	12.15	--	138	167670	买盘
10:49:09	12.15	-0.02	602	731430	卖盘
10:49:06	12.17	-0.01	20	24340	中性盘
10:48:57	12.18	--	163	198534	买盘
10:48:51	12.18	0.01	57	69426	买盘
10:48:24	12.17	-0.01	5	6085	卖盘
10:48:09	12.18	--	29	35322	买盘
10:48:06	12.18	--	97	118146	买盘
10:47:42	12.18	--	10	12180	买盘
10:47:30	12.18	--	6	7308	买盘
10:47:21	12.18	--	82	99876	买盘
10:47:12	12.18	0.01	1	1218	买盘
10:47:00	12.17	--	5	6085	卖盘
10:46:42	12.17	--	134	163078	卖盘
10:46:39	12.17	-0.01	13	15821	卖盘
10:46:36	12.18	--	71	86478	买盘
10:46:30	12.18	--	30	36540	买盘
10:45:51	12.18	--	95	115710	买盘
10:45:42	12.18	0.01	31	37758	买盘
10:45:30	12.17	--	4	4868	买盘
10:45:21	12.17	-0.01	46	55982	卖盘
10:45:12	12.18	--	1	1218	买盘
10:45:06	12.18	--	91	110838	买盘
10:44:51	12.18	0.01	1	1218	买盘
10:44:48	12.17	--	10	12170	卖盘
10:44:36	12.17	--	31	37727	买盘
10:44:27	12.17	--	10	12170	买盘
10:44:21	12.17	0.01	14	17038	买盘
10:44:18	12.16	--	1	1216	卖盘
10:44:15	12.16	--	14	17024	卖盘
10:43:45	12.16	--	15	18240	买盘
10:43:42	12.16	-0.01	1	1216	卖盘
10:43:36	12.17	0.01	12	14604	买盘
10:43:18	12.16	-0.01	5	6080	卖盘
10:42:51	12.17	--	15	18255	买盘
10:42:36	12.17	-0.01	41	49897	卖盘
10:42:33	12.18	0.01	2	2436	买盘
10:42:27	12.17	-0.01	10	12170	卖盘
10:42:21	12.18	0.01	1	1218	买盘
10:42:09	12.17	-0.01	60	73020	卖盘
10:42:06	12.18	--	86	104748	买盘
10:41:57	12.18	--	29	35322	买盘
10:41:48	12.18	--	7	9195	卖盘
10:41:24	12.18	--	29	35870	买盘
10:41:21	12.18	--	66	80388	买盘
10:41:18	12.18	--	6	7308	买盘
10:41:06	12.18	0.01	31	37758	买盘
10:40:54	12.17	0.02	71	86407	买盘
10:40:45	12.15	-0.01	13	15795	卖盘
10:40:39	12.16	-0.01	1	1216	中性盘
10:40:36	12.17	0.01	522	635274	买盘
10:40:30	12.16	--	50	60800	买盘
10:40:18	12.16	-0.01	30	36480	买盘
10:39:51	12.17	0.02	100	121700	买盘
10:39:45	12.15	--	1	1215	卖盘
10:39:42	12.15	-0.01	20	24300	卖盘
10:39:39	12.16	--	30	36480	买盘
10:39:33	12.16	--	15	18240	买盘
10:39:30	12.16	--	16	19456	买盘
10:39:15	12.16	--	3	3648	买盘
10:39:06	12.16	-0.01	5	6080	中性盘
10:38:42	12.17	0.02	27	32859	买盘
10:38:36	12.15	--	20	24300	卖盘
10:38:33	12.15	--	10	12150	卖盘
10:38:21	12.15	--	27	32805	卖盘
10:38:09	12.15	-0.01	26	31590	卖盘
10:38:06	12.16	0.01	20	24320	卖盘
10:38:03	12.15	-0.02	10	12150	卖盘
10:37:54	12.17	0.02	37	45029	中性盘
10:37:42	12.15	--	49	59535	买盘
10:37:39	12.15	--	7	8505	买盘
10:37:36	12.15	--	25	30375	买盘
10:37:30	12.15	--	17	20655	买盘
10:37:18	12.15	--	3	3645	买盘
10:37:15	12.15	-0.03	201	244215	卖盘
10:37:06	12.18	--	40	48720	买盘
10:36:51	12.18	--	33	40194	买盘
10:36:33	12.18	0.02	21	25578	买盘
10:36:18	12.16	-0.01	13	15808	卖盘
10:36:06	12.17	--	6	7302	买盘
10:35:57	12.17	--	21	25557	买盘
10:35:39	12.17	--	1	1217	买盘
10:35:21	12.17	--	18	21906	买盘
10:35:09	12.17	0.01	22	26774	买盘
10:34:54	12.16	-0.01	20	24320	卖盘
10:34:36	12.17	0.01	29	35293	买盘
10:34:33	12.16	--	24	29184	卖盘
10:34:27	12.16	--	2	2432	卖盘
10:34:09	12.16	-0.01	79	96064	卖盘
10:33:57	12.17	--	11	13387	买盘
10:33:51	12.17	0.02	47	57199	买盘
10:33:39	12.15	-0.01	22	26730	卖盘
10:33:36	12.16	0.01	43	52288	买盘
10:33:27	12.15	-0.01	20	24300	卖盘
10:33:15	12.16	--	2	2432	买盘
10:33:09	12.16	--	30	36480	买盘
10:33:06	12.16	-0.01	12	14592	卖盘
10:33:00	12.17	0.01	2	2434	买盘
10:32:57	12.16	--	40	48640	卖盘
10:32:51	12.16	--	14	17024	卖盘
10:32:45	12.16	--	13	15808	卖盘
10:32:30	12.16	--	3	3648	卖盘
10:32:18	12.16	-0.01	72	87552	卖盘
10:31:54	12.17	--	19	23123	买盘
10:31:51	12.17	--	5	6085	买盘
10:31:36	12.17	0.01	11	13387	买盘
10:31:09	12.16	-0.01	9	10944	卖盘
10:30:51	12.17	0.01	1	1217	买盘
10:30:48	12.16	0.01	10	12160	中性盘
10:30:15	12.15	--	2	2430	卖盘
10:30:03	12.15	--	56	68040	卖盘
10:29:51	12.15	--	14	17010	卖盘
10:29:48	12.15	0.01	124	150660	买盘
10:29:45	12.14	-0.01	4	4856	卖盘
10:29:42	12.15	0.01	140	170100	买盘
10:29:36	12.14	--	2	2428	卖盘
10:29:27	12.14	--	100	121400	卖盘
10:29:18	12.14	--	40	48560	卖盘
10:29:15	12.14	--	10	12140	卖盘
10:29:03	12.14	--	23	27922	买盘
10:28:57	12.14	--	49	59486	卖盘
10:28:54	12.14	-0.01	100	121400	卖盘
10:28:45	12.15	0.01	21	25515	买盘
10:28:42	12.14	-0.01	100	121400	卖盘
10:28:39	12.15	--	31	37665	买盘
10:28:33	12.15	-0.01	103	125145	卖盘
10:28:27	12.16	0.01	12	14592	买盘
10:28:18	12.15	-0.01	20	24300	卖盘
10:28:12	12.16	--	10	12160	买盘
10:27:51	12.16	--	10	12160	买盘
10:27:42	12.16	--	107	130112	卖盘
10:27:39	12.16	-0.01	2	2432	卖盘
10:27:27	12.17	--	5	6085	买盘
10:27:00	12.17	--	10	12170	买盘
10:26:36	12.17	--	5	6085	买盘
10:26:15	12.17	--	125	152794	卖盘
10:26:09	12.17	-0.01	5	6085	卖盘
10:25:27	12.18	--	15	18270	买盘
10:25:21	12.18	-0.02	138	168084	卖盘
10:25:06	12.2	--	3	3660	买盘
10:24:39	12.2	0.02	28	34160	买盘
10:24:12	12.18	-0.02	2	2436	卖盘
10:23:57	12.2	0.02	44	53680	买盘
10:23:39	12.18	0.01	31	37758	买盘
10:23:36	12.17	--	3	4198	买盘
10:23:33	12.17	-0.01	1	1886	卖盘
10:23:24	12.18	--	26	31668	买盘
10:23:21	12.18	0.01	30	36540	买盘
10:23:09	12.17	--	10	12170	卖盘
10:22:45	12.17	--	13	15821	卖盘
10:22:42	12.17	--	5	6632	买盘
10:22:21	12.17	0.02	46	55982	买盘
10:22:12	12.15	--	40	48600	卖盘
10:22:03	12.15	--	26	31590	卖盘
10:22:00	12.15	--	163	198045	卖盘
10:21:57	12.15	--	117	142155	买盘
10:21:51	12.15	--	18	21870	买盘
10:21:48	12.15	0.01	6	7290	买盘
10:21:45	12.14	-0.01	305	370270	卖盘
10:21:39	12.15	--	10	12150	买盘
10:21:36	12.15	0.01	25	30375	买盘
10:21:24	12.14	-0.01	13	15782	卖盘
10:21:21	12.15	--	20	24300	买盘
10:21:03	12.15	--	313	380295	卖盘
10:20:45	12.15	--	8	9720	卖盘
10:20:30	12.15	--	2	2430	卖盘
10:20:27	12.15	--	1	1215	卖盘
10:20:24	12.15	--	19	23085	卖盘
10:20:15	12.15	-0.01	1	1215	卖盘
10:20:06	12.16	--	3	3648	卖盘
10:20:03	12.16	--	6	7296	买盘
10:19:57	12.16	--	24	29184	卖盘
10:19:12	12.16	--	6	7296	买盘
10:19:09	12.16	--	31	37696	卖盘
10:18:39	12.16	--	32	38912	卖盘
10:18:36	12.16	-0.01	1	1216	中性盘
10:18:15	12.17	0.01	40	48680	买盘
10:18:09	12.16	--	10	12160	买盘
10:18:00	12.16	--	47	57820	卖盘
10:17:54	12.16	--	5	6080	卖盘
10:17:39	12.16	--	20	24320	卖盘
10:17:18	12.16	--	40	48640	卖盘
10:17:12	12.16	-0.01	14	17024	卖盘
10:17:00	12.17	--	5	6085	买盘
10:16:51	12.17	0.01	9	10953	买盘
10:16:45	12.16	-0.01	47	57152	卖盘
10:16:15	12.17	--	5	6085	买盘
10:16:00	12.17	0.01	19	23123	买盘
10:15:57	12.16	-0.01	1	1216	卖盘
10:15:48	12.17	0.01	3	3651	买盘
10:15:45	12.16	--	3	3648	卖盘
10:15:39	12.16	--	9	10944	卖盘
10:15:21	12.16	--	93	113088	卖盘
10:14:57	12.16	-0.01	13	15808	卖盘
10:14:54	12.17	0.01	11	13387	买盘
10:14:39	12.16	--	16	20003	买盘
10:14:21	12.16	--	13	15808	买盘
10:14:15	12.16	--	178	217116	卖盘
10:14:00	12.16	--	47	57699	买盘
10:13:54	12.16	--	5	6080	买盘
10:13:45	12.16	--	10	12160	买盘
10:13:42	12.16	0.01	2	2432	买盘
10:13:39	12.15	--	40	48600	卖盘
10:13:30	12.15	--	105	127575	卖盘
10:13:27	12.15	-0.01	20	24300	卖盘
10:13:24	12.16	--	5	6080	买盘
10:13:21	12.16	0.01	80	97280	买盘
10:13:18	12.15	--	20	24300	卖盘
10:13:03	12.15	-0.01	12	14580	卖盘
10:13:00	12.16	0.01	5	6080	买盘
10:12:42	12.15	-0.01	15	18225	卖盘
10:12:36	12.16	--	30	36480	买盘
10:12:24	12.16	--	160	194560	买盘
10:12:18	12.16	-0.01	82	99712	卖盘
10:12:09	12.17	0.01	1	1217	买盘
10:12:06	12.16	-0.01	20	24320	卖盘
10:12:03	12.17	--	8	9736	买盘
10:11:39	12.17	0.01	5	6085	买盘
10:11:36	12.16	-0.01	11	13376	卖盘
10:11:24	12.17	0.01	20	24340	买盘
10:11:21	12.16	-0.01	15	18240	卖盘
10:11:15	12.17	--	9	10953	卖盘
10:11:03	12.17	--	1	1217	买盘
10:10:48	12.17	--	1	1217	买盘
10:10:42	12.17	0.01	1	1217	买盘
10:10:39	12.16	-0.01	2	2432	卖盘
10:10:36	12.17	0.01	5	6085	买盘
10:10:30	12.16	-0.01	13	15808	卖盘
10:10:09	12.17	--	16	19472	卖盘
10:10:06	12.17	--	2	2434	卖盘
10:09:57	12.17	-0.01	10	12170	卖盘
10:09:51	12.18	0.02	5	6090	买盘
10:09:33	12.16	-0.01	68	82688	卖盘
10:09:30	12.17	0.01	143	174031	买盘
10:09:27	12.16	--	59	71744	卖盘
10:09:24	12.16	-0.01	17	20672	卖盘
10:09:18	12.17	--	24	29208	买盘
10:08:51	12.17	--	50	60850	买盘
10:08:36	12.17	--	20	24340	买盘
10:08:30	12.17	--	268	326156	买盘
10:08:09	12.17	0.01	30	36510	买盘
10:08:06	12.16	-0.01	1	1216	卖盘
10:08:03	12.17	--	10	12170	买盘
10:08:00	12.17	--	7	8519	买盘
10:07:57	12.17	0.01	7	8519	买盘
10:07:51	12.16	-0.01	9	10944	卖盘
10:07:33	12.17	--	1	1217	卖盘
10:07:30	12.17	-0.01	50	60850	卖盘
10:07:27	12.18	0.01	100	121800	买盘
10:07:18	12.17	--	35	42595	卖盘
10:07:15	12.17	--	19	23123	卖盘
10:07:12	12.17	--	6	7302	卖盘
10:07:00	12.17	--	145	176465	卖盘
10:06:51	12.17	--	14	17038	卖盘
10:06:39	12.17	-0.01	10	12170	卖盘
10:06:36	12.18	--	12	14616	买盘
10:06:24	12.18	--	20	24360	买盘
10:06:21	12.18	--	5	6090	买盘
10:06:15	12.18	-0.01	30	36540	卖盘
10:06:09	12.19	--	1	1219	卖盘
10:06:00	12.19	--	30	36570	卖盘
10:05:51	12.19	--	6	7314	卖盘
10:05:48	12.19	--	1	1219	卖盘
10:05:42	12.19	--	1	1219	买盘
10:05:33	12.19	0.01	12	14628	买盘
10:05:30	12.18	--	22	26796	买盘
10:05:24	12.18	--	12	14616	卖盘
10:05:15	12.18	-0.01	17	20706	卖盘
10:05:12	12.19	0.01	18	21942	买盘
10:05:06	12.18	--	10	12180	卖盘
10:04:57	12.18	--	10	12180	卖盘
10:04:39	12.18	--	7	8526	买盘
10:04:36	12.18	--	20	24360	买盘
10:04:33	12.18	--	10	12180	买盘
10:04:24	12.18	0.01	20	24360	买盘
10:04:09	12.17	--	46	55982	买盘
10:03:54	12.17	--	5	6085	买盘
10:03:45	12.17	0.01	20	24340	买盘
10:03:39	12.16	-0.01	1	1216	卖盘
10:03:33	12.17	--	100	121700	买盘
10:03:30	12.17	0.01	7	8519	买盘
10:03:24	12.16	--	2	2432	卖盘
10:03:18	12.16	--	4	4864	卖盘
10:03:06	12.16	--	14	17024	买盘
10:03:03	12.16	--	15	18240	买盘
10:03:00	12.16	--	8	9728	买盘
10:02:57	12.16	--	10	12160	买盘
10:02:54	12.16	--	9	10944	买盘
10:02:48	12.16	0.01	7	8512	买盘
10:02:36	12.15	--	45	54675	买盘
10:02:33	12.15	--	100	121500	买盘
10:02:30	12.15	0.01	10	12150	买盘
10:02:27	12.14	-0.01	42	50988	卖盘
10:02:24	12.15	--	100	121500	买盘
10:02:21	12.15	0.01	5	6075	买盘
10:02:18	12.14	-0.01	16	19424	卖盘
10:02:12	12.15	--	25	30375	买盘
10:02:09	12.15	-0.01	26	31590	卖盘
10:02:03	12.16	0.01	17	20672	买盘
10:01:51	12.15	--	2	2430	买盘
10:01:48	12.15	0.01	8	9720	中性盘
10:01:45	12.14	0.01	2	2428	卖盘
10:01:42	12.13	-0.03	66	80058	卖盘
10:01:30	12.16	0.01	19	23104	买盘
10:01:24	12.15	-0.01	8	9720	卖盘
10:01:18	12.16	0.01	13	15808	买盘
10:01:15	12.15	-0.01	99	120285	卖盘
10:01:09	12.16	--	23	27968	卖盘
10:01:03	12.16	-0.01	200	243200	卖盘
10:01:00	12.17	--	1	1217	买盘
10:00:57	12.17	--	1	1217	买盘
10:00:51	12.17	--	99	120483	卖盘
10:00:48	12.17	-0.01	21	25557	卖盘
10:00:27	12.18	--	81	98658	卖盘
10:00:21	12.18	-0.01	10	12180	卖盘
10:00:00	12.19	-0.01	10	12190	卖盘
09:59:51	12.2	-0.02	907	1106540	卖盘
09:59:48	12.22	--	80	97760	买盘
09:59:45	12.22	-0.01	46	56212	卖盘
09:59:27	12.23	--	19	23237	买盘
09:59:09	12.23	0.02	1	1223	买盘
09:59:06	12.21	-0.02	33	40293	卖盘
09:59:03	12.23	--	15	18345	买盘
09:58:57	12.23	--	11	13453	买盘
09:58:51	12.23	--	12	14676	买盘
09:58:27	12.23	-0.01	16	19568	卖盘
09:58:21	12.24	0.02	90	110160	买盘
09:58:15	12.22	-0.01	500	611000	卖盘
09:58:06	12.23	0.01	19	23237	买盘
09:57:54	12.22	0.01	200	244400	中性盘
09:57:48	12.21	-0.01	11	13431	卖盘
09:57:45	12.22	--	63	76986	卖盘
09:57:36	12.22	--	2	2444	卖盘
09:57:30	12.22	--	9	10998	买盘
09:57:27	12.22	-0.01	3	3666	买盘
09:57:24	12.23	0.02	50	61150	买盘
09:57:18	12.21	--	9	10989	卖盘
09:57:15	12.21	--	17	20757	卖盘
09:57:12	12.21	--	20	24420	卖盘
09:56:51	12.21	-0.01	1000	1221000	卖盘
09:56:48	12.22	--	40	48880	卖盘
09:56:45	12.22	-0.01	13	15886	卖盘
09:56:42	12.23	0.01	4	4892	买盘
09:56:36	12.22	--	17	20774	卖盘
09:56:21	12.22	--	10	12220	买盘
09:56:15	12.22	0.01	5	6110	中性盘
09:56:09	12.21	-0.02	50	61050	卖盘
09:55:51	12.23	0.02	4	4892	买盘
09:55:39	12.21	-0.01	483	589743	卖盘
09:55:30	12.22	--	149	182078	卖盘
09:55:27	12.22	--	14	17108	卖盘
09:55:24	12.22	--	1	1222	卖盘
09:55:21	12.22	--	10	12220	卖盘
09:55:18	12.22	--	10	12220	卖盘
09:55:00	12.22	-0.01	12	14664	卖盘
09:54:57	12.23	--	6	7338	买盘
09:54:48	12.23	--	197	240931	买盘
09:54:45	12.23	--	5	6115	买盘
09:54:39	12.23	0.01	4	4892	买盘
09:54:33	12.22	-0.01	30	36660	卖盘
09:54:30	12.23	--	90	110070	买盘
09:54:27	12.23	--	10	12230	买盘
09:54:21	12.23	--	20	24460	买盘
09:54:18	12.23	--	23	28129	买盘
09:54:03	12.23	--	10	12230	买盘
09:53:51	12.23	0.01	5	6115	买盘
09:53:48	12.22	--	94	114868	卖盘
09:53:39	12.22	-0.01	4	4888	卖盘
09:53:36	12.23	--	4	4892	买盘
09:53:15	12.23	--	10	12230	买盘
09:52:42	12.23	-0.02	68	83164	卖盘
09:52:33	12.25	0.02	272	333200	买盘
09:52:30	12.23	--	90	110070	卖盘
09:52:27	12.23	--	11	13453	卖盘
09:52:21	12.23	--	5	6115	卖盘
09:52:18	12.23	--	123	150429	买盘
09:52:15	12.23	--	10	12230	买盘
09:52:06	12.23	--	27	33021	买盘
09:51:57	12.23	--	56	68488	卖盘
09:51:54	12.23	-0.01	30	36690	卖盘
09:51:51	12.24	--	10	12240	买盘
09:51:45	12.24	--	2	2448	买盘
09:51:21	12.24	--	14	17136	卖盘
09:51:09	12.24	--	14	17136	卖盘
09:51:03	12.24	0.01	10	12240	中性盘
09:50:57	12.23	--	52	63596	卖盘
09:50:54	12.23	-0.01	13	15899	卖盘
09:50:45	12.24	--	74	90576	买盘
09:50:36	12.24	0.01	20	24480	买盘
09:50:27	12.23	--	11	13453	卖盘
09:50:24	12.23	--	30	36690	卖盘
09:50:15	12.23	-0.01	10	12230	卖盘
09:50:06	12.24	--	5	6120	买盘
09:50:03	12.24	--	1	1224	买盘
09:49:42	12.24	--	6	7344	卖盘
09:49:33	12.24	--	8	9792	卖盘
09:49:21	12.24	-0.01	3	3672	卖盘
09:49:00	12.25	0.01	10	12250	买盘
09:48:39	12.24	-0.02	10	12240	卖盘
09:48:09	12.26	--	11	13486	买盘
09:48:00	12.26	--	1	1226	卖盘
09:47:54	12.26	--	1	1226	卖盘
09:47:48	12.26	0.01	2	2452	买盘
09:47:45	12.25	-0.02	15	18375	卖盘
09:47:42	12.27	0.02	300	368100	买盘
09:47:30	12.25	-0.01	99	121275	卖盘
09:47:21	12.26	--	23	28198	卖盘
09:47:12	12.26	--	5	6130	卖盘
09:47:09	12.26	-0.01	10	12260	卖盘
09:47:06	12.27	--	6	7362	买盘
09:46:42	12.27	--	15	18405	买盘
09:46:30	12.27	0.01	50	61350	买盘
09:46:27	12.26	--	6	7356	买盘
09:46:15	12.26	-0.01	1	1226	中性盘
09:46:06	12.27	--	166	203682	买盘
09:46:03	12.27	0.01	20	24540	买盘
09:46:00	12.26	--	4	4904	卖盘
09:45:51	12.26	0.01	2	2452	中性盘
09:45:45	12.25	-0.01	40	49000	卖盘
09:45:42	12.26	0.01	20	24520	买盘
09:45:39	12.25	--	1	1225	卖盘
09:45:36	12.25	-0.02	5	6125	卖盘
09:45:21	12.27	--	20	24540	买盘
09:45:18	12.27	--	1	1227	买盘
09:45:15	12.27	--	17	20859	买盘
09:45:03	12.27	--	60	73620	买盘
09:45:00	12.27	--	3	3681	买盘
09:44:48	12.27	--	6	7362	买盘
09:44:42	12.27	0.02	13	15951	买盘
09:44:33	12.25	--	73	89425	买盘
09:44:30	12.25	0.02	5	6125	买盘
09:44:06	12.23	0.01	334	408482	买盘
09:43:45	12.22	--	14	17108	买盘
09:43:39	12.22	0.01	5	6110	买盘
09:43:33	12.21	-0.01	10	12210	卖盘
09:43:27	12.22	--	5	6110	买盘
09:43:24	12.22	--	104	127088	买盘
09:43:18	12.22	--	1	1222	买盘
09:43:06	12.22	-0.01	1	1222	中性盘
09:43:00	12.23	0.01	106	129638	买盘
09:42:54	12.22	--	19	23218	卖盘
09:42:51	12.22	--	5	6110	卖盘
09:42:48	12.22	-0.01	20	24440	卖盘
09:42:45	12.23	0.01	2	2446	买盘
09:42:42	12.22	--	19	23218	卖盘
09:42:39	12.22	-0.01	24	29328	卖盘
09:42:30	12.23	--	8	9784	买盘
09:42:24	12.23	--	25	30575	卖盘
09:42:21	12.23	-0.02	10	12230	卖盘
09:42:09	12.25	--	12	14700	卖盘
09:42:06	12.25	--	10	12250	卖盘
09:42:03	12.25	--	38	46550	买盘
09:41:54	12.25	--	6	7350	买盘
09:41:51	12.25	--	1	1225	买盘
09:41:48	12.25	-0.01	92	112700	卖盘
09:41:33	12.26	0.01	1	1226	中性盘
09:41:30	12.25	-0.02	305	373625	卖盘
09:41:18	12.27	--	3	3681	卖盘
09:41:15	12.27	-0.01	40	49080	卖盘
09:41:03	12.28	--	21	25788	买盘
09:41:00	12.28	--	12	14736	买盘
09:40:51	12.28	--	1	1228	买盘
09:40:48	12.28	-0.01	4	4912	中性盘
09:40:45	12.29	0.01	79	97091	买盘
09:40:33	12.28	--	19	23332	卖盘
09:40:30	12.28	--	8	9824	卖盘
09:40:18	12.28	--	19	23332	卖盘
09:40:15	12.28	--	20	24560	卖盘
09:40:12	12.28	0.01	144	176832	买盘
09:40:00	12.27	--	69	84663	卖盘
09:39:54	12.27	0.01	10	12270	中性盘
09:39:45	12.26	--	89	109114	卖盘
09:39:33	12.26	0.01	31	38006	买盘
09:39:27	12.25	--	21	25725	卖盘
09:39:21	12.25	--	64	78400	卖盘
09:39:18	12.25	--	12	14700	卖盘
09:39:15	12.25	--	5	6125	卖盘
09:39:12	12.25	-0.01	14	17150	卖盘
09:39:09	12.26	0.01	22	26972	买盘
09:39:00	12.25	--	59	72275	买盘
09:38:57	12.25	--	9	11025	卖盘
09:38:51	12.25	-0.01	5	6125	卖盘
09:38:45	12.26	--	60	73560	买盘
09:38:42	12.26	--	5	6130	买盘
09:38:36	12.26	--	2	2452	买盘
09:38:33	12.26	--	20	24520	卖盘
09:38:30	12.26	--	5	6130	卖盘
09:38:27	12.26	--	10	12260	卖盘
09:38:21	12.26	--	26	31876	卖盘
09:38:18	12.26	--	13	15938	卖盘
09:38:12	12.26	--	20	24520	卖盘
09:37:57	12.26	--	23	28198	买盘
09:37:54	12.26	--	20	24520	买盘
09:37:39	12.26	--	2	2452	买盘
09:37:21	12.26	--	23	28198	买盘
09:37:18	12.26	0.01	16	19616	买盘
09:37:12	12.25	--	5	6125	卖盘
09:37:06	12.25	--	20	24500	卖盘
09:37:00	12.25	--	3	3675	卖盘
09:36:51	12.25	0.01	45	55125	买盘
09:36:48	12.24	--	18	22032	卖盘
09:36:45	12.24	--	2	2448	卖盘
09:36:42	12.24	-0.01	10	12240	卖盘
09:36:39	12.25	0.01	44	53900	买盘
09:36:24	12.24	-0.01	10	12240	卖盘
09:36:21	12.25	--	5	6125	买盘
09:36:06	12.25	--	63	77175	买盘
09:36:03	12.25	--	15	18375	买盘
09:36:00	12.25	0.01	30	36750	买盘
09:35:57	12.24	-0.01	10	12240	卖盘
09:35:54	12.25	--	1	1225	买盘
09:35:51	12.25	0.01	5	6125	买盘
09:35:42	12.24	--	5	6120	卖盘
09:35:39	12.24	-0.01	1	1224	卖盘
09:35:33	12.25	0.01	3	3675	买盘
09:35:30	12.24	--	6	7344	买盘
09:35:27	12.24	-0.01	1	1224	卖盘
09:35:21	12.25	0.01	9	11025	买盘
09:35:15	12.24	-0.01	24	29376	卖盘
09:35:12	12.25	--	10	12250	买盘
09:35:09	12.25	--	2	2450	买盘
09:35:06	12.25	--	6	7350	买盘
09:35:03	12.25	--	27	33075	买盘
09:35:00	12.25	--	40	49000	卖盘
09:34:57	12.25	--	3	3675	卖盘
09:34:51	12.25	--	72	88200	买盘
09:34:48	12.25	0.02	10	12250	买盘
09:34:45	12.23	--	10	12230	卖盘
09:34:39	12.23	--	10	12230	买盘
09:34:33	12.23	-0.02	2	2446	中性盘
09:34:06	12.25	0.03	50	61250	买盘
09:34:03	12.22	--	18	21996	卖盘
09:33:57	12.22	-0.03	1	1222	卖盘
09:33:45	12.25	-0.01	13	15925	卖盘
09:33:42	12.26	0.01	6	7356	买盘
09:33:36	12.25	-0.01	40	49000	卖盘
09:33:30	12.26	--	15	18390	卖盘
09:33:27	12.26	0.01	58	71108	买盘
09:33:12	12.25	-0.01	1	1225	卖盘
09:33:00	12.26	-0.01	17	20842	卖盘
09:32:57	12.27	0.01	10	12270	买盘
09:32:48	12.26	--	20	24520	卖盘
09:32:39	12.26	--	15	18390	卖盘
09:32:36	12.26	--	1	1226	卖盘
09:32:33	12.26	--	20	24520	卖盘
09:32:27	12.26	-0.03	191	234166	卖盘
09:32:21	12.29	0.03	500	614500	买盘
09:32:18	12.26	--	7	8582	卖盘
09:32:15	12.26	--	52	63752	卖盘
09:32:12	12.26	-0.02	10	12260	卖盘
09:32:06	12.28	0.02	4	4912	中性盘
09:32:00	12.26	-0.02	32	39232	卖盘
09:31:57	12.28	--	20	24560	卖盘
09:31:54	12.28	--	20	24560	卖盘
09:31:51	12.28	0.03	481	590668	买盘
09:31:48	12.25	--	67	82075	买盘
09:31:45	12.25	--	9	11025	卖盘
09:31:39	12.25	--	50	61250	卖盘
09:31:36	12.25	0.01	87	106575	买盘
09:31:33	12.24	-0.01	46	56304	卖盘
09:31:30	12.25	--	1	1225	买盘
09:31:27	12.25	0.01	20	24500	买盘
09:31:24	12.24	-0.01	43	52632	中性盘
09:31:06	12.25	0.06	81	99225	买盘
09:30:57	12.19	0.01	1	1219	买盘
09:30:54	12.18	--	7	8526	卖盘
09:30:30	12.18	--	9	10962	买盘
09:30:18	12.18	0.01	1	1218	买盘
09:30:15	12.17	--	3	3651	买盘
09:30:12	12.17	--	3	3651	买盘
09:30:09	12.17	--	1	1217	买盘
09:30:06	12.17	12.17	68	82756	买盘
