成交时间	成交价	价格变动	成交量(手)	成交额(元)	性质
15:00:03	23.68	--	1699	4023232	卖盘
14:57:03	23.68	--	11	26048	卖盘
14:57:00	23.68	--	15	35520	卖盘
14:56:57	23.68	--	5	11840	卖盘
14:56:54	23.68	--	16	37888	卖盘
14:56:51	23.68	--	31	73408	买盘
14:56:48	23.68	--	91	215488	买盘
14:56:45	23.68	--	27	63936	买盘
14:56:42	23.68	0.01	7	16576	买盘
14:56:39	23.67	--	14	33138	卖盘
14:56:36	23.67	-0.01	62	146754	卖盘
14:56:33	23.68	-0.01	10	23680	卖盘
14:56:30	23.69	0.01	13	30797	买盘
14:56:27	23.68	0.01	3	7151	买盘
14:56:24	23.67	--	7	16569	卖盘
14:56:21	23.67	-0.01	82	194094	卖盘
14:56:18	23.68	--	71	168128	买盘
14:56:15	23.68	--	5	11840	买盘
14:56:12	23.68	--	1	2368	买盘
14:56:09	23.68	--	18	42624	买盘
14:56:06	23.68	--	35	82880	买盘
14:56:03	23.68	--	10	23680	买盘
14:56:00	23.68	--	2	4736	买盘
14:55:57	23.68	-0.01	89	213072	卖盘
14:55:54	23.69	0.01	14	33166	中性盘
14:55:51	23.68	-0.02	23	54464	卖盘
14:55:48	23.7	0.02	3	7110	买盘
14:55:45	23.68	-0.01	22	52096	卖盘
14:55:42	23.69	0.01	19	45011	买盘
14:55:39	23.68	-0.01	200	473600	卖盘
14:55:36	23.69	--	104	246376	买盘
14:55:33	23.69	--	31	73439	买盘
14:55:30	23.69	0.01	6	14214	买盘
14:55:27	23.68	-0.01	112	265216	卖盘
14:55:21	23.69	0.01	52	123188	买盘
14:55:18	23.68	--	20	47360	卖盘
14:55:15	23.68	--	47	111296	卖盘
14:55:12	23.68	--	20	47360	卖盘
14:55:09	23.68	--	62	146816	卖盘
14:55:03	23.68	-0.01	22	52143	卖盘
14:54:57	23.69	0.01	41	97129	买盘
14:54:54	23.68	-0.01	13	30784	中性盘
14:54:51	23.69	0.01	189	447741	买盘
14:54:48	23.68	-0.01	37	87616	卖盘
14:54:45	23.69	--	19	45011	买盘
14:54:42	23.69	--	293	694117	买盘
14:54:39	23.69	--	48	113712	买盘
14:54:36	23.69	0.01	5	11845	买盘
14:54:33	23.68	--	55	130240	卖盘
14:54:30	23.68	-0.01	13	30784	卖盘
14:54:27	23.69	0.01	91	215579	买盘
14:54:24	23.68	--	82	194176	卖盘
14:54:18	23.68	--	25	59200	卖盘
14:54:15	23.68	-0.01	5	11840	卖盘
14:54:12	23.69	0.01	277	656213	买盘
14:54:09	23.68	-0.01	74	175232	卖盘
14:54:06	23.69	--	7	16583	买盘
14:54:03	23.69	--	132	312708	卖盘
14:53:57	23.69	--	57	135033	卖盘
14:53:54	23.69	-0.01	25	59225	卖盘
14:53:51	23.7	0.01	5	11850	买盘
14:53:48	23.69	--	55	130295	卖盘
14:53:42	23.69	0.01	197	466693	买盘
14:53:39	23.68	--	15	35520	卖盘
14:53:36	23.68	--	1	2368	卖盘
14:53:33	23.68	-0.01	10	23680	卖盘
14:53:30	23.69	--	50	118450	买盘
14:53:27	23.69	--	45	106605	买盘
14:53:24	23.69	-0.01	255	604095	卖盘
14:53:21	23.7	0.01	30	71100	买盘
14:53:18	23.69	--	9	21321	卖盘
14:53:15	23.69	-0.01	150	355350	卖盘
14:53:09	23.7	--	14	33180	买盘
14:53:06	23.7	0.01	17	40290	买盘
14:53:03	23.69	-0.01	1	2369	卖盘
14:53:00	23.7	0.01	120	284400	买盘
14:52:54	23.69	-0.01	5	11845	卖盘
14:52:51	23.7	0.01	20	47400	买盘
14:52:48	23.69	-0.01	1	2369	卖盘
14:52:45	23.7	--	10	23700	买盘
14:52:42	23.7	--	16	37920	买盘
14:52:39	23.7	--	2	4740	买盘
14:52:36	23.7	--	6	14220	买盘
14:52:33	23.7	-0.01	200	475469	卖盘
14:52:30	23.71	0.01	5	11855	买盘
14:52:27	23.7	-0.01	19	45030	卖盘
14:52:24	23.71	0.01	5	11855	买盘
14:52:21	23.7	--	12	28440	卖盘
14:52:18	23.7	--	32	75840	卖盘
14:52:15	23.7	--	61	144570	卖盘
14:52:09	23.7	-0.01	45	106650	卖盘
14:52:06	23.71	--	10	23710	买盘
14:52:03	23.71	0.01	4	9484	买盘
14:51:57	23.7	--	61	144570	卖盘
14:51:51	23.7	-0.01	25	59250	卖盘
14:51:48	23.71	--	18	42678	买盘
14:51:42	23.71	--	61	144631	买盘
14:51:36	23.71	--	5	11855	买盘
14:51:33	23.71	-0.01	303	718413	卖盘
14:51:30	23.72	0.01	13	30836	买盘
14:51:27	23.71	0.01	35	82985	买盘
14:51:24	23.7	--	10	23700	卖盘
14:51:21	23.7	-0.01	170	402900	卖盘
14:51:18	23.71	0.01	92	218132	买盘
14:51:15	23.7	--	35	82950	卖盘
14:51:12	23.7	--	58	137460	卖盘
14:51:09	23.7	--	162	383940	卖盘
14:51:06	23.7	-0.01	5	11850	卖盘
14:51:03	23.71	0.01	17	40307	买盘
14:51:00	23.7	--	18	42660	卖盘
14:50:57	23.7	-0.02	13	30810	卖盘
14:50:48	23.72	0.02	10	23720	买盘
14:50:45	23.7	-0.01	196	464520	卖盘
14:50:42	23.71	--	13	30823	买盘
14:50:39	23.71	--	1	2371	买盘
14:50:36	23.71	-0.01	26	61646	卖盘
14:50:33	23.72	--	12	28464	买盘
14:50:30	23.72	--	30	71160	买盘
14:50:27	23.72	0.01	10	23720	买盘
14:50:24	23.71	-0.01	222	526362	卖盘
14:50:21	23.72	--	14	33208	买盘
14:50:18	23.72	--	8	18976	买盘
14:50:15	23.72	--	5	11860	买盘
14:50:12	23.72	--	10	23720	买盘
14:50:06	23.72	0.01	50	118600	买盘
14:49:57	23.71	-0.01	1	2371	卖盘
14:49:54	23.72	0.01	8	18976	中性盘
14:49:51	23.71	-0.01	7	16597	卖盘
14:49:48	23.72	--	35	83020	卖盘
14:49:45	23.72	--	13	30836	卖盘
14:49:42	23.72	--	42	99624	卖盘
14:49:39	23.72	--	10	23720	卖盘
14:49:36	23.72	--	35	83020	卖盘
14:49:33	23.72	--	12	28464	卖盘
14:49:30	23.72	--	57	135204	卖盘
14:49:27	23.72	--	2	4744	卖盘
14:49:24	23.72	--	12	28464	卖盘
14:49:21	23.72	--	19	45068	卖盘
14:49:15	23.72	-0.01	85	201620	卖盘
14:49:12	23.73	--	30	71190	买盘
14:49:09	23.73	--	39	92547	买盘
14:49:06	23.73	--	4	9492	买盘
14:49:00	23.73	--	14	33222	买盘
14:48:57	23.73	--	10	23730	买盘
14:48:54	23.73	--	5	11865	买盘
14:48:45	23.73	-0.01	65	154245	卖盘
14:48:42	23.74	0.01	37	87838	买盘
14:48:39	23.73	--	1	2373	卖盘
14:48:36	23.73	--	15	35595	卖盘
14:48:33	23.73	--	51	121023	卖盘
14:48:30	23.73	-0.01	27	64071	中性盘
14:48:18	23.74	0.02	58	137692	买盘
14:48:15	23.72	--	24	56928	卖盘
14:48:12	23.72	--	42	99624	卖盘
14:48:09	23.72	-0.01	10	23720	卖盘
14:48:03	23.73	--	5	11865	卖盘
14:48:00	23.73	--	10	23730	卖盘
14:47:57	23.73	-0.01	25	59325	卖盘
14:47:54	23.74	0.01	35	83090	买盘
14:47:51	23.73	-0.01	12	28476	卖盘
14:47:48	23.74	--	20	47480	买盘
14:47:45	23.74	--	3	7121	买盘
14:47:42	23.74	--	62	147188	买盘
14:47:39	23.74	--	34	80716	买盘
14:47:36	23.74	-0.01	19	45106	卖盘
14:47:33	23.75	0.01	13	30875	买盘
14:47:30	23.74	--	9	21366	卖盘
14:47:24	23.74	--	5	11870	卖盘
14:47:21	23.74	--	4	9496	卖盘
14:47:15	23.74	0.01	10	23740	卖盘
14:47:12	23.73	-0.02	5	11865	卖盘
14:47:09	23.75	0.01	86	204250	买盘
14:47:06	23.74	--	24	56975	买盘
14:47:00	23.74	--	128	303872	卖盘
14:46:57	23.74	--	157	372718	卖盘
14:46:51	23.74	-0.01	1	2374	卖盘
14:46:48	23.75	--	115	273125	买盘
14:46:42	23.75	--	2	4750	买盘
14:46:36	23.75	-0.01	60	142500	卖盘
14:46:33	23.76	0.01	15	35640	买盘
14:46:30	23.75	--	8	19000	卖盘
14:46:27	23.75	--	10	23750	卖盘
14:46:21	23.75	--	24	57000	卖盘
14:46:15	23.75	--	22	52250	买盘
14:46:12	23.75	0.01	16	38000	买盘
14:46:09	23.74	-0.01	43	102082	卖盘
14:46:06	23.75	--	15	35625	买盘
14:46:00	23.75	--	60	142500	买盘
14:45:57	23.75	--	3	7125	买盘
14:45:54	23.75	0.01	74	175750	买盘
14:45:51	23.74	--	2	4748	卖盘
14:45:45	23.74	--	6	14243	卖盘
14:45:42	23.74	0.01	43	102082	买盘
14:45:39	23.73	-0.01	3	7119	卖盘
14:45:36	23.74	--	5	11870	买盘
14:45:33	23.74	0.02	58	137692	买盘
14:45:30	23.72	--	20	47440	卖盘
14:45:24	23.72	--	2	4744	卖盘
14:45:21	23.72	--	21	49812	卖盘
14:45:18	23.72	-0.02	10	23720	卖盘
14:45:12	23.74	0.02	179	424946	买盘
14:45:09	23.72	--	12	28464	买盘
14:45:06	23.72	0.01	15	35580	买盘
14:45:03	23.71	--	2	4742	卖盘
14:45:00	23.71	-0.01	15	35565	卖盘
14:44:57	23.72	--	2	4744	买盘
14:44:54	23.72	0.01	5	11860	买盘
14:44:51	23.71	-0.01	8	18968	卖盘
14:44:48	23.72	0.01	34	80648	买盘
14:44:42	23.71	0.01	8	18968	买盘
14:44:39	23.7	-0.02	10	23700	卖盘
14:44:36	23.72	0.02	82	194504	买盘
14:44:27	23.7	-0.02	10	23700	卖盘
14:44:24	23.72	0.01	38	90136	买盘
14:44:21	23.71	0.01	253	599863	买盘
14:44:18	23.7	-0.01	43	101910	卖盘
14:44:15	23.71	--	49	116179	买盘
14:44:12	23.71	--	20	47420	买盘
14:44:09	23.71	0.01	19	45049	买盘
14:44:06	23.7	--	27	63990	卖盘
14:44:00	23.7	--	31	73470	卖盘
14:43:57	23.7	--	26	62520	买盘
14:43:54	23.7	--	10	23700	买盘
14:43:51	23.7	--	2	4740	买盘
14:43:48	23.7	--	35	82950	买盘
14:43:45	23.7	--	5	11850	买盘
14:43:42	23.7	--	6	14220	买盘
14:43:39	23.7	--	10	23700	买盘
14:43:36	23.7	-0.01	5	11850	买盘
14:43:33	23.71	0.01	20	47420	买盘
14:43:30	23.7	-0.02	119	283499	卖盘
14:43:21	23.72	0.02	22	52184	买盘
14:43:18	23.7	-0.01	39	92430	卖盘
14:43:15	23.71	0.01	1	2371	卖盘
14:43:12	23.7	--	70	165900	卖盘
14:43:09	23.7	-0.02	250	592500	卖盘
14:43:03	23.72	0.01	34	80648	买盘
14:43:00	23.71	--	17	40307	买盘
14:42:57	23.71	--	17	40307	买盘
14:42:54	23.71	--	15	35565	买盘
14:42:42	23.71	--	3	7113	买盘
14:42:39	23.71	-0.01	42	99582	卖盘
14:42:36	23.72	0.01	12	28464	买盘
14:42:33	23.71	-0.01	2	4742	卖盘
14:42:27	23.72	0.02	17	40324	买盘
14:42:24	23.7	-0.01	100	237000	卖盘
14:42:21	23.71	-0.01	25	59275	卖盘
14:42:18	23.72	--	69	163668	买盘
14:42:12	23.72	0.01	10	23720	买盘
14:42:09	23.71	-0.01	1	2371	卖盘
14:42:06	23.72	0.01	52	123344	买盘
14:42:03	23.71	--	30	71130	卖盘
14:42:00	23.71	--	29	68759	卖盘
14:41:57	23.71	-0.01	1	2371	卖盘
14:41:54	23.72	0.01	1	2372	买盘
14:41:51	23.71	--	11	26081	卖盘
14:41:48	23.71	--	4	9484	卖盘
14:41:42	23.71	--	158	374618	卖盘
14:41:36	23.71	--	28	66388	买盘
14:41:33	23.71	0.01	15	35565	买盘
14:41:30	23.7	-0.01	48	113760	卖盘
14:41:27	23.71	--	54	128034	买盘
14:41:24	23.71	--	1	2371	买盘
14:41:18	23.71	--	16	37936	买盘
14:41:15	23.71	--	137	324827	卖盘
14:41:09	23.71	--	3	7113	卖盘
14:41:06	23.71	-0.01	1	2371	卖盘
14:41:03	23.72	--	1	2372	买盘
14:40:54	23.72	--	69	163668	卖盘
14:40:51	23.72	--	7	16604	卖盘
14:40:48	23.72	--	67	158924	卖盘
14:40:45	23.72	--	1	2372	卖盘
14:40:42	23.72	-0.01	77	182644	卖盘
14:40:39	23.73	0.01	17	40341	买盘
14:40:36	23.72	-0.01	41	97252	卖盘
14:40:24	23.73	--	5	11865	买盘
14:40:21	23.73	--	1	2373	买盘
14:40:18	23.73	-0.01	52	123396	卖盘
14:40:12	23.74	--	12	28487	买盘
14:40:06	23.74	0.01	5	11870	买盘
14:40:00	23.73	-0.01	24	56952	卖盘
14:39:54	23.74	--	3	7121	买盘
14:39:42	23.74	--	1	2374	卖盘
14:39:39	23.74	--	25	59349	卖盘
14:39:36	23.74	-0.01	45	106830	卖盘
14:39:21	23.75	--	15	35625	卖盘
14:39:12	23.75	-0.01	13	30875	卖盘
14:39:09	23.76	--	9	21384	买盘
14:38:54	23.76	--	38	90288	卖盘
14:38:48	23.76	--	2	4752	卖盘
14:38:45	23.76	--	4	9504	卖盘
14:38:42	23.76	--	25	59400	卖盘
14:38:39	23.76	--	9	21384	卖盘
14:38:36	23.76	-0.01	26	61776	卖盘
14:38:33	23.77	0.01	2	4754	买盘
14:38:30	23.76	-0.01	3	7128	卖盘
14:38:27	23.77	0.01	22	52294	买盘
14:38:24	23.76	--	133	316008	卖盘
14:38:21	23.76	-0.01	9	21384	卖盘
14:38:09	23.77	--	5	11885	买盘
14:38:06	23.77	--	4	9508	卖盘
14:38:03	23.77	-0.01	1	2377	卖盘
14:38:00	23.78	0.01	10	23780	买盘
14:37:54	23.77	-0.01	15	35655	卖盘
14:37:51	23.78	--	24	57072	卖盘
14:37:48	23.78	--	6	14268	卖盘
14:37:45	23.78	--	24	57072	卖盘
14:37:42	23.78	-0.01	18	42804	卖盘
14:37:36	23.79	--	10	23790	买盘
14:37:24	23.79	0.01	4	9516	中性盘
14:37:21	23.78	-0.02	5	11890	卖盘
14:37:18	23.8	0.02	48	114240	买盘
14:37:15	23.78	-0.01	13	30914	卖盘
14:37:09	23.79	-0.01	3	7137	买盘
14:37:06	23.8	--	44	104720	买盘
14:37:03	23.8	0.01	16	38080	买盘
14:37:00	23.79	-0.01	164	390156	卖盘
14:36:57	23.8	--	40	95200	买盘
14:36:54	23.8	--	42	99960	买盘
14:36:48	23.8	--	58	138040	买盘
14:36:39	23.8	0.01	7	16660	买盘
14:36:36	23.79	--	20	47580	卖盘
14:36:33	23.79	-0.01	10	23790	卖盘
14:36:30	23.8	0.01	10	23800	买盘
14:36:27	23.79	--	70	166530	卖盘
14:36:24	23.79	--	138	328302	买盘
14:36:18	23.79	--	12	28548	买盘
14:36:15	23.79	--	22	52338	买盘
14:36:12	23.79	--	28	66612	卖盘
14:36:09	23.79	0.01	12	28548	买盘
14:36:06	23.78	-0.01	5	11890	卖盘
14:36:03	23.79	--	7	16653	买盘
14:36:00	23.79	0.01	15	35685	买盘
14:35:57	23.78	--	1	2378	卖盘
14:35:54	23.78	0.01	42	99876	买盘
14:35:51	23.77	0.01	5	11885	买盘
14:35:48	23.76	--	1	2376	卖盘
14:35:45	23.76	--	10	23760	卖盘
14:35:42	23.76	--	1	2376	卖盘
14:35:39	23.76	0.04	107	254232	买盘
14:35:36	23.72	-0.03	18	42696	卖盘
14:35:33	23.75	0.03	66	156750	买盘
14:35:30	23.72	-0.02	22	52184	卖盘
14:35:27	23.74	0.01	8	18992	买盘
14:35:21	23.73	--	6	14238	买盘
14:35:18	23.73	--	5	11865	买盘
14:35:15	23.73	0.01	15	35595	买盘
14:35:12	23.72	--	36	85392	卖盘
14:35:09	23.72	-0.01	5	11860	卖盘
14:35:06	23.73	0.01	13	30849	买盘
14:34:57	23.72	-0.01	8	18976	卖盘
14:34:51	23.73	--	1	2373	买盘
14:34:48	23.73	0.02	33	78309	买盘
14:34:45	23.71	--	25	59275	卖盘
14:34:36	23.71	--	2	4742	卖盘
14:34:30	23.71	0.01	2	4742	买盘
14:34:27	23.7	--	9	21330	卖盘
14:34:24	23.7	-0.01	6	14220	卖盘
14:34:21	23.71	--	26	61646	买盘
14:34:18	23.71	0.01	20	47420	买盘
14:34:15	23.7	--	5	11850	卖盘
14:34:12	23.7	--	64	151680	卖盘
14:34:09	23.7	--	77	183390	买盘
14:34:06	23.7	--	30	71100	买盘
14:34:03	23.7	0.01	50	118500	买盘
14:34:00	23.69	-0.01	30	71070	卖盘
14:33:57	23.7	0.01	13	30810	买盘
14:33:51	23.69	--	37	87653	卖盘
14:33:48	23.69	0.01	15	35535	中性盘
14:33:42	23.68	-0.01	38	89984	卖盘
14:33:39	23.69	--	7	16583	买盘
14:33:36	23.69	0.01	18	42642	买盘
14:33:33	23.68	-0.01	15	35520	卖盘
14:33:27	23.69	--	68	161092	买盘
14:33:24	23.69	--	5	11845	买盘
14:33:21	23.69	-0.01	31	73439	卖盘
14:33:18	23.7	0.01	25	59250	买盘
14:33:15	23.69	--	28	66332	卖盘
14:33:12	23.69	--	59	139771	卖盘
14:33:09	23.69	--	10	23690	卖盘
14:33:06	23.69	--	22	52118	卖盘
14:33:03	23.69	--	3	7107	卖盘
14:32:57	23.69	--	4	9476	卖盘
14:32:54	23.69	-0.01	30	71070	卖盘
14:32:48	23.7	0.01	10	23700	买盘
14:32:45	23.69	--	50	118450	卖盘
14:32:42	23.69	--	15	35535	卖盘
14:32:39	23.69	--	14	33166	卖盘
14:32:36	23.69	--	3	7107	卖盘
14:32:33	23.69	--	12	28428	卖盘
14:32:30	23.69	--	25	59225	卖盘
14:32:27	23.69	-0.01	20	47380	卖盘
14:32:21	23.7	--	15	35550	买盘
14:32:18	23.7	--	2	4740	买盘
14:32:15	23.7	--	13	30810	买盘
14:32:12	23.7	--	93	221879	卖盘
14:32:09	23.7	--	11	26070	卖盘
14:32:06	23.7	--	10	23700	卖盘
14:32:03	23.7	--	4	9480	卖盘
14:32:00	23.7	--	30	71100	卖盘
14:31:57	23.7	--	111	263070	卖盘
14:31:54	23.7	--	13	30810	卖盘
14:31:51	23.7	--	16	37920	卖盘
14:31:48	23.7	--	27	63990	卖盘
14:31:45	23.7	-0.01	18	42660	卖盘
14:31:39	23.71	--	25	59275	买盘
14:31:36	23.71	--	7	16597	卖盘
14:31:33	23.71	-0.01	14	33194	卖盘
14:31:24	23.72	--	23	54556	买盘
14:31:21	23.72	--	6	14232	买盘
14:31:15	23.72	-0.01	26	61672	卖盘
14:31:06	23.73	--	3	7119	卖盘
14:31:03	23.73	--	10	23730	卖盘
14:30:57	23.73	-0.02	41	97293	卖盘
14:30:54	23.75	0.01	2	4750	买盘
14:30:51	23.74	-0.01	5	11870	卖盘
14:30:48	23.75	--	10	23750	卖盘
14:30:45	23.75	--	5	11875	卖盘
14:30:39	23.75	--	10	23750	卖盘
14:30:33	23.75	-0.03	115	273125	卖盘
14:30:30	23.78	0.02	4	9512	买盘
14:30:27	23.76	--	20	47520	卖盘
14:30:24	23.76	-0.01	39	92664	卖盘
14:30:21	23.77	--	10	23770	买盘
14:30:18	23.77	--	1	2377	买盘
14:30:12	23.77	-0.01	20	47540	卖盘
14:30:09	23.78	0.01	10	23780	买盘
14:30:06	23.77	--	20	47540	卖盘
14:30:03	23.77	-0.01	17	40409	卖盘
14:30:00	23.78	0.01	8	19024	买盘
14:29:54	23.77	-0.01	5	11885	卖盘
14:29:51	23.78	0.01	41	97498	买盘
14:29:48	23.77	-0.02	136	323272	卖盘
14:29:45	23.79	--	37	88023	卖盘
14:29:42	23.79	0.01	19	45201	买盘
14:29:39	23.78	-0.01	56	133168	卖盘
14:29:36	23.79	--	29	68991	买盘
14:29:30	23.79	--	224	532896	买盘
14:29:27	23.79	0.01	2	4758	买盘
14:29:24	23.78	-0.01	11	26158	卖盘
14:29:21	23.79	0.01	25	59475	买盘
14:29:15	23.78	--	17	40426	卖盘
14:29:12	23.78	-0.01	42	99876	卖盘
14:29:09	23.79	--	7	16653	买盘
14:29:06	23.79	0.01	5	11895	买盘
14:29:03	23.78	--	17	40426	卖盘
14:29:00	23.78	--	23	54694	卖盘
14:28:57	23.78	--	4	9512	卖盘
14:28:42	23.78	-0.01	13	30914	卖盘
14:28:36	23.79	0.01	44	104676	买盘
14:28:27	23.78	--	16	38048	卖盘
14:28:21	23.78	--	35	83230	卖盘
14:28:18	23.78	-0.01	22	52316	卖盘
14:28:15	23.79	--	30	71370	买盘
14:28:09	23.79	--	1	2379	买盘
14:28:06	23.79	--	33	78507	买盘
14:28:03	23.79	0.01	8	19032	买盘
14:28:00	23.78	--	10	23780	卖盘
14:27:57	23.78	--	5	11890	卖盘
14:27:54	23.78	--	65	154570	卖盘
14:27:51	23.78	-0.01	26	61828	卖盘
14:27:48	23.79	0.01	35	83265	买盘
14:27:45	23.78	--	39	92742	买盘
14:27:42	23.78	--	16	38048	买盘
14:27:39	23.78	--	10	23780	买盘
14:27:36	23.78	0.01	5	11890	买盘
14:27:33	23.77	-0.01	2	4754	卖盘
14:27:27	23.78	--	5	11890	买盘
14:27:21	23.78	--	20	47560	买盘
14:27:15	23.78	--	9	21402	卖盘
14:27:12	23.78	--	8	19024	卖盘
14:27:03	23.78	--	2	4756	卖盘
14:27:00	23.78	-0.01	3	7134	卖盘
14:26:48	23.79	0.01	25	59475	买盘
14:26:45	23.78	--	14	33292	卖盘
14:26:42	23.78	--	10	23780	卖盘
14:26:39	23.78	--	60	142680	买盘
14:26:36	23.78	--	1	2378	买盘
14:26:33	23.78	--	1	2378	买盘
14:26:30	23.78	--	2	4756	买盘
14:26:24	23.78	-0.01	178	423284	卖盘
14:26:15	23.79	0.01	12	28548	买盘
14:26:09	23.78	-0.01	25	59450	卖盘
14:26:06	23.79	--	1	2379	买盘
14:26:03	23.79	--	6	14274	卖盘
14:26:00	23.79	--	1	2379	卖盘
14:25:57	23.79	0.01	63	149877	买盘
14:25:48	23.78	--	5	11890	卖盘
14:25:39	23.78	-0.01	8	19024	卖盘
14:25:27	23.79	--	10	23790	买盘
14:25:24	23.79	-0.01	62	147498	卖盘
14:25:21	23.8	0.01	2	4760	买盘
14:25:18	23.79	--	42	99918	买盘
14:25:15	23.79	--	2	4758	卖盘
14:25:12	23.79	0.01	5	11895	中性盘
14:24:54	23.78	-0.01	10	23780	卖盘
14:24:51	23.79	--	2	4758	中性盘
14:24:45	23.79	0.01	1	2379	买盘
14:24:42	23.78	-0.01	20	47560	卖盘
14:24:39	23.79	--	11	26169	买盘
14:24:27	23.79	--	2	4758	买盘
14:24:21	23.79	-0.01	6	14274	卖盘
14:24:18	23.8	--	2	4760	买盘
14:24:15	23.8	--	2	4760	买盘
14:24:09	23.8	-0.01	2	4760	中性盘
14:24:06	23.81	0.03	5	11905	买盘
14:24:03	23.78	-0.03	82	194996	卖盘
14:24:00	23.81	0.01	35	83335	买盘
14:23:57	23.8	--	2	4760	卖盘
14:23:54	23.8	--	5	11900	卖盘
14:23:51	23.8	--	80	190400	卖盘
14:23:42	23.8	0.02	150	357000	买盘
14:23:39	23.78	--	1	2378	卖盘
14:23:33	23.78	--	1	2378	卖盘
14:23:30	23.78	--	2	4756	卖盘
14:23:24	23.78	-0.01	10	23780	卖盘
14:23:12	23.79	--	30	71370	买盘
14:23:09	23.79	0.01	2	4758	买盘
14:23:06	23.78	-0.01	28	66584	卖盘
14:22:57	23.79	--	7	16653	买盘
14:22:54	23.79	0.01	2	4758	买盘
14:22:51	23.78	-0.02	2	4756	卖盘
14:22:39	23.8	0.02	100	238000	买盘
14:22:36	23.78	-0.02	1	2378	卖盘
14:22:27	23.8	0.01	50	119000	买盘
14:22:21	23.79	--	4	9516	中性盘
14:22:18	23.79	-0.01	30	71370	卖盘
14:22:09	23.8	--	23	54740	卖盘
14:22:06	23.8	--	75	178500	卖盘
14:21:51	23.8	--	30	71400	卖盘
14:21:48	23.8	-0.01	16	38080	卖盘
14:21:42	23.81	--	22	52382	买盘
14:21:33	23.81	-0.01	100	238100	卖盘
14:21:21	23.82	--	18	42876	卖盘
14:21:18	23.82	--	35	83370	卖盘
14:21:15	23.82	--	1	2382	卖盘
14:21:12	23.82	--	2	4764	卖盘
14:21:09	23.82	--	90	214380	卖盘
14:21:06	23.82	-0.01	23	54786	卖盘
14:21:00	23.83	--	54	128681	买盘
14:20:57	23.83	--	10	23830	买盘
14:20:54	23.83	--	10	23830	买盘
14:20:51	23.83	--	30	71490	买盘
14:20:48	23.83	--	27	64340	买盘
14:20:45	23.83	--	4	9532	买盘
14:20:42	23.83	-0.01	1	2383	中性盘
14:20:39	23.84	0.01	20	48442	买盘
14:20:36	23.83	--	6	14297	卖盘
14:20:33	23.83	--	306	729198	卖盘
14:20:30	23.83	-0.01	38	90554	卖盘
14:20:21	23.84	--	6	14304	买盘
14:20:18	23.84	--	50	119200	买盘
14:20:15	23.84	--	32	76288	卖盘
14:20:09	23.84	--	88	209792	卖盘
14:20:06	23.84	--	70	166880	卖盘
14:20:03	23.84	--	37	88208	卖盘
14:20:00	23.84	--	57	135888	卖盘
14:19:57	23.84	-0.01	2	4768	卖盘
14:19:54	23.85	0.01	1	2385	买盘
14:19:51	23.84	-0.01	50	119200	卖盘
14:19:48	23.85	0.01	10	23850	买盘
14:19:45	23.84	--	21	50064	卖盘
14:19:39	23.84	-0.01	84	200256	卖盘
14:19:36	23.85	0.01	5	11925	买盘
14:19:33	23.84	-0.01	12	28608	卖盘
14:19:27	23.85	--	17	40545	买盘
14:19:24	23.85	--	8	19080	买盘
14:19:21	23.85	-0.01	83	197955	卖盘
14:19:18	23.86	--	2	4772	买盘
14:19:15	23.86	--	25	59650	买盘
14:19:12	23.86	--	15	35790	买盘
14:19:09	23.86	0.01	3	7158	买盘
14:19:06	23.85	--	3	7155	卖盘
14:19:03	23.85	--	104	248040	卖盘
14:19:00	23.85	--	15	35775	卖盘
14:18:57	23.85	0.02	145	345825	买盘
14:18:54	23.83	--	50	119149	卖盘
14:18:51	23.83	--	302	719666	卖盘
14:18:48	23.83	--	13	30978	卖盘
14:18:42	23.83	--	30	71490	卖盘
14:18:39	23.83	--	29	69107	卖盘
14:18:36	23.83	--	41	99323	买盘
14:18:33	23.83	--	10	23830	买盘
14:18:27	23.83	--	4	9532	买盘
14:18:21	23.83	--	1	2383	买盘
14:18:18	23.83	0.01	13	30978	买盘
14:18:15	23.82	-0.01	1	2382	买盘
14:18:12	23.83	0.02	14	33362	买盘
14:18:09	23.81	-0.02	8	19048	卖盘
14:18:06	23.83	--	17	40511	买盘
14:18:00	23.83	0.01	54	128681	买盘
14:17:57	23.82	--	3	7146	买盘
14:17:54	23.82	--	9	21438	买盘
14:17:51	23.82	-0.01	10	23820	中性盘
14:17:48	23.83	--	15	35745	买盘
14:17:45	23.83	--	3	7148	买盘
14:17:42	23.83	0.01	112	267658	买盘
14:17:36	23.82	--	6	14292	卖盘
14:17:33	23.82	--	6	15911	买盘
14:17:30	23.82	--	5	11910	买盘
14:17:27	23.82	--	10	23820	买盘
14:17:24	23.82	0.01	20	47640	买盘
14:17:18	23.81	-0.01	100	238100	卖盘
14:17:15	23.82	0.01	5	11910	买盘
14:17:12	23.81	0.01	1	2381	买盘
14:17:09	23.8	-0.01	30	71400	卖盘
14:17:00	23.81	--	14	33334	买盘
14:16:57	23.81	0.01	29	69049	买盘
14:16:51	23.8	--	1	2380	买盘
14:16:48	23.8	0.02	10	23800	买盘
14:16:45	23.78	-0.02	2	4756	卖盘
14:16:42	23.8	0.02	10	23800	买盘
14:16:36	23.78	0.01	2	4756	买盘
14:16:33	23.77	-0.03	29	68933	卖盘
14:16:30	23.8	--	31	73780	买盘
14:16:24	23.8	0.03	662	1575560	买盘
14:16:21	23.77	--	11	26147	卖盘
14:16:09	23.77	--	9	21393	买盘
14:16:06	23.77	--	62	147374	买盘
14:16:03	23.77	--	9	21393	买盘
14:16:00	23.77	0.01	8	19016	买盘
14:15:51	23.76	--	17	40392	买盘
14:15:45	23.76	--	6	14256	买盘
14:15:42	23.76	--	1	2376	买盘
14:15:39	23.76	0.01	10	23760	买盘
14:15:27	23.75	0.04	46	109250	买盘
14:15:18	23.71	-0.04	27	64017	卖盘
14:15:15	23.75	0.04	500	1187500	买盘
14:15:12	23.71	-0.01	17	40307	卖盘
14:15:09	23.72	--	15	35580	买盘
14:15:03	23.72	0.01	17	40324	买盘
14:15:00	23.71	--	3	7113	卖盘
14:14:51	23.71	-0.01	3	7113	卖盘
14:14:48	23.72	--	2	4744	买盘
14:14:45	23.72	--	10	23720	买盘
14:14:39	23.72	0.01	2	4744	买盘
14:14:21	23.71	--	2	4742	卖盘
14:14:18	23.71	-0.01	25	59275	卖盘
14:14:15	23.72	0.01	20	47440	买盘
14:14:12	23.71	-0.01	4	9484	卖盘
14:14:09	23.72	--	14	33208	买盘
14:14:03	23.72	0.01	10	23720	买盘
14:14:00	23.71	-0.01	11	26081	卖盘
14:13:54	23.72	0.01	1	2372	买盘
14:13:45	23.71	--	16	37936	卖盘
14:13:42	23.71	--	1	2371	买盘
14:13:39	23.71	--	13	30823	买盘
14:13:36	23.71	--	7	16597	买盘
14:13:33	23.71	--	5	11855	买盘
14:13:24	23.71	--	13	30823	买盘
14:13:18	23.71	-0.01	21	49791	卖盘
14:13:15	23.72	0.01	9	21348	买盘
14:13:06	23.71	-0.01	106	251326	卖盘
14:13:03	23.72	--	7	16604	买盘
14:13:00	23.72	--	10	23720	买盘
14:12:54	23.72	--	2	4744	买盘
14:12:51	23.72	--	1	2372	买盘
14:12:48	23.72	--	18	42696	卖盘
14:12:42	23.72	0.01	59	139948	买盘
14:12:33	23.71	--	52	123292	卖盘
14:12:30	23.71	-0.01	16	37936	卖盘
14:12:18	23.72	--	7	16604	买盘
14:12:15	23.72	--	2	4744	买盘
14:12:12	23.72	--	3	7116	买盘
14:12:09	23.72	0.01	22	52184	买盘
14:11:36	23.71	--	90	213390	买盘
14:11:33	23.71	--	3	7113	买盘
14:11:30	23.71	0.01	3	7113	买盘
14:11:27	23.7	--	40	94800	卖盘
14:11:18	23.7	-0.01	10	23700	卖盘
14:11:12	23.71	0.01	11	26081	买盘
14:11:06	23.7	-0.01	8	18960	卖盘
14:10:54	23.71	--	72	170712	卖盘
14:10:51	23.71	-0.01	1	2371	卖盘
14:10:48	23.72	--	1	2372	买盘
14:10:45	23.72	--	10	23720	买盘
14:10:33	23.72	--	18	42696	卖盘
14:10:24	23.72	0.01	30	71160	中性盘
14:10:12	23.71	-0.01	10	23710	卖盘
14:10:06	23.72	0.01	72	170784	买盘
14:09:57	23.71	--	14	33194	卖盘
14:09:45	23.71	--	50	118550	卖盘
14:09:42	23.71	--	39	92469	买盘
14:09:24	23.71	--	23	54533	卖盘
14:09:21	23.71	--	24	56904	卖盘
14:09:15	23.71	-0.01	50	118550	卖盘
14:09:12	23.72	0.01	2	4744	买盘
14:09:06	23.71	--	7	16597	卖盘
14:09:00	23.71	-0.01	16	37936	卖盘
14:08:57	23.72	--	2	4744	买盘
14:08:54	23.72	0.01	75	177900	买盘
14:08:39	23.71	-0.01	7	16597	卖盘
14:08:36	23.72	0.01	17	40324	买盘
14:08:33	23.71	0.01	48	113808	买盘
14:08:27	23.7	-0.01	2	4740	卖盘
14:08:24	23.71	0.01	10	23710	买盘
14:08:21	23.7	-0.01	10	23700	卖盘
14:08:18	23.71	--	4	9484	买盘
14:08:15	23.71	--	3	7113	买盘
14:08:09	23.71	0.01	7	16597	买盘
14:08:03	23.7	-0.01	47	111390	卖盘
14:07:54	23.71	--	11	26081	买盘
14:07:48	23.71	--	1	2371	买盘
14:07:45	23.71	--	3	7113	买盘
14:07:39	23.71	0.01	7	16597	买盘
14:07:30	23.7	--	12	28440	卖盘
14:07:24	23.7	-0.01	1	2370	卖盘
14:07:18	23.71	0.01	21	49791	买盘
14:07:12	23.7	--	2	4740	卖盘
14:07:03	23.7	--	10	23700	卖盘
14:06:51	23.7	--	22	53040	买盘
14:06:45	23.7	--	7	16590	买盘
14:06:42	23.7	--	1	2370	买盘
14:06:39	23.7	--	31	73470	买盘
14:06:33	23.7	--	48	113760	买盘
14:06:27	23.7	--	2	4740	买盘
14:06:24	23.7	--	5	11850	买盘
14:06:15	23.7	0.01	27	63990	买盘
14:06:12	23.69	-0.01	12	28428	卖盘
14:06:09	23.7	--	4	9480	买盘
14:06:03	23.7	--	5	11850	买盘
14:06:00	23.7	0.01	4	9480	买盘
14:05:54	23.69	--	17	40273	卖盘
14:05:51	23.69	-0.01	2	4738	卖盘
14:05:48	23.7	--	3	7110	买盘
14:05:42	23.7	0.01	16	37920	买盘
14:05:33	23.69	-0.01	23	54487	卖盘
14:05:30	23.7	--	25	59250	买盘
14:05:27	23.7	--	1	2370	买盘
14:05:24	23.7	0.01	4	9480	买盘
14:05:21	23.69	--	69	163461	卖盘
14:05:18	23.69	-0.01	10	23690	卖盘
14:05:12	23.7	0.01	35	82950	买盘
14:04:54	23.69	-0.01	10	23690	卖盘
14:04:51	23.7	--	1	2370	买盘
14:04:48	23.7	--	11	26070	买盘
14:04:36	23.7	0.01	3	7110	买盘
14:04:33	23.69	-0.01	38	90022	卖盘
14:04:27	23.7	--	9	21330	买盘
14:04:24	23.7	0.01	5	11850	买盘
14:04:21	23.69	--	30	71070	卖盘
14:04:12	23.69	--	1	2369	卖盘
14:04:09	23.69	--	7	16583	卖盘
14:03:54	23.69	--	33	78177	卖盘
14:03:51	23.69	--	52	123188	卖盘
14:03:48	23.69	-0.01	11	26059	卖盘
14:03:45	23.7	--	3	7110	买盘
14:03:39	23.7	--	28	67829	卖盘
14:03:36	23.7	--	5	11850	卖盘
14:03:33	23.7	--	17	41190	买盘
14:03:27	23.7	0.01	10	23700	买盘
14:03:21	23.69	-0.01	193	459183	卖盘
14:03:09	23.7	--	10	23700	买盘
14:03:06	23.7	--	39	92430	买盘
14:03:00	23.7	--	3	7110	买盘
14:02:57	23.7	--	5	11850	买盘
14:02:51	23.7	0.01	5	11850	买盘
14:02:48	23.69	-0.01	19	45011	卖盘
14:02:45	23.7	--	2	4740	买盘
14:02:39	23.7	--	13	30810	买盘
14:02:36	23.7	--	22	52140	买盘
14:02:33	23.7	--	20	47400	买盘
14:02:27	23.7	--	7	16590	买盘
14:02:18	23.7	--	8	18960	买盘
14:02:15	23.7	--	10	25169	卖盘
14:02:09	23.7	--	5	12750	买盘
14:02:00	23.7	--	16	39389	卖盘
14:01:51	23.7	-0.01	3	7110	卖盘
14:01:39	23.71	0.01	2	4742	买盘
14:01:33	23.7	-0.01	5	11850	卖盘
14:01:15	23.71	-0.01	5	11855	中性盘
14:01:06	23.72	0.02	24	56928	买盘
14:01:03	23.7	--	10	23700	卖盘
14:01:00	23.7	-0.01	19	45030	卖盘
14:00:57	23.71	0.01	13	30823	买盘
14:00:51	23.7	-0.01	51	120870	卖盘
14:00:45	23.71	--	2	4742	买盘
14:00:39	23.71	0.01	5	11855	买盘
14:00:36	23.7	-0.02	25	59250	卖盘
14:00:30	23.72	--	8	18976	买盘
14:00:27	23.72	--	19	45969	买盘
14:00:12	23.72	--	1	2372	买盘
14:00:09	23.72	0.02	5	11860	买盘
13:59:51	23.7	-0.02	17	40290	卖盘
13:59:45	23.72	--	5	11860	买盘
13:59:42	23.72	--	16	39422	卖盘
13:59:39	23.72	--	2	4744	卖盘
13:59:33	23.72	--	11	26092	卖盘
13:59:30	23.72	0.01	270	641341	买盘
13:59:21	23.71	0.01	41	97211	买盘
13:59:15	23.7	--	10	23700	卖盘
13:59:12	23.7	--	20	47400	卖盘
13:59:06	23.7	--	4	9480	卖盘
13:59:03	23.7	-0.01	143	338910	卖盘
13:59:00	23.71	--	6	14226	买盘
13:58:51	23.71	0.01	3	7113	买盘
13:58:48	23.7	--	12	28440	卖盘
13:58:42	23.7	--	50	118500	卖盘
13:58:39	23.7	--	10	23700	卖盘
13:58:36	23.7	-0.01	14	33180	卖盘
13:58:24	23.71	0.01	10	23710	买盘
13:58:21	23.7	--	16	37920	卖盘
13:58:18	23.7	-0.01	2	4740	卖盘
13:58:15	23.71	0.01	1	2371	买盘
13:58:12	23.7	--	25	59250	卖盘
13:58:09	23.7	--	2	4740	卖盘
13:58:06	23.7	-0.01	10	23700	卖盘
13:58:03	23.71	--	17	40307	买盘
13:57:48	23.71	0.01	3	7113	买盘
13:57:42	23.7	-0.01	20	47400	卖盘
13:57:30	23.71	--	10	23710	买盘
13:57:27	23.71	--	1	2371	买盘
13:57:24	23.71	-0.01	42	99582	卖盘
13:57:18	23.72	--	17	40324	买盘
13:57:06	23.72	0.01	23	54556	买盘
13:57:03	23.71	-0.01	43	101953	卖盘
13:56:57	23.72	0.01	50	118600	买盘
13:56:54	23.71	--	10	23710	买盘
13:56:42	23.71	--	1	2371	卖盘
13:56:36	23.71	--	20	47420	中性盘
13:56:33	23.71	-0.01	133	315343	卖盘
13:56:27	23.72	--	5	11860	买盘
13:56:15	23.72	--	1	2372	买盘
13:56:00	23.72	--	2	4744	买盘
13:55:54	23.72	--	26	61672	买盘
13:55:51	23.72	--	19	46538	卖盘
13:55:48	23.72	-0.02	3	7116	卖盘
13:55:42	23.74	0.02	33	78342	买盘
13:55:36	23.72	--	5	11860	卖盘
13:55:33	23.72	--	14	34109	买盘
13:55:27	23.72	--	16	39422	卖盘
13:55:24	23.72	--	2	5645	买盘
13:55:18	23.72	--	56	132832	买盘
13:55:15	23.72	0.01	8	18976	买盘
13:55:12	23.71	-0.01	1	2371	卖盘
13:55:09	23.72	--	30	71160	买盘
13:55:06	23.72	--	20	47440	买盘
13:54:57	23.72	--	8	18976	买盘
13:54:51	23.72	--	27	64044	买盘
13:54:48	23.72	--	38	90136	卖盘
13:54:42	23.72	-0.01	2	4744	卖盘
13:54:39	23.73	--	5	11865	买盘
13:54:33	23.73	0.02	100	237300	买盘
13:54:30	23.71	-0.01	6	14226	卖盘
13:54:27	23.72	--	1	2372	买盘
13:54:21	23.72	--	50	118600	买盘
13:54:09	23.72	--	21	49812	买盘
13:53:57	23.72	--	3	7116	买盘
13:53:45	23.72	0.01	9	21348	中性盘
13:53:39	23.71	-0.01	17	40307	卖盘
13:53:24	23.72	-0.01	32	75904	卖盘
13:53:21	23.73	--	63	149499	买盘
13:53:18	23.73	0.01	19	45087	买盘
13:53:12	23.72	-0.01	16	37952	卖盘
13:53:09	23.73	0.01	14	33222	买盘
13:53:00	23.72	-0.01	10	23720	卖盘
13:52:57	23.73	0.01	20	47460	买盘
13:52:54	23.72	-0.01	20	47440	卖盘
13:52:51	23.73	0.01	28	66444	买盘
13:52:48	23.72	-0.01	2	4744	卖盘
13:52:45	23.73	--	1	2373	买盘
13:52:39	23.73	--	9	21357	买盘
13:52:36	23.73	0.02	6	14238	买盘
13:52:24	23.71	--	55	130405	卖盘
13:52:18	23.71	--	10	23710	卖盘
13:52:15	23.71	--	2	4742	卖盘
13:52:06	23.71	--	7	16597	买盘
13:52:00	23.71	--	10	23710	买盘
13:51:54	23.71	--	20	47420	买盘
13:51:51	23.71	0.01	23	54533	买盘
13:51:45	23.7	-0.01	7	16590	卖盘
13:51:36	23.71	--	41	97211	买盘
13:51:33	23.71	0.01	24	56904	买盘
13:51:30	23.7	--	21	49770	卖盘
13:51:27	23.7	-0.01	11	26070	卖盘
13:51:24	23.71	--	10	23710	买盘
13:51:21	23.71	0.01	10	23710	买盘
13:51:18	23.7	--	2	4740	卖盘
13:51:15	23.7	--	5	11850	卖盘
13:51:12	23.7	-0.01	35	82950	卖盘
13:51:09	23.71	0.01	11	26081	买盘
13:51:06	23.7	-0.01	1	2370	卖盘
13:51:00	23.71	0.01	16	37936	中性盘
13:50:45	23.7	--	100	237000	卖盘
13:50:42	23.7	--	4	9480	买盘
13:50:39	23.7	--	96	227520	卖盘
13:50:36	23.7	--	95	225150	买盘
13:50:30	23.7	-0.03	30	71100	买盘
13:50:21	23.73	0.03	23	54579	买盘
13:50:18	23.7	-0.02	91	217139	卖盘
13:50:15	23.72	--	12	28464	买盘
13:50:09	23.72	--	20	47440	买盘
13:50:06	23.72	0.02	5	11860	中性盘
13:50:03	23.7	-0.02	317	751290	卖盘
13:49:57	23.72	0.01	27	64945	买盘
13:49:54	23.71	-0.01	5	11855	卖盘
13:49:48	23.72	--	30	71160	买盘
13:49:42	23.72	0.01	5	11860	买盘
13:49:39	23.71	-0.01	20	47420	卖盘
13:49:36	23.72	--	1	2372	买盘
13:49:33	23.72	--	2	4744	买盘
13:49:30	23.72	--	2	4744	买盘
13:49:27	23.72	--	49	116228	买盘
13:49:24	23.72	--	11	26092	买盘
13:49:21	23.72	--	2	4744	买盘
13:49:18	23.72	--	19	46538	卖盘
13:49:12	23.72	--	49	117129	买盘
13:49:03	23.72	0.01	17	40324	买盘
13:48:57	23.71	--	4	9484	卖盘
13:48:54	23.71	-0.01	5	11855	卖盘
13:48:51	23.72	--	40	94880	买盘
13:48:45	23.72	--	100	237200	买盘
13:48:42	23.72	--	10	23720	买盘
13:48:24	23.72	--	3	7116	买盘
13:48:18	23.72	-0.01	39	93978	卖盘
13:48:12	23.73	--	4	9492	买盘
13:47:57	23.73	-0.01	75	177975	卖盘
13:47:54	23.74	0.01	50	118699	买盘
13:47:30	23.73	--	12	28476	买盘
13:47:27	23.73	--	10	23730	买盘
13:47:21	23.73	--	10	23730	买盘
13:47:18	23.73	--	2	4746	买盘
13:47:12	23.73	-0.02	12	28476	卖盘
13:47:09	23.75	0.02	200	475000	买盘
13:46:57	23.73	-0.01	19	45087	卖盘
13:46:45	23.74	--	1	2374	买盘
13:46:36	23.74	--	7	16618	买盘
13:46:33	23.74	--	9	21366	买盘
13:46:27	23.74	--	1	2374	买盘
13:46:21	23.74	-0.01	5	11870	中性盘
13:46:18	23.75	--	2	4750	买盘
13:46:12	23.75	--	30	71250	买盘
13:46:09	23.75	--	5	11875	买盘
13:46:06	23.75	--	49	116375	买盘
13:46:03	23.75	--	1	2375	中性盘
13:46:00	23.75	--	10	23750	买盘
13:45:54	23.75	-0.01	90	213750	卖盘
13:45:51	23.76	--	30	71280	买盘
13:45:48	23.76	--	156	370656	买盘
13:45:45	23.76	0.01	5	11880	买盘
13:45:30	23.75	--	10	23750	卖盘
13:45:27	23.75	0.02	283	672125	买盘
13:45:24	23.73	-0.01	5	11865	卖盘
13:45:18	23.74	0.02	5	11870	买盘
13:45:15	23.72	-0.01	40	94880	卖盘
13:45:12	23.73	--	2	4746	卖盘
13:45:06	23.73	--	0	901	买盘
13:45:03	23.73	--	3	7119	买盘
13:44:57	23.73	--	47	113002	卖盘
13:44:51	23.73	--	60	142380	卖盘
13:44:48	23.73	--	1	2373	卖盘
13:44:45	23.73	--	10	24631	买盘
13:44:39	23.73	--	6	14238	买盘
13:44:36	23.73	--	5	11865	买盘
13:44:33	23.73	--	1	2373	买盘
13:44:18	23.73	--	6	14238	买盘
13:44:15	23.73	--	37	87801	买盘
13:44:06	23.73	--	3	7119	买盘
13:44:03	23.73	0.03	10	23730	买盘
13:43:45	23.7	-0.03	100	237000	卖盘
13:43:36	23.73	0.03	100	237300	买盘
13:43:30	23.7	-0.03	10	23700	中性盘
13:43:24	23.73	0.03	223	529179	买盘
13:43:18	23.7	--	10	23700	买盘
13:43:12	23.7	--	2	4740	买盘
13:43:09	23.7	--	6	14220	买盘
13:43:06	23.7	--	28	66360	卖盘
13:43:03	23.7	--	120	284400	卖盘
13:43:00	23.7	--	5	11850	卖盘
13:42:51	23.7	--	3	7110	卖盘
13:42:48	23.7	--	5	11850	卖盘
13:42:45	23.7	--	14	33180	买盘
13:42:42	23.7	--	7	16590	买盘
13:42:33	23.7	0.01	5	11850	买盘
13:42:30	23.69	-0.01	11	26059	卖盘
13:42:27	23.7	--	38	90060	买盘
13:42:18	23.7	--	23	54510	买盘
13:42:12	23.7	--	28	66360	买盘
13:42:09	23.7	--	3	7110	买盘
13:42:06	23.7	--	17	40290	买盘
13:42:03	23.7	-0.01	75	177750	卖盘
13:42:00	23.71	--	5	11855	卖盘
13:41:57	23.71	--	1	2371	买盘
13:41:54	23.71	0.01	9	21339	买盘
13:41:51	23.7	-0.01	1	2370	卖盘
13:41:48	23.71	--	2	4742	买盘
13:41:42	23.71	--	3	7113	买盘
13:41:39	23.71	--	12	28452	买盘
13:41:33	23.71	--	10	23710	买盘
13:41:24	23.71	0.01	10	23710	买盘
13:41:09	23.7	--	7	16590	卖盘
13:41:03	23.7	-0.01	29	68730	卖盘
13:40:54	23.71	0.02	61	144631	买盘
13:40:51	23.69	-0.01	1	2369	卖盘
13:40:48	23.7	--	8	18960	买盘
13:40:45	23.7	--	6	14220	卖盘
13:40:39	23.7	--	35	82950	买盘
13:40:36	23.7	0.01	1	2370	买盘
13:40:30	23.69	-0.01	4	9476	卖盘
13:40:27	23.7	--	3	7110	买盘
13:40:24	23.7	--	4	9480	买盘
13:40:21	23.7	--	10	23700	买盘
13:40:15	23.7	0.01	106	251220	买盘
13:40:12	23.69	--	5	11845	卖盘
13:40:09	23.69	--	17	40273	卖盘
13:40:06	23.69	--	29	68701	卖盘
13:40:00	23.69	-0.01	4	9476	卖盘
13:39:57	23.7	--	11	26070	买盘
13:39:51	23.7	0.01	14	33180	买盘
13:39:48	23.69	--	5	11845	卖盘
13:39:42	23.69	--	7	16583	卖盘
13:39:39	23.69	-0.01	53	125557	卖盘
13:39:36	23.7	--	3	7110	买盘
13:39:33	23.7	--	1	2370	买盘
13:39:21	23.7	--	19	45030	买盘
13:39:18	23.7	--	20	47400	买盘
13:39:12	23.7	--	56	132720	卖盘
13:39:06	23.7	0.01	3	7110	中性盘
13:38:57	23.69	--	20	47380	卖盘
13:38:54	23.69	-0.01	58	137402	卖盘
13:38:51	23.7	--	32	75840	买盘
13:38:48	23.7	0.01	158	374460	买盘
13:38:42	23.69	-0.01	4	9476	卖盘
13:38:39	23.7	--	7	16590	买盘
13:38:36	23.7	0.01	5	11850	买盘
13:38:30	23.69	--	11	26059	卖盘
13:38:24	23.69	-0.01	1	2369	卖盘
13:38:21	23.7	0.01	21	49770	买盘
13:38:18	23.69	-0.01	70	165830	卖盘
13:38:15	23.7	0.01	26	61620	买盘
13:38:06	23.69	--	31	73439	买盘
13:38:00	23.69	-0.01	16	37904	卖盘
13:37:51	23.7	0.02	9	21330	买盘
13:37:45	23.68	-0.02	200	473600	卖盘
13:37:42	23.7	0.01	27	63990	买盘
13:37:39	23.69	--	20	47380	卖盘
13:37:36	23.69	--	11	26059	卖盘
13:37:33	23.69	--	19	45011	买盘
13:37:30	23.69	0.01	3	7107	买盘
13:37:27	23.68	--	3	7104	卖盘
13:37:21	23.68	--	4	9472	卖盘
13:37:15	23.68	--	14	33152	卖盘
13:37:12	23.68	-0.02	10	23680	卖盘
13:37:09	23.7	0.02	200	474000	买盘
13:37:06	23.68	-0.01	88	208384	卖盘
13:37:03	23.69	--	2	4738	买盘
13:37:00	23.69	--	1	2369	买盘
13:36:57	23.69	--	20	47380	买盘
13:36:54	23.69	0.01	45	106605	买盘
13:36:48	23.68	--	20	47360	卖盘
13:36:42	23.68	-0.01	14	33152	卖盘
13:36:36	23.69	--	28	66332	买盘
13:36:33	23.69	--	1	2369	买盘
13:36:30	23.69	-0.01	23	54487	卖盘
13:36:24	23.7	0.01	18	42660	买盘
13:36:21	23.69	--	3	7107	卖盘
13:36:18	23.69	0.01	10	23690	中性盘
13:36:12	23.68	-0.01	90	213120	卖盘
13:36:00	23.69	0.01	2	4738	中性盘
13:35:51	23.68	-0.02	33	78144	卖盘
13:35:48	23.7	--	25	59250	买盘
13:35:45	23.7	0.01	12	28440	买盘
13:35:36	23.69	--	107	253483	卖盘
13:35:33	23.69	-0.01	10	23690	卖盘
13:35:27	23.7	0.02	1	2370	买盘
13:35:18	23.68	-0.01	100	236800	卖盘
13:35:15	23.69	0.01	16	37904	买盘
13:35:12	23.68	-0.01	22	52096	卖盘
13:35:09	23.69	--	21	49749	买盘
13:35:06	23.69	--	1	2369	卖盘
13:35:03	23.69	--	2	4738	买盘
13:35:00	23.69	--	5	11845	买盘
13:34:57	23.69	--	56	132664	买盘
13:34:54	23.69	-0.01	140	331660	卖盘
13:34:51	23.7	--	5	11850	买盘
13:34:48	23.7	--	18	42660	买盘
13:34:45	23.7	--	15	35550	买盘
13:34:42	23.7	--	12	28440	买盘
13:34:39	23.7	--	3	7110	买盘
13:34:36	23.7	-0.02	270	639900	卖盘
13:34:33	23.72	-0.01	6	14232	卖盘
13:34:27	23.73	--	10	23730	买盘
13:34:09	23.73	0.03	16	37968	买盘
13:34:06	23.7	--	3	7110	卖盘
13:33:51	23.7	--	9	21330	卖盘
13:33:42	23.7	--	8	18960	卖盘
13:33:39	23.7	--	92	218040	买盘
13:33:36	23.7	0.01	5	11850	买盘
13:33:33	23.69	-0.01	4	9476	卖盘
13:33:27	23.7	--	30	71100	买盘
13:33:24	23.7	--	21	49770	买盘
13:33:18	23.7	0.01	40	94800	买盘
13:33:15	23.69	--	54	127926	卖盘
13:33:12	23.69	-0.01	10	23690	卖盘
13:33:09	23.7	0.01	5	11850	买盘
13:33:06	23.69	--	67	158723	买盘
13:33:03	23.69	--	1	2369	买盘
13:32:57	23.69	--	2	4738	买盘
13:32:54	23.69	-0.01	52	123188	卖盘
13:32:51	23.7	--	10	23700	买盘
13:32:48	23.7	--	8	18960	买盘
13:32:42	23.7	--	7	16590	买盘
13:32:39	23.7	--	76	180120	卖盘
13:32:36	23.7	-0.02	15	35550	卖盘
13:32:33	23.72	0.02	35	83020	买盘
13:32:27	23.7	0.01	2	4740	中性盘
13:32:12	23.69	-0.04	1	2369	卖盘
13:32:09	23.73	0.03	100	237300	买盘
13:32:06	23.7	--	15	35550	买盘
13:32:03	23.7	--	57	135090	买盘
13:32:00	23.7	-0.03	200	475469	卖盘
13:31:48	23.73	-0.01	52	123396	卖盘
13:31:42	23.74	0.01	2	4748	买盘
13:31:36	23.73	-0.01	20	47460	卖盘
13:31:33	23.74	--	14	33236	买盘
13:31:30	23.74	--	10	23740	买盘
13:31:27	23.74	--	11	26114	买盘
13:31:15	23.74	--	2	4748	买盘
13:31:03	23.74	--	1	2374	买盘
13:30:57	23.74	--	1	2374	买盘
13:30:45	23.74	-0.01	4	9496	中性盘
13:30:42	23.75	--	5	11875	买盘
13:30:39	23.75	0.05	10	23750	买盘
13:30:36	23.7	-0.04	500	1185000	卖盘
13:30:27	23.74	-0.01	6	14243	卖盘
13:30:24	23.75	0.01	5	11875	买盘
13:30:18	23.74	--	22	52228	买盘
13:30:09	23.74	0.01	24	56975	买盘
13:30:03	23.73	--	4	9492	卖盘
13:29:57	23.73	--	10	23730	卖盘
13:29:54	23.73	-0.01	2	4746	卖盘
13:29:51	23.74	--	7	16618	买盘
13:29:42	23.74	--	8	18992	买盘
13:29:36	23.74	--	54	128195	卖盘
13:29:30	23.74	--	3	7121	卖盘
13:29:24	23.74	--	22	52228	卖盘
13:29:21	23.74	--	1	2374	卖盘
13:29:12	23.74	--	7	16618	卖盘
13:29:09	23.74	--	17	40358	卖盘
13:29:03	23.74	--	2	4748	卖盘
13:29:00	23.74	-0.01	6	14243	卖盘
13:28:57	23.75	0.01	1	2375	买盘
13:28:51	23.74	-0.01	10	23740	卖盘
13:28:48	23.75	--	25	59375	买盘
13:28:45	23.75	--	1	2375	买盘
13:28:42	23.75	--	9	21375	买盘
13:28:39	23.75	--	1	2375	买盘
13:28:36	23.75	-0.01	18	42750	卖盘
13:28:33	23.76	--	13	30888	买盘
13:28:30	23.76	0.01	2	4752	买盘
13:28:27	23.75	-0.02	2	4750	卖盘
13:28:15	23.77	0.01	49	116473	买盘
13:28:12	23.76	--	3	7128	卖盘
13:28:09	23.76	-0.01	20	47520	卖盘
13:28:06	23.77	0.01	21	49917	买盘
13:28:03	23.76	--	2	4752	卖盘
13:28:00	23.76	--	5	11880	卖盘
13:27:57	23.76	--	5	11880	卖盘
13:27:51	23.76	--	8	19008	卖盘
13:27:48	23.76	0.02	18	42768	买盘
13:27:42	23.74	-0.02	30	71220	卖盘
13:27:39	23.76	0.02	191	453816	买盘
13:27:30	23.74	--	5	11870	卖盘
13:27:24	23.74	--	3	7121	卖盘
13:27:15	23.74	-0.02	5	11870	卖盘
13:27:12	23.76	0.01	13	30888	买盘
13:27:09	23.75	0.01	1	2375	中性盘
13:27:06	23.74	--	20	47480	卖盘
13:27:00	23.74	--	17	40358	卖盘
13:26:51	23.74	--	4	9496	卖盘
13:26:45	23.74	-0.01	17	40358	卖盘
13:26:42	23.75	--	3	7125	买盘
13:26:36	23.75	--	14	33250	卖盘
13:26:33	23.75	--	14	33250	卖盘
13:26:30	23.75	-0.01	32	76000	卖盘
13:26:24	23.76	--	2	4752	买盘
13:26:21	23.76	--	23	54648	卖盘
13:26:12	23.76	-0.01	1	2376	卖盘
13:26:09	23.77	0.01	3	7131	买盘
13:26:00	23.76	-0.02	10	23760	卖盘
13:25:54	23.78	--	41	97498	买盘
13:25:51	23.78	0.01	7	16646	买盘
13:25:48	23.77	--	3	7131	买盘
13:25:45	23.77	--	15	35655	卖盘
13:25:42	23.77	-0.01	4	9508	卖盘
13:25:39	23.78	--	1	2378	买盘
13:25:36	23.78	--	10	23780	买盘
13:25:33	23.78	--	3	7134	买盘
13:25:30	23.78	--	45	107010	买盘
13:25:27	23.78	-0.01	76	180728	卖盘
13:25:18	23.79	-0.01	2	4758	卖盘
13:25:15	23.8	0.01	3	7140	买盘
13:25:09	23.79	--	43	102297	卖盘
13:25:00	23.79	--	1	2379	卖盘
13:24:57	23.79	--	3	7137	卖盘
13:24:54	23.79	0.01	21	49959	买盘
13:24:48	23.78	-0.01	10	23780	卖盘
13:24:45	23.79	0.01	154	366366	买盘
13:24:36	23.78	-0.01	15	35670	卖盘
13:24:33	23.79	--	5	11895	买盘
13:24:27	23.79	0.01	12	28548	买盘
13:24:24	23.78	-0.01	2	4756	卖盘
13:24:15	23.79	--	24	57096	买盘
13:24:09	23.79	-0.01	42	99918	卖盘
13:24:06	23.8	--	20	47600	买盘
13:24:03	23.8	--	1	2380	买盘
13:24:00	23.8	0.01	62	147560	卖盘
13:23:57	23.79	-0.03	3	7137	卖盘
13:23:54	23.82	0.03	210	500220	买盘
13:23:51	23.79	-0.01	20	47580	卖盘
13:23:48	23.8	--	40	95200	买盘
13:23:45	23.8	0.01	11	26180	买盘
13:23:39	23.79	--	10	23790	卖盘
13:23:36	23.79	-0.01	5	11895	卖盘
13:23:33	23.8	--	5	11900	买盘
13:23:30	23.8	--	10	23800	买盘
13:23:24	23.8	--	10	23800	买盘
13:23:21	23.8	--	4	9520	买盘
13:23:15	23.8	--	8	19040	买盘
13:23:09	23.8	--	34	80920	卖盘
13:23:06	23.8	-0.01	100	238000	卖盘
13:23:00	23.81	--	2	4762	卖盘
13:22:57	23.81	--	13	30953	买盘
13:22:54	23.81	0.01	215	511915	买盘
13:22:48	23.8	--	3	7140	卖盘
13:22:45	23.8	-0.01	15	35700	卖盘
13:22:42	23.81	0.01	109	259529	买盘
13:22:39	23.8	--	35	83300	卖盘
13:22:33	23.8	0.02	553	1316140	买盘
13:22:27	23.78	--	3	7134	卖盘
13:22:24	23.78	--	10	23780	卖盘
13:22:21	23.78	0.01	23	54694	买盘
13:22:18	23.77	--	2	4754	卖盘
13:22:12	23.77	--	2	4754	卖盘
13:22:06	23.77	0.02	1	2377	买盘
13:22:03	23.75	--	10	23750	卖盘
13:21:57	23.75	--	13	30875	买盘
13:21:54	23.75	--	20	47500	买盘
13:21:51	23.75	--	10	23750	买盘
13:21:42	23.75	-0.03	162	384750	卖盘
13:21:39	23.78	--	57	135546	买盘
13:21:33	23.78	--	2	4756	买盘
13:21:27	23.78	--	8	19024	买盘
13:21:24	23.78	--	4	9512	买盘
13:21:18	23.78	-0.01	11	26158	中性盘
13:21:15	23.79	0.01	100	237900	买盘
13:21:12	23.78	--	48	114144	卖盘
13:21:09	23.78	-0.01	5	11890	卖盘
13:21:06	23.79	0.01	1	2379	买盘
13:21:03	23.78	--	5	11890	卖盘
13:21:00	23.78	--	10	23780	卖盘
13:20:48	23.78	-0.01	2	4756	卖盘
13:20:42	23.79	--	50	118950	买盘
13:20:39	23.79	0.01	14	33306	买盘
13:20:36	23.78	--	5	11890	卖盘
13:20:33	23.78	--	5	11890	卖盘
13:20:30	23.78	--	23	54694	卖盘
13:20:15	23.78	--	3	7134	卖盘
13:20:03	23.78	--	1	2378	卖盘
13:20:00	23.78	--	2	4756	卖盘
13:19:57	23.78	--	59	140302	买盘
13:19:45	23.78	--	20	47560	买盘
13:19:42	23.78	0.03	24	57072	买盘
13:19:39	23.75	-0.02	60	142500	卖盘
13:19:36	23.77	-0.01	1	2377	卖盘
13:19:27	23.78	0.01	100	237800	买盘
13:19:21	23.77	-0.01	3	7131	中性盘
13:19:06	23.78	0.01	30	71340	买盘
13:19:00	23.77	-0.02	75	178275	卖盘
13:18:57	23.79	0.01	43	102297	买盘
13:18:54	23.78	--	5	11890	卖盘
13:18:48	23.78	0.01	91	216398	买盘
13:18:45	23.77	--	72	171144	卖盘
13:18:36	23.77	--	31	73687	卖盘
13:18:24	23.77	0.02	20	47540	买盘
13:18:15	23.75	-0.01	13	30875	卖盘
13:18:09	23.76	0.01	3	7128	买盘
13:18:06	23.75	--	3	7125	买盘
13:17:39	23.75	0.02	6	14250	买盘
13:17:33	23.73	--	39	92547	卖盘
13:17:24	23.73	--	12	28476	卖盘
13:17:18	23.73	--	2	4746	卖盘
13:17:15	23.73	-0.02	12	28476	卖盘
13:16:54	23.75	--	3	7125	卖盘
13:16:45	23.75	--	2	4750	卖盘
13:16:36	23.75	-0.02	155	368125	卖盘
13:16:33	23.77	0.01	10	23770	买盘
13:16:30	23.76	--	200	475200	买盘
13:16:27	23.76	--	10	23760	卖盘
13:16:12	23.76	--	10	23760	卖盘
13:16:06	23.76	-0.01	100	237600	卖盘
13:16:03	23.77	--	1	2377	买盘
13:15:48	23.77	--	20	47540	买盘
13:15:45	23.77	--	13	30901	卖盘
13:15:39	23.77	-0.01	17	40409	卖盘
13:15:36	23.78	--	32	76096	买盘
13:15:27	23.78	0.01	32	76096	买盘
13:15:21	23.77	--	5	11885	卖盘
13:15:12	23.77	--	43	102211	买盘
13:15:06	23.77	-0.01	1	2377	卖盘
13:15:03	23.78	0.01	10	23780	买盘
13:15:00	23.77	--	5	11885	卖盘
13:14:54	23.77	--	10	23770	卖盘
13:14:51	23.77	-0.01	14	33278	卖盘
13:14:45	23.78	--	56	133168	买盘
13:14:18	23.78	0.01	20	47560	买盘
13:14:15	23.77	-0.01	4	9508	卖盘
13:14:12	23.78	0.01	50	118900	买盘
13:14:09	23.77	--	4	9508	卖盘
13:14:03	23.77	--	6	14262	卖盘
13:14:00	23.77	--	7	16639	卖盘
13:13:54	23.77	--	5	11885	卖盘
13:13:51	23.77	-0.01	14	33278	卖盘
13:13:33	23.78	--	9	21402	买盘
13:13:30	23.78	--	6	14268	买盘
13:13:21	23.78	--	50	118900	买盘
13:13:18	23.78	--	1	2378	买盘
13:13:12	23.78	0.01	5	11890	买盘
13:13:09	23.77	-0.01	52	123604	卖盘
13:13:06	23.78	--	5	11890	卖盘
13:13:03	23.78	--	26	61828	卖盘
13:13:00	23.78	-0.01	10	23780	卖盘
13:12:57	23.79	--	1	2379	卖盘
13:12:51	23.79	--	100	237900	卖盘
13:12:45	23.79	--	9	21411	买盘
13:12:42	23.79	--	5	11895	买盘
13:12:39	23.79	--	1	2379	买盘
13:12:27	23.79	--	5	11895	买盘
13:12:21	23.79	-0.01	4	9516	买盘
13:12:18	23.8	--	30	71400	买盘
13:12:09	23.8	--	1	2380	买盘
13:12:03	23.8	--	10	23800	买盘
13:11:54	23.8	--	44	104720	买盘
13:11:48	23.8	0.02	73	173740	买盘
13:11:27	23.78	-0.02	9	21402	中性盘
13:11:15	23.8	0.03	1	2380	买盘
13:11:12	23.77	--	7	16639	卖盘
13:11:09	23.77	--	2	4754	卖盘
13:11:06	23.77	-0.03	65	154505	卖盘
13:11:00	23.8	--	17	40460	买盘
13:10:54	23.8	--	17	40460	买盘
13:10:48	23.8	0.04	17	40460	买盘
13:10:39	23.76	-0.04	7	16632	卖盘
13:10:30	23.8	--	45	107100	买盘
13:10:27	23.8	0.01	20	47600	买盘
13:10:24	23.79	0.04	1	2379	中性盘
13:10:15	23.75	-0.05	1	2375	卖盘
13:10:09	23.8	0.01	16	38080	买盘
13:10:00	23.79	-0.01	99	235521	卖盘
13:09:54	23.8	--	42	99960	买盘
13:09:45	23.8	-0.01	33	78540	卖盘
13:09:42	23.81	--	56	133336	卖盘
13:09:39	23.81	0.01	102	242862	买盘
13:09:36	23.8	--	5	11900	卖盘
13:09:33	23.8	--	125	297500	卖盘
13:09:30	23.8	--	7	16660	卖盘
13:09:21	23.8	--	48	114240	买盘
13:09:09	23.8	-0.01	69	164220	卖盘
13:09:06	23.81	--	123	292863	卖盘
13:09:03	23.81	0.01	148	352388	买盘
13:08:57	23.8	-0.01	15	35700	卖盘
13:08:54	23.81	--	25	59525	买盘
13:08:51	23.81	--	9	21429	买盘
13:08:48	23.81	0.01	3	7143	买盘
13:08:45	23.8	-0.01	152	361760	卖盘
13:08:42	23.81	0.01	2	4762	买盘
13:08:36	23.8	--	12	28560	卖盘
13:08:30	23.8	--	66	157080	卖盘
13:08:24	23.8	--	165	392700	买盘
13:08:18	23.8	--	1	2380	买盘
13:08:09	23.8	--	40	95200	卖盘
13:08:06	23.8	--	1	2380	卖盘
13:08:03	23.8	-0.01	25	59500	卖盘
13:07:57	23.81	--	11	26191	买盘
13:07:54	23.81	-0.01	48	114288	中性盘
13:07:45	23.82	0.01	109	259638	买盘
13:07:39	23.81	-0.01	79	188860	卖盘
13:07:30	23.82	--	22	52404	卖盘
13:07:21	23.82	0.01	10	23820	卖盘
13:07:18	23.81	-0.01	100	238100	卖盘
13:07:15	23.82	--	4	9528	卖盘
13:07:12	23.82	--	35	84989	买盘
13:07:09	23.82	0.01	15	35730	买盘
13:07:00	23.81	--	10	23810	卖盘
13:06:54	23.81	--	1	2381	卖盘
13:06:51	23.81	--	35	83335	卖盘
13:06:48	23.81	--	6	14286	卖盘
13:06:45	23.81	--	3	7143	卖盘
13:06:42	23.81	0.01	81	192861	买盘
13:06:39	23.8	-0.01	40	95200	卖盘
13:06:33	23.81	--	31	73811	买盘
13:06:24	23.81	0.01	15	35715	买盘
13:06:21	23.8	--	13	30940	卖盘
13:06:12	23.8	--	5	11900	卖盘
13:06:09	23.8	-0.01	7	16660	卖盘
13:06:06	23.81	--	1	2381	买盘
13:06:03	23.81	0.01	15	35715	买盘
13:05:57	23.8	--	13	30940	卖盘
13:05:48	23.8	--	14	33320	买盘
13:05:45	23.8	--	5	11900	买盘
13:05:42	23.8	--	5	11900	买盘
13:05:36	23.8	-0.01	22	52360	卖盘
13:05:33	23.81	0.01	2	4762	买盘
13:05:27	23.8	--	1	2380	卖盘
13:05:24	23.8	-0.01	19	45220	卖盘
13:05:15	23.81	-0.01	10	23810	中性盘
13:05:00	23.82	--	9	21438	卖盘
13:04:51	23.82	0.02	53	126246	买盘
13:04:45	23.8	-0.02	1	2380	中性盘
13:04:39	23.82	--	10	23820	买盘
13:04:36	23.82	0.01	5	11910	买盘
13:04:27	23.81	-0.01	2	4762	卖盘
13:04:24	23.82	0.01	11	26202	买盘
13:04:18	23.81	--	43	102383	卖盘
13:04:15	23.81	--	5	11905	卖盘
13:04:12	23.81	0.02	448	1066688	买盘
13:04:03	23.79	--	2	4758	卖盘
13:04:00	23.79	--	8	19032	卖盘
13:03:57	23.79	--	10	23790	卖盘
13:03:54	23.79	--	1	2379	卖盘
13:03:48	23.79	-0.01	30	71370	卖盘
13:03:45	23.8	--	31	73780	买盘
13:03:39	23.8	--	10	23800	买盘
13:03:36	23.8	0.01	17	40460	买盘
13:03:27	23.79	-0.01	25	59475	卖盘
13:03:24	23.8	--	13	30940	买盘
13:03:15	23.8	--	166	395080	买盘
13:03:12	23.8	--	5	11900	买盘
13:02:57	23.8	--	20	47600	买盘
13:02:54	23.8	0.01	43	102340	买盘
13:02:48	23.79	--	7	16653	买盘
13:02:42	23.79	--	2	4758	买盘
13:02:36	23.79	--	87	206973	买盘
13:02:33	23.79	--	23	54717	买盘
13:02:30	23.79	--	12	28548	买盘
13:02:27	23.79	0.01	10	23790	买盘
13:02:18	23.78	--	35	84300	买盘
13:02:15	23.78	--	5	11890	买盘
13:02:03	23.78	0.01	100	237800	买盘
13:02:00	23.77	0.01	10	23770	买盘
13:01:57	23.76	--	14	33264	买盘
13:01:45	23.76	0.01	5	11880	买盘
13:01:42	23.75	--	30	71250	卖盘
13:01:36	23.75	--	3	7125	卖盘
13:01:33	23.75	--	11	26125	买盘
13:01:18	23.75	--	62	147250	买盘
13:01:09	23.75	0.01	60	142500	买盘
13:01:03	23.74	-0.01	3	7121	卖盘
13:00:48	23.75	--	12	28500	买盘
13:00:45	23.75	0.01	1	2375	买盘
13:00:24	23.74	--	6	14243	卖盘
13:00:21	23.74	-0.01	9	21366	卖盘
13:00:15	23.75	0.01	10	23750	买盘
13:00:12	23.74	--	10	23740	卖盘
13:00:09	23.74	-0.01	23	54602	卖盘
13:00:06	23.75	0.02	430	1021250	买盘
13:00:03	23.73	-0.01	12	28476	卖盘
11:30:03	23.74	--	0	0	买盘
11:29:54	23.74	--	11	26114	买盘
11:29:36	23.74	0.01	5	11870	买盘
11:29:18	23.73	-0.01	44	104412	卖盘
11:29:12	23.74	--	10	23740	买盘
11:29:09	23.74	--	1	2374	买盘
11:29:06	23.74	--	1	2374	买盘
11:29:03	23.74	--	42	99708	卖盘
11:29:00	23.74	-0.01	13	30861	卖盘
11:28:57	23.75	--	16	38000	买盘
11:28:51	23.75	0.01	30	71250	买盘
11:28:45	23.74	--	14	33236	卖盘
11:28:42	23.74	--	10	23740	卖盘
11:28:39	23.74	0.02	46	109204	买盘
11:28:30	23.72	-0.02	10	23720	卖盘
11:28:27	23.74	--	19	45106	买盘
11:28:18	23.74	0.03	14	33236	买盘
11:28:03	23.71	-0.01	10	23710	卖盘
11:27:57	23.72	-0.02	2	4744	中性盘
11:27:42	23.74	0.03	17	40358	买盘
11:27:39	23.71	--	10	23710	卖盘
11:27:33	23.71	-0.01	9	21339	卖盘
11:27:27	23.72	--	5	11860	买盘
11:27:24	23.72	-0.01	12	28464	卖盘
11:27:21	23.73	--	21	49833	买盘
11:27:18	23.73	--	1	2373	买盘
11:27:12	23.73	--	2	4746	买盘
11:27:09	23.73	--	31	73563	卖盘
11:27:06	23.73	-0.01	4	9492	卖盘
11:27:00	23.74	0.01	3	7121	买盘
11:26:54	23.73	--	4	9492	卖盘
11:26:48	23.73	-0.01	5	11865	卖盘
11:26:42	23.74	0.01	2	4748	买盘
11:26:39	23.73	--	3	7119	卖盘
11:26:36	23.73	--	3	7119	卖盘
11:26:15	23.73	-0.01	10	23730	卖盘
11:26:12	23.74	-0.01	1	2374	卖盘
11:26:03	23.75	0.01	23	54625	买盘
11:25:57	23.74	--	13	30861	卖盘
11:25:42	23.74	-0.01	10	23740	中性盘
11:25:36	23.75	0.02	100	237500	买盘
11:25:33	23.73	--	10	23730	买盘
11:25:24	23.73	--	7	16611	买盘
11:25:21	23.73	0.02	10	23730	买盘
11:25:18	23.71	-0.02	1	2371	卖盘
11:25:09	23.73	--	1	2373	买盘
11:25:06	23.73	0.02	1	2373	买盘
11:25:03	23.71	-0.02	15	35565	卖盘
11:25:00	23.73	0.02	10	23730	买盘
11:24:54	23.71	--	6	14226	卖盘
11:24:48	23.71	--	1	2371	卖盘
11:24:45	23.71	--	10	23710	卖盘
11:24:42	23.71	--	2	4742	卖盘
11:24:39	23.71	--	16	38836	买盘
11:24:33	23.71	--	3	8583	卖盘
11:24:30	23.71	0.02	12	29352	买盘
11:24:15	23.69	--	135	319815	卖盘
11:24:12	23.69	--	5	11845	卖盘
11:24:06	23.69	--	9	21321	买盘
11:24:03	23.69	--	5	11845	买盘
11:24:00	23.69	--	5	11845	买盘
11:23:57	23.69	0.01	20	47380	买盘
11:23:54	23.68	--	7	16576	卖盘
11:23:51	23.68	--	10	23680	卖盘
11:23:45	23.68	--	39	93015	买盘
11:23:42	23.68	--	7	16576	买盘
11:23:39	23.68	0.01	2	4736	买盘
11:23:33	23.67	--	26	61542	买盘
11:23:30	23.67	--	17	40239	买盘
11:23:27	23.67	0.01	12	28404	买盘
11:23:21	23.66	--	5	11830	卖盘
11:23:18	23.66	--	1	2366	卖盘
11:23:15	23.66	--	33	78078	买盘
11:23:12	23.66	0.01	34	80444	买盘
11:23:09	23.65	--	3	7095	卖盘
11:23:06	23.65	-0.01	90	212850	卖盘
11:23:03	23.66	0.02	16	37856	买盘
11:23:00	23.64	--	60	141840	卖盘
11:22:57	23.64	-0.01	39	92196	卖盘
11:22:54	23.65	--	24	56760	买盘
11:22:51	23.65	--	47	111155	买盘
11:22:45	23.65	0.01	5	11825	买盘
11:22:42	23.64	-0.02	62	148695	卖盘
11:22:39	23.66	0.01	14	33124	买盘
11:22:36	23.65	0.01	40	94600	买盘
11:22:33	23.64	-0.01	27	63828	卖盘
11:22:30	23.65	-0.01	37	87505	中性盘
11:22:24	23.66	0.01	40	94640	买盘
11:22:21	23.65	-0.01	70	165550	卖盘
11:22:18	23.66	--	1	2366	卖盘
11:22:15	23.66	--	61	144326	卖盘
11:22:12	23.66	--	10	23660	卖盘
11:22:09	23.66	-0.01	44	104104	卖盘
11:22:00	23.67	--	12	28404	买盘
11:21:57	23.67	-0.01	28	66276	卖盘
11:21:54	23.68	0.01	41	97088	买盘
11:21:51	23.67	-0.01	19	44973	卖盘
11:21:48	23.68	--	10	23680	买盘
11:21:45	23.68	--	2	4736	买盘
11:21:42	23.68	--	20	47360	买盘
11:21:39	23.68	--	20	47360	买盘
11:21:36	23.68	-0.01	126	300072	卖盘
11:21:33	23.69	0.01	115	272435	买盘
11:21:30	23.68	--	41	97088	卖盘
11:21:27	23.68	-0.01	5	11840	卖盘
11:21:24	23.69	0.01	15	35535	买盘
11:21:21	23.68	-0.01	25	59200	卖盘
11:21:18	23.69	0.01	2	4738	卖盘
11:21:15	23.68	--	13	30784	卖盘
11:21:12	23.68	--	52	123136	卖盘
11:21:09	23.68	-0.01	111	262848	卖盘
11:21:06	23.69	0.01	35	82915	买盘
11:21:03	23.68	--	138	327447	卖盘
11:21:00	23.68	--	24	56832	卖盘
11:20:57	23.68	-0.01	83	196544	卖盘
11:20:54	23.69	0.01	3	7107	买盘
11:20:51	23.68	--	50	118400	卖盘
11:20:48	23.68	-0.01	5	11840	卖盘
11:20:45	23.69	0.01	2	4738	买盘
11:20:42	23.68	-0.01	8	18944	卖盘
11:20:36	23.69	--	77	183881	卖盘
11:20:33	23.69	-0.01	15	35535	卖盘
11:20:30	23.7	0.01	11	26070	买盘
11:20:27	23.69	-0.01	5	11845	卖盘
11:20:24	23.7	--	5	11850	买盘
11:20:21	23.7	--	2	4740	买盘
11:20:15	23.7	-0.01	144	341280	卖盘
11:20:12	23.71	-0.02	34	80614	卖盘
11:20:09	23.73	--	15	35595	卖盘
11:20:06	23.73	--	20	47460	卖盘
11:20:03	23.73	0.01	2	4746	中性盘
11:20:00	23.72	-0.01	19	45068	卖盘
11:19:57	23.73	--	1	2373	卖盘
11:19:51	23.73	-0.01	1	2373	卖盘
11:19:48	23.74	--	10	23740	买盘
11:19:45	23.74	0.02	11	26114	买盘
11:19:42	23.72	-0.01	30	71160	卖盘
11:19:36	23.73	--	15	35595	卖盘
11:19:27	23.73	-0.01	15	35595	卖盘
11:19:24	23.74	0.01	3	7121	买盘
11:19:18	23.73	-0.01	2	4746	卖盘
11:19:15	23.74	0.01	1	2374	买盘
11:19:12	23.73	-0.01	39	92547	卖盘
11:19:09	23.74	-0.01	1	2374	卖盘
11:19:06	23.75	--	7	16625	买盘
11:18:57	23.75	--	51	121125	卖盘
11:18:54	23.75	-0.01	3	7125	卖盘
11:18:51	23.76	0.01	28	66528	买盘
11:18:45	23.75	-0.01	17	40375	卖盘
11:18:42	23.76	0.01	1	2376	买盘
11:18:39	23.75	--	5	11875	卖盘
11:18:36	23.75	--	17	40375	卖盘
11:18:33	23.75	-0.01	30	71250	卖盘
11:18:27	23.76	-0.01	61	144936	中性盘
11:18:18	23.77	0.01	9	21393	买盘
11:18:15	23.76	--	15	35640	卖盘
11:18:12	23.76	--	3	7128	卖盘
11:18:09	23.76	--	101	239976	买盘
11:18:00	23.76	--	11	26136	买盘
11:17:48	23.76	--	1	2376	买盘
11:17:45	23.76	0.01	10	23760	中性盘
11:17:42	23.75	-0.01	71	168625	卖盘
11:17:39	23.76	--	3	7128	卖盘
11:17:33	23.76	-0.01	2	4752	卖盘
11:17:27	23.77	0.01	11	26147	买盘
11:17:21	23.76	--	1	2376	卖盘
11:17:18	23.76	--	1	2376	卖盘
11:17:06	23.76	--	1	2376	卖盘
11:17:00	23.76	-0.01	2	4752	卖盘
11:16:57	23.77	--	11	26147	买盘
11:16:51	23.77	0.01	7	16639	买盘
11:16:48	23.76	--	13	30888	卖盘
11:16:33	23.76	-0.01	5	11880	卖盘
11:16:30	23.77	0.01	10	23770	中性盘
11:16:24	23.76	--	3	7128	卖盘
11:16:21	23.76	-0.01	2	4752	卖盘
11:16:18	23.77	--	3	7131	买盘
11:16:12	23.77	--	17	40409	买盘
11:16:09	23.77	--	4	9508	买盘
11:16:00	23.77	--	36	85572	卖盘
11:15:57	23.77	-0.01	78	185406	卖盘
11:15:54	23.78	0.01	4	9512	买盘
11:15:51	23.77	--	5	11885	卖盘
11:15:48	23.77	--	20	47540	卖盘
11:15:45	23.77	-0.01	20	47540	卖盘
11:15:39	23.78	--	16	38048	买盘
11:15:30	23.78	-0.01	13	32221	卖盘
11:15:27	23.79	0.01	12	28548	买盘
11:15:24	23.78	--	39	92742	卖盘
11:15:21	23.78	-0.01	21	49938	卖盘
11:15:18	23.79	--	3	7137	买盘
11:15:09	23.79	--	50	118950	买盘
11:15:06	23.79	-0.01	36	85644	卖盘
11:15:00	23.8	--	8	19040	买盘
11:14:57	23.8	--	11	26180	买盘
11:14:48	23.8	--	3	7140	买盘
11:14:42	23.8	0.01	2	4760	买盘
11:14:36	23.79	--	10	23790	卖盘
11:14:33	23.79	-0.01	30	71370	卖盘
11:14:30	23.8	--	2	4760	买盘
11:14:27	23.8	0.01	16	38080	买盘
11:14:24	23.79	-0.01	20	47580	卖盘
11:14:21	23.8	0.01	10	23800	买盘
11:14:18	23.79	--	20	47580	卖盘
11:14:15	23.79	--	2	4758	卖盘
11:14:12	23.79	-0.01	32	76128	卖盘
11:14:09	23.8	--	129	307020	买盘
11:14:03	23.8	0.01	10	23800	买盘
11:14:00	23.79	--	8	19032	卖盘
11:13:57	23.79	--	2	4758	卖盘
11:13:54	23.79	--	24	57096	买盘
11:13:51	23.79	--	10	23790	买盘
11:13:48	23.79	--	11	26169	买盘
11:13:39	23.79	--	20	47580	买盘
11:13:36	23.79	--	11	26169	买盘
11:13:27	23.79	0.01	11	26169	卖盘
11:13:24	23.78	--	109	259202	卖盘
11:13:21	23.78	--	1	2378	卖盘
11:13:18	23.78	-0.02	1	2378	卖盘
11:13:15	23.8	--	36	85680	买盘
11:13:12	23.8	0.02	36	85680	买盘
11:13:09	23.78	--	30	71340	卖盘
11:13:03	23.78	-0.01	6	14268	卖盘
11:13:00	23.79	0.01	66	158084	买盘
11:12:54	23.78	--	23	54694	买盘
11:12:45	23.78	--	14	33292	买盘
11:12:42	23.78	0.01	15	35670	买盘
11:12:36	23.77	-0.01	26	61802	卖盘
11:12:33	23.78	0.01	22	52316	买盘
11:12:27	23.77	0.01	1	2377	卖盘
11:12:24	23.76	-0.02	10	23760	卖盘
11:12:21	23.78	0.01	43	102254	买盘
11:12:18	23.77	0.01	1	2377	买盘
11:12:15	23.76	--	1	2376	卖盘
11:12:12	23.76	--	10	23760	卖盘
11:12:09	23.76	0.01	42	99792	买盘
11:12:03	23.75	--	25	59375	买盘
11:12:00	23.75	--	89	211375	买盘
11:11:54	23.75	0.01	111	263625	买盘
11:11:51	23.74	-0.01	6	14243	卖盘
11:11:48	23.75	0.01	16	38000	买盘
11:11:45	23.74	--	12	28487	卖盘
11:11:42	23.74	--	2	4748	卖盘
11:11:39	23.74	0.02	69	163806	买盘
11:11:36	23.72	-0.02	98	232456	卖盘
11:11:33	23.74	--	9	21366	买盘
11:11:30	23.74	--	5	11870	买盘
11:11:27	23.74	0.02	12	28487	买盘
11:11:18	23.72	--	15	35580	卖盘
11:11:15	23.72	0.01	88	208736	买盘
11:11:12	23.71	-0.01	5	11855	卖盘
11:11:09	23.72	0.02	5	11860	买盘
11:11:06	23.7	-0.02	90	213300	卖盘
11:11:03	23.72	0.02	32	75904	买盘
11:11:00	23.7	-0.01	42	99540	卖盘
11:10:57	23.71	0.01	4	9484	买盘
11:10:54	23.7	0.01	1	2370	中性盘
11:10:51	23.69	-0.01	127	301763	卖盘
11:10:48	23.7	--	23	54510	买盘
11:10:45	23.7	--	32	75840	买盘
11:10:42	23.7	--	2	4740	买盘
11:10:39	23.7	--	20	47400	买盘
11:10:36	23.7	--	9	21330	买盘
11:10:33	23.7	0.01	49	116130	中性盘
11:10:30	23.69	-0.01	63	149247	卖盘
11:10:24	23.7	0.01	71	168270	买盘
11:10:18	23.69	-0.02	31	73439	卖盘
11:10:15	23.71	0.01	40	94840	买盘
11:10:12	23.7	--	53	125610	卖盘
11:10:09	23.7	-0.01	51	120870	卖盘
11:10:06	23.71	--	3	7113	买盘
11:10:00	23.71	--	14	33194	卖盘
11:09:57	23.71	-0.01	10	23710	中性盘
11:09:54	23.72	--	326	773272	买盘
11:09:51	23.72	--	11	26092	买盘
11:09:48	23.72	--	18	42696	买盘
11:09:45	23.72	--	8	18976	卖盘
11:09:42	23.72	--	49	116228	卖盘
11:09:39	23.72	-0.02	27	64044	卖盘
11:09:27	23.74	-0.01	41	97334	卖盘
11:09:24	23.75	0.03	13	30875	买盘
11:09:21	23.72	-0.02	100	237200	卖盘
11:09:18	23.74	--	1	2374	卖盘
11:09:15	23.74	--	20	47480	卖盘
11:09:12	23.74	-0.01	4	9496	卖盘
11:09:09	23.75	0.01	19	45125	买盘
11:09:06	23.74	--	10	23740	卖盘
11:09:03	23.74	--	11	26114	卖盘
11:08:57	23.74	-0.01	10	23740	卖盘
11:08:54	23.75	--	11	26125	买盘
11:08:48	23.75	-0.01	75	178125	卖盘
11:08:45	23.76	--	109	258984	买盘
11:08:39	23.76	0.01	17	40392	买盘
11:08:36	23.75	--	201	477375	卖盘
11:08:33	23.75	-0.01	5	11875	卖盘
11:08:30	23.76	--	14	33264	买盘
11:08:27	23.76	--	29	68904	买盘
11:08:24	23.76	0.01	34	80784	买盘
11:08:21	23.75	-0.02	6	14250	卖盘
11:08:18	23.77	0.02	3	7131	买盘
11:08:15	23.75	--	26	61750	卖盘
11:08:12	23.75	-0.01	2	4750	卖盘
11:08:09	23.76	--	4	9504	买盘
11:08:06	23.76	0.01	10	23760	买盘
11:08:03	23.75	-0.01	29	68875	卖盘
11:08:00	23.76	--	50	118800	卖盘
11:07:57	23.76	-0.01	1	2376	卖盘
11:07:54	23.77	0.01	11	26147	买盘
11:07:51	23.76	--	10	23760	卖盘
11:07:42	23.76	--	18	42768	卖盘
11:07:33	23.76	-0.02	2	4752	卖盘
11:07:30	23.78	0.02	18	42804	买盘
11:07:27	23.76	-0.01	10	23760	卖盘
11:07:24	23.77	--	150	356550	卖盘
11:07:21	23.77	-0.01	9	21393	卖盘
11:07:18	23.78	0.01	2	4756	买盘
11:07:15	23.77	-0.01	1	2377	卖盘
11:07:12	23.78	--	5	11890	买盘
11:07:09	23.78	-0.01	136	324715	卖盘
11:07:06	23.79	0.01	39	92781	买盘
11:07:00	23.78	-0.01	1	2378	卖盘
11:06:57	23.79	0.01	11	26169	买盘
11:06:51	23.78	-0.01	58	137924	卖盘
11:06:45	23.79	--	38	90402	买盘
11:06:42	23.79	0.01	80	190320	买盘
11:06:39	23.78	--	113	269784	买盘
11:06:30	23.78	--	2	4756	买盘
11:06:27	23.78	-0.01	38	90364	卖盘
11:06:24	23.79	0.01	30	71370	买盘
11:06:18	23.78	-0.01	13	30914	卖盘
11:06:15	23.79	--	14	33306	买盘
11:06:06	23.79	--	2	4758	买盘
11:06:03	23.79	--	2	6066	卖盘
11:05:57	23.79	-0.01	15	36755	卖盘
11:05:54	23.8	--	23	54740	买盘
11:05:48	23.8	--	7	16660	买盘
11:05:45	23.8	-0.01	14	33320	卖盘
11:05:42	23.81	0.01	15	35715	买盘
11:05:39	23.8	--	10	23800	卖盘
11:05:36	23.8	--	55	130900	卖盘
11:05:33	23.8	--	14	33320	卖盘
11:05:30	23.8	-0.02	5	11900	卖盘
11:05:27	23.82	--	1	2382	买盘
11:05:21	23.82	0.01	219	521658	买盘
11:05:09	23.81	-0.01	43	102383	中性盘
11:05:03	23.82	0.01	371	883722	买盘
11:05:00	23.81	--	13	30953	卖盘
11:04:54	23.81	--	30	71430	卖盘
11:04:51	23.81	0.01	13	30953	买盘
11:04:48	23.8	-0.01	63	149940	卖盘
11:04:45	23.81	--	21	50001	买盘
11:04:42	23.81	0.01	67	159527	买盘
11:04:39	23.8	--	75	178500	卖盘
11:04:36	23.8	--	10	23800	卖盘
11:04:33	23.8	--	50	119000	卖盘
11:04:30	23.8	--	93	221340	卖盘
11:04:27	23.8	--	65	154700	卖盘
11:04:24	23.8	0.01	35	83300	买盘
11:04:21	23.79	0.01	24	57096	买盘
11:04:18	23.78	-0.01	1	2378	卖盘
11:04:12	23.79	0.01	4	9516	买盘
11:04:09	23.78	-0.01	8	19024	中性盘
11:04:03	23.79	0.02	35	83265	买盘
11:04:00	23.77	-0.01	13	30901	卖盘
11:03:57	23.78	0.01	31	73718	中性盘
11:03:54	23.77	-0.01	13	30901	卖盘
11:03:51	23.78	--	11	26158	卖盘
11:03:48	23.78	--	11	26158	卖盘
11:03:42	23.78	-0.02	10	23780	卖盘
11:03:39	23.8	0.01	79	188020	买盘
11:03:36	23.79	-0.01	8	19032	卖盘
11:03:33	23.8	--	1	2380	买盘
11:03:27	23.8	--	11	26180	买盘
11:03:24	23.8	-0.02	79	188020	卖盘
11:03:18	23.82	--	73	173886	买盘
11:03:03	23.82	--	38	90516	卖盘
11:03:00	23.82	--	15	35730	卖盘
11:02:57	23.82	-0.01	36	85752	卖盘
11:02:54	23.83	0.01	29	69107	买盘
11:02:48	23.82	-0.01	4	9528	卖盘
11:02:42	23.83	-0.02	10	23830	卖盘
11:02:36	23.85	0.02	3	7155	买盘
11:02:33	23.83	-0.02	10	23830	卖盘
11:02:30	23.85	-0.01	44	104940	中性盘
11:02:24	23.86	0.03	21	50106	买盘
11:02:21	23.83	-0.02	116	276428	卖盘
11:02:18	23.85	--	19	45315	卖盘
11:02:12	23.85	--	34	81090	卖盘
11:02:09	23.85	-0.01	52	124020	卖盘
11:01:57	23.86	--	15	37102	卖盘
11:01:54	23.86	--	3	7158	卖盘
11:01:51	23.86	--	23	54878	卖盘
11:01:48	23.86	--	1	2386	卖盘
11:01:45	23.86	--	17	40562	卖盘
11:01:42	23.86	--	32	76352	卖盘
11:01:33	23.86	--	17	40562	卖盘
11:01:30	23.86	-0.01	11	26246	卖盘
11:01:27	23.87	--	3	7161	买盘
11:01:24	23.87	--	31	73997	买盘
11:01:21	23.87	--	12	28644	买盘
11:01:18	23.87	0.01	32	76384	买盘
11:01:15	23.86	-0.01	51	121686	卖盘
11:01:12	23.87	--	25	59675	买盘
11:01:09	23.87	--	3	7161	买盘
11:01:06	23.87	--	13	31031	买盘
11:01:00	23.87	--	5	11935	买盘
11:00:57	23.87	-0.01	36	85932	卖盘
11:00:54	23.88	--	18	42984	买盘
11:00:48	23.88	--	14	33432	买盘
11:00:42	23.88	0.01	1	2388	买盘
11:00:39	23.87	--	6	14322	卖盘
11:00:36	23.87	--	32	76384	卖盘
11:00:33	23.87	--	4	9548	卖盘
11:00:30	23.87	--	5	11935	卖盘
11:00:27	23.87	--	30	71610	卖盘
11:00:24	23.87	--	23	54901	卖盘
11:00:21	23.87	-0.01	10	23870	卖盘
11:00:15	23.88	0.01	16	38208	买盘
11:00:12	23.87	--	2	4774	卖盘
11:00:09	23.87	--	15	35805	卖盘
11:00:06	23.87	-0.01	2	4774	卖盘
11:00:03	23.88	0.01	30	71640	买盘
11:00:00	23.87	-0.01	106	253022	卖盘
10:59:54	23.88	0.01	11	26268	买盘
10:59:51	23.87	--	7	16709	卖盘
10:59:45	23.87	-0.01	12	28644	卖盘
10:59:42	23.88	0.01	1	2388	买盘
10:59:36	23.87	--	1	2387	卖盘
10:59:33	23.87	--	5	11935	卖盘
10:59:24	23.87	--	5	11935	卖盘
10:59:21	23.87	--	9	21483	买盘
10:59:18	23.87	--	8	19096	买盘
10:59:15	23.87	-0.01	8	19096	中性盘
10:59:06	23.88	--	20	47760	买盘
10:59:03	23.88	0.02	73	174324	买盘
10:59:00	23.86	-0.02	10	23860	卖盘
10:58:57	23.88	0.01	89	212532	买盘
10:58:54	23.87	-0.01	33	78771	卖盘
10:58:51	23.88	0.01	36	85968	买盘
10:58:48	23.87	--	5	11935	卖盘
10:58:39	23.87	--	84	200508	买盘
10:58:24	23.87	--	16	38192	买盘
10:58:21	23.87	0.01	27	64449	买盘
10:58:18	23.86	--	8	19088	卖盘
10:58:15	23.86	-0.01	70	167020	卖盘
10:58:09	23.87	0.01	46	109802	买盘
10:58:03	23.86	--	30	71580	卖盘
10:57:57	23.86	--	46	109756	卖盘
10:57:54	23.86	--	77	184795	买盘
10:57:51	23.86	--	132	314952	买盘
10:57:45	23.86	0.01	14	33404	买盘
10:57:42	23.85	-0.01	10	23850	卖盘
10:57:39	23.86	--	14	33404	买盘
10:57:36	23.86	0.01	110	262460	买盘
10:57:30	23.85	--	7	16695	卖盘
10:57:27	23.85	--	10	23850	卖盘
10:57:24	23.85	--	24	57240	卖盘
10:57:21	23.85	--	27	64395	卖盘
10:57:15	23.85	--	20	47700	卖盘
10:57:03	23.85	--	6	14310	卖盘
10:57:00	23.85	--	11	26235	卖盘
10:56:57	23.85	--	10	23850	卖盘
10:56:54	23.85	--	5	11925	卖盘
10:56:48	23.85	0.01	17	40545	买盘
10:56:45	23.84	--	6	14304	卖盘
10:56:42	23.84	--	28	66752	卖盘
10:56:39	23.84	--	26	61984	卖盘
10:56:36	23.84	--	1	2384	卖盘
10:56:33	23.84	-0.02	30	71520	卖盘
10:56:30	23.86	0.01	20	47720	买盘
10:56:27	23.85	--	20	47700	买盘
10:56:24	23.85	--	13	32436	卖盘
10:56:21	23.85	--	5	11925	卖盘
10:56:15	23.85	--	1	2385	卖盘
10:56:12	23.85	--	20	47700	卖盘
10:56:09	23.85	--	31	73935	卖盘
10:56:06	23.85	-0.01	20	47700	卖盘
10:56:00	23.86	0.01	70	167020	买盘
10:55:57	23.85	--	100	238500	卖盘
10:55:54	23.85	--	25	59625	卖盘
10:55:51	23.85	--	27	64395	卖盘
10:55:48	23.85	--	0	954	卖盘
10:55:42	23.85	--	5	11925	卖盘
10:55:39	23.85	-0.01	5	11925	卖盘
10:55:36	23.86	0.01	10	23860	买盘
10:55:33	23.85	--	2	4770	卖盘
10:55:30	23.85	--	5	11925	卖盘
10:55:27	23.85	0.01	128	305280	买盘
10:55:24	23.84	-0.01	31	73904	卖盘
10:55:21	23.85	0.01	2	4770	买盘
10:55:18	23.84	-0.01	2	4768	卖盘
10:55:15	23.85	0.01	20	47700	买盘
10:55:09	23.84	--	12	28608	卖盘
10:55:03	23.84	--	68	162112	买盘
10:55:00	23.84	0.01	20	47680	买盘
10:54:57	23.83	--	6	14297	买盘
10:54:54	23.83	-0.01	55	131064	卖盘
10:54:51	23.84	--	58	138272	买盘
10:54:48	23.84	--	10	23840	买盘
10:54:45	23.84	--	1	2384	买盘
10:54:42	23.84	--	1	2384	买盘
10:54:39	23.84	--	5	11920	买盘
10:54:36	23.84	-0.01	1	2384	中性盘
10:54:33	23.85	--	2	4770	买盘
10:54:30	23.85	-0.01	10	23850	买盘
10:54:27	23.86	0.02	15	35790	买盘
10:54:24	23.84	-0.02	4	9536	卖盘
10:54:21	23.86	0.01	31	73966	买盘
10:54:18	23.85	-0.01	3	7155	卖盘
10:54:15	23.86	--	5	11930	买盘
10:54:03	23.86	--	20	47720	买盘
10:54:00	23.86	0.04	17	40562	买盘
10:53:57	23.82	-0.03	1	2382	卖盘
10:53:51	23.85	-0.01	11	26235	中性盘
10:53:45	23.86	--	20	47720	买盘
10:53:42	23.86	0.06	214	510604	买盘
10:53:39	23.8	-0.06	559	1330420	卖盘
10:53:33	23.86	--	4	9544	买盘
10:53:30	23.86	--	120	286320	买盘
10:53:27	23.86	--	42	100212	买盘
10:53:24	23.86	-0.01	134	319724	卖盘
10:53:21	23.87	--	18	42966	买盘
10:53:18	23.87	0.01	7	16709	买盘
10:53:15	23.86	--	11	26246	卖盘
10:53:09	23.86	0.01	8	19088	买盘
10:53:06	23.85	-0.01	34	81090	卖盘
10:53:03	23.86	0.01	103	245758	买盘
10:53:00	23.85	-0.01	4	9540	卖盘
10:52:54	23.86	0.01	128	305408	买盘
10:52:51	23.85	0.01	143	341055	买盘
10:52:48	23.84	--	1	2384	买盘
10:52:45	23.84	0.01	18	42912	买盘
10:52:42	23.83	0.01	56	133448	买盘
10:52:39	23.82	-0.01	71	169122	卖盘
10:52:36	23.83	-0.01	6	14297	中性盘
10:52:30	23.84	--	212	505408	买盘
10:52:24	23.84	--	51	121584	买盘
10:52:21	23.84	0.01	17	40528	买盘
10:52:18	23.83	--	1	2383	卖盘
10:52:15	23.83	-0.01	2	4766	卖盘
10:52:12	23.84	0.02	28	66752	买盘
10:52:03	23.82	--	12	28584	买盘
10:52:00	23.82	--	42	100044	买盘
10:51:57	23.82	-0.02	58	138156	卖盘
10:51:54	23.84	--	3	7152	买盘
10:51:51	23.84	0.02	11	26224	买盘
10:51:45	23.82	-0.02	10	23820	卖盘
10:51:39	23.84	--	2	4768	买盘
10:51:36	23.84	-0.01	20	47680	卖盘
10:51:33	23.85	--	1	2385	买盘
10:51:30	23.85	--	26	62010	买盘
10:51:27	23.85	--	100	238500	买盘
10:51:24	23.85	--	62	147870	买盘
10:51:21	23.85	--	50	119250	买盘
10:51:18	23.85	-0.04	23	54855	中性盘
10:51:15	23.89	0.04	76	181564	买盘
10:51:12	23.85	--	19	45315	买盘
10:51:09	23.85	-0.05	44	104940	卖盘
10:51:06	23.9	--	209	499509	买盘
10:51:03	23.9	--	124	296360	买盘
10:51:00	23.9	--	39	93210	买盘
10:50:57	23.9	0.01	31	74090	买盘
10:50:54	23.89	-0.01	89	212621	卖盘
10:50:51	23.9	0.04	189	451710	买盘
10:50:45	23.86	-0.04	34	81124	卖盘
10:50:36	23.9	--	5	11950	买盘
10:50:33	23.9	0.05	795	1900050	买盘
10:50:30	23.85	-0.01	42	100170	卖盘
10:50:27	23.86	0.01	10	23860	买盘
10:50:24	23.85	--	11	26235	卖盘
10:50:21	23.85	--	7	16695	卖盘
10:50:18	23.85	0.06	714	1702890	买盘
10:50:15	23.79	--	5	11895	卖盘
10:50:12	23.79	--	20	47580	卖盘
10:50:09	23.79	-0.01	2	4758	卖盘
10:50:06	23.8	0.01	16	38080	买盘
10:50:00	23.79	--	8	19032	卖盘
10:49:54	23.79	-0.01	5	11895	卖盘
10:49:48	23.8	0.01	31	73780	买盘
10:49:45	23.79	-0.01	1	2379	卖盘
10:49:39	23.8	--	27	64260	买盘
10:49:36	23.8	--	62	147560	买盘
10:49:30	23.8	0.01	100	238000	买盘
10:49:24	23.79	-0.01	5	11895	卖盘
10:49:21	23.8	--	32	76160	买盘
10:49:18	23.8	--	120	285600	买盘
10:49:09	23.8	--	182	433160	买盘
10:49:03	23.8	-0.02	13	30940	卖盘
10:49:00	23.82	--	8	19056	买盘
10:48:57	23.82	--	11	26202	买盘
10:48:54	23.82	--	34	80988	买盘
10:48:51	23.82	--	23	54786	卖盘
10:48:48	23.82	-0.01	20	47640	卖盘
10:48:42	23.83	0.01	5	11915	买盘
10:48:39	23.82	--	2	4764	卖盘
10:48:33	23.82	-0.01	12	28584	卖盘
10:48:27	23.83	0.01	11	26212	买盘
10:48:24	23.82	0.02	139	331098	买盘
10:48:21	23.8	0.03	33	78540	买盘
10:48:18	23.77	-0.02	52	123604	卖盘
10:48:15	23.79	-0.01	16	38064	卖盘
10:48:12	23.8	--	6	14280	买盘
10:48:09	23.8	0.01	250	595000	买盘
10:48:03	23.79	-0.01	10	23790	卖盘
10:48:00	23.8	0.01	65	154700	买盘
10:47:57	23.79	-0.01	10	23790	卖盘
10:47:54	23.8	0.01	42	99960	买盘
10:47:51	23.79	-0.01	8	19032	卖盘
10:47:48	23.8	--	22	52360	买盘
10:47:39	23.8	0.01	20	47600	买盘
10:47:36	23.79	--	10	23790	卖盘
10:47:33	23.79	0.02	249	592371	买盘
10:47:30	23.77	-0.02	20	47540	卖盘
10:47:27	23.79	--	1	2379	买盘
10:47:21	23.79	0.01	1	2379	买盘
10:47:18	23.78	0.01	33	78474	买盘
10:47:12	23.77	-0.01	1	2377	卖盘
10:47:03	23.78	--	26	61828	买盘
10:47:00	23.78	-0.01	40	95120	中性盘
10:46:57	23.79	--	14	33306	买盘
10:46:54	23.79	--	25	59475	买盘
10:46:48	23.79	--	16	38064	买盘
10:46:42	23.79	--	18	42822	买盘
10:46:39	23.79	0.01	100	237900	买盘
10:46:36	23.78	-0.01	10	23780	卖盘
10:46:33	23.79	--	5	11895	买盘
10:46:27	23.79	0.01	36	85644	买盘
10:46:21	23.78	-0.01	6	14268	卖盘
10:46:18	23.79	--	24	57096	卖盘
10:46:15	23.79	--	2	4758	卖盘
10:46:12	23.79	-0.01	14	33306	中性盘
10:46:06	23.8	0.01	33	78540	买盘
10:46:03	23.79	-0.01	15	35685	卖盘
10:46:00	23.8	0.01	9	21420	买盘
10:45:57	23.79	--	12	28548	卖盘
10:45:54	23.79	--	20	47580	卖盘
10:45:51	23.79	--	9	21411	卖盘
10:45:48	23.79	--	40	95160	卖盘
10:45:45	23.79	0.02	48	114192	买盘
10:45:42	23.77	-0.02	123	292371	卖盘
10:45:39	23.79	0.02	24	57096	买盘
10:45:27	23.77	-0.02	5	11885	卖盘
10:45:18	23.79	0.02	11	26169	买盘
10:45:15	23.77	--	9	21393	卖盘
10:45:12	23.77	-0.02	5	11885	卖盘
10:45:09	23.79	--	3	7137	卖盘
10:45:06	23.79	--	3	7137	卖盘
10:45:03	23.79	0.01	11	26169	买盘
10:45:00	23.78	--	8	19024	卖盘
10:44:57	23.78	-0.01	8	19024	卖盘
10:44:54	23.79	--	8	19032	卖盘
10:44:51	23.79	0.01	23	54717	卖盘
10:44:48	23.78	--	15	35670	卖盘
10:44:45	23.78	-0.01	14	33292	卖盘
10:44:42	23.79	0.01	3	7137	买盘
10:44:39	23.78	-0.01	32	76096	卖盘
10:44:36	23.79	--	9	21411	买盘
10:44:33	23.79	0.01	26	61854	买盘
10:44:30	23.78	--	5	11890	卖盘
10:44:27	23.78	--	8	19024	卖盘
10:44:24	23.78	-0.01	1	2378	卖盘
10:44:18	23.79	0.02	11	26169	买盘
10:44:15	23.77	-0.02	40	95080	卖盘
10:44:09	23.79	-0.01	5	11895	中性盘
10:44:06	23.8	0.01	168	399840	买盘
10:44:03	23.79	--	21	49959	买盘
10:43:57	23.79	--	10	23790	中性盘
10:43:51	23.79	--	9	21411	买盘
10:43:48	23.79	--	11	26169	买盘
10:43:45	23.79	--	51	121329	买盘
10:43:42	23.79	--	16	38064	买盘
10:43:39	23.79	--	4	9516	买盘
10:43:36	23.79	0.03	10	23790	买盘
10:43:33	23.76	-0.03	21	49896	卖盘
10:43:30	23.79	-0.01	21	49959	卖盘
10:43:27	23.8	0.01	1	2380	买盘
10:43:24	23.79	--	100	237900	卖盘
10:43:18	23.79	-0.01	42	99918	卖盘
10:43:12	23.8	--	4	9520	买盘
10:43:09	23.8	0.04	116	276080	买盘
10:43:03	23.76	-0.03	13	30888	中性盘
10:42:48	23.79	-0.01	11	26169	买盘
10:42:45	23.8	0.01	50	119000	买盘
10:42:42	23.79	--	37	88023	买盘
10:42:36	23.79	--	22	52338	卖盘
10:42:33	23.79	--	10	23790	卖盘
10:42:30	23.79	--	1	2379	卖盘
10:42:27	23.79	--	15	35685	中性盘
10:42:24	23.79	--	71	168909	买盘
10:42:21	23.79	0.04	10	23790	买盘
10:42:18	23.75	-0.04	12	28500	卖盘
10:42:15	23.79	-0.01	12	28548	卖盘
10:42:12	23.8	--	193	459340	买盘
10:42:09	23.8	--	11	26180	买盘
10:42:06	23.8	0.01	35	83300	买盘
10:42:03	23.79	-0.01	2	4758	卖盘
10:42:00	23.8	0.01	5	11900	买盘
10:41:57	23.79	--	2	4758	卖盘
10:41:54	23.79	-0.01	15	35685	卖盘
10:41:51	23.8	--	11	26180	买盘
10:41:48	23.8	--	11	26180	买盘
10:41:45	23.8	--	11	26180	买盘
10:41:42	23.8	--	14	33320	买盘
10:41:39	23.8	-0.01	1	2380	卖盘
10:41:36	23.81	--	1	2381	买盘
10:41:30	23.81	0.09	3	7143	买盘
10:41:27	23.72	-0.09	207	491004	卖盘
10:41:24	23.81	0.01	6	14286	卖盘
10:41:21	23.8	-0.01	188	447440	卖盘
10:41:18	23.81	0.01	17	40477	买盘
10:41:15	23.8	-0.01	2	4760	卖盘
10:41:12	23.81	-0.01	41	97621	中性盘
10:41:09	23.82	0.01	15	35730	买盘
10:41:06	23.81	--	2	4762	卖盘
10:41:00	23.81	--	40	95240	卖盘
10:40:57	23.81	0.01	8	19048	买盘
10:40:54	23.8	--	8	19040	卖盘
10:40:51	23.8	--	23	54740	买盘
10:40:48	23.8	-0.01	66	157080	买盘
10:40:45	23.81	0.01	133	316673	买盘
10:40:42	23.8	--	46	109480	买盘
10:40:39	23.8	--	29	69020	卖盘
10:40:36	23.8	--	7	16660	卖盘
10:40:33	23.8	-0.01	23	54740	卖盘
10:40:30	23.81	0.01	1	2381	买盘
10:40:27	23.8	-0.01	14	33320	中性盘
10:40:24	23.81	--	20	47620	买盘
10:40:21	23.81	--	35	83335	买盘
10:40:18	23.81	0.01	5	11905	买盘
10:40:15	23.8	--	60	142800	买盘
10:40:12	23.8	--	2	4760	卖盘
10:40:09	23.8	--	11	26180	买盘
10:40:06	23.8	--	30	71400	买盘
10:40:03	23.8	--	38	90440	卖盘
10:40:00	23.8	--	30	71400	卖盘
10:39:54	23.8	--	5	11900	卖盘
10:39:51	23.8	-0.02	46	109480	卖盘
10:39:48	23.82	--	10	23820	买盘
10:39:45	23.82	0.03	15	35730	买盘
10:39:42	23.79	--	20	47580	卖盘
10:39:39	23.79	-0.02	27	64233	卖盘
10:39:36	23.81	-0.01	1	2381	中性盘
10:39:30	23.82	0.02	89	211998	买盘
10:39:27	23.8	--	7	16660	买盘
10:39:24	23.8	-0.03	31	73780	卖盘
10:39:21	23.83	--	5	11915	买盘
10:39:18	23.83	0.01	14	33362	买盘
10:39:15	23.82	-0.01	10	23820	卖盘
10:39:12	23.83	0.03	52	123915	买盘
10:39:09	23.8	-0.04	264	628320	卖盘
10:39:06	23.84	--	5	11920	买盘
10:39:03	23.84	--	19	45296	买盘
10:39:00	23.84	-0.02	2	4768	中性盘
10:38:51	23.86	0.04	20	47720	买盘
10:38:48	23.82	-0.04	167	397794	卖盘
10:38:45	23.86	--	109	260074	卖盘
10:38:42	23.86	-0.01	12	28632	卖盘
10:38:39	23.87	0.01	5	11935	买盘
10:38:36	23.86	0.01	148	353128	买盘
10:38:33	23.85	0.01	20	47700	中性盘
10:38:30	23.84	-0.02	121	288464	卖盘
10:38:27	23.86	0.01	106	252916	买盘
10:38:24	23.85	--	11	26235	卖盘
10:38:21	23.85	--	102	243270	卖盘
10:38:18	23.85	--	5	11925	卖盘
10:38:15	23.85	--	13	31005	卖盘
10:38:12	23.85	--	181	431685	买盘
10:38:09	23.85	0.01	27	64395	买盘
10:38:06	23.84	-0.01	47	112048	卖盘
10:38:03	23.85	0.02	110	262350	买盘
10:38:00	23.83	-0.01	20	47660	卖盘
10:37:57	23.84	0.01	3	7152	中性盘
10:37:54	23.83	0.03	41	97703	中性盘
10:37:48	23.8	-0.01	314	747320	卖盘
10:37:45	23.81	-0.01	18	42858	卖盘
10:37:42	23.82	0.01	32	76224	买盘
10:37:39	23.81	--	105	250005	卖盘
10:37:36	23.81	--	22	52382	卖盘
10:37:33	23.81	--	22	52382	卖盘
10:37:30	23.81	0.01	8	19048	买盘
10:37:27	23.8	--	60	142800	卖盘
10:37:24	23.8	--	8	19040	卖盘
10:37:21	23.8	--	46	109480	卖盘
10:37:18	23.8	--	7	16660	卖盘
10:37:15	23.8	0.01	102	242760	买盘
10:37:12	23.79	-0.01	18	42822	卖盘
10:37:09	23.8	--	51	121380	买盘
10:37:06	23.8	--	189	449820	买盘
10:37:03	23.8	--	15	35700	买盘
10:37:00	23.8	--	27	64260	买盘
10:36:57	23.8	--	20	47600	买盘
10:36:54	23.8	--	69	164220	买盘
10:36:51	23.8	--	61	145180	买盘
10:36:48	23.8	--	85	202300	卖盘
10:36:45	23.8	--	36	85680	买盘
10:36:42	23.8	--	65	154700	买盘
10:36:39	23.8	--	32	76160	买盘
10:36:36	23.8	--	88	209440	买盘
10:36:33	23.8	--	78	185640	买盘
10:36:30	23.8	0.01	12	28560	买盘
10:36:27	23.79	-0.01	29	68991	买盘
10:36:24	23.8	--	6	14280	买盘
10:36:21	23.8	0.02	5	11900	买盘
10:36:18	23.78	--	17	40426	卖盘
10:36:12	23.78	--	2	4756	卖盘
10:36:09	23.78	--	7	16646	卖盘
10:36:06	23.78	0.02	47	111766	买盘
10:36:03	23.76	--	184	438609	买盘
10:36:00	23.76	--	3	7128	卖盘
10:35:57	23.76	-0.02	21	49896	中性盘
10:35:54	23.78	0.02	6	14268	买盘
10:35:51	23.76	0.01	144	342144	买盘
10:35:48	23.75	--	65	154375	卖盘
10:35:45	23.75	--	44	104500	卖盘
10:35:42	23.75	--	21	49875	卖盘
10:35:39	23.75	--	29	68875	卖盘
10:35:36	23.75	--	31	73625	卖盘
10:35:33	23.75	0.01	27	65312	买盘
10:35:30	23.74	--	27	64097	卖盘
10:35:27	23.74	-0.01	60	142440	卖盘
10:35:24	23.75	0.03	34	80750	买盘
10:35:21	23.72	-0.01	19	45068	卖盘
10:35:18	23.73	0.01	2	4746	卖盘
10:35:15	23.72	-0.03	16	37952	卖盘
10:35:12	23.75	-0.01	33	79562	卖盘
10:35:09	23.76	0.05	40	96228	买盘
10:35:06	23.71	-0.01	11	26081	卖盘
10:35:03	23.72	0.01	43	101996	买盘
10:35:00	23.71	-0.04	139	329569	卖盘
10:34:57	23.75	--	5	11875	卖盘
10:34:54	23.75	0.03	39	92625	买盘
10:34:51	23.72	--	3	7116	卖盘
10:34:48	23.72	0.01	21	49812	中性盘
10:34:45	23.71	--	45	106695	卖盘
10:34:42	23.71	--	23	54533	卖盘
10:34:39	23.71	-0.01	16	37936	卖盘
10:34:36	23.72	0.01	646	1532312	买盘
10:34:33	23.71	--	21	49791	买盘
10:34:30	23.71	--	145	343795	买盘
10:34:27	23.71	--	112	265552	买盘
10:34:24	23.71	-0.01	171	405441	卖盘
10:34:21	23.72	--	47	111484	买盘
10:34:18	23.72	--	40	94880	买盘
10:34:15	23.72	--	93	220596	买盘
10:34:12	23.72	--	11	26092	买盘
10:34:09	23.72	-0.01	69	163668	卖盘
10:34:06	23.73	-0.01	41	97293	买盘
10:34:03	23.74	--	5	11870	买盘
10:34:00	23.74	0.01	20	47480	买盘
10:33:57	23.73	-0.01	224	531552	卖盘
10:33:54	23.74	--	12	28487	买盘
10:33:51	23.74	--	19	45106	卖盘
10:33:48	23.74	-0.01	4	9496	卖盘
10:33:45	23.75	0.01	33	78375	买盘
10:33:42	23.74	-0.02	92	218408	卖盘
10:33:39	23.76	0.02	26	61776	买盘
10:33:33	23.74	-0.01	18	42732	卖盘
10:33:30	23.75	-0.01	1	2375	中性盘
10:33:27	23.76	-0.02	46	110484	买盘
10:33:21	23.78	--	55	130790	买盘
10:33:18	23.78	--	107	255635	买盘
10:33:15	23.78	0.02	53	126034	买盘
10:33:12	23.76	-0.02	21	49896	卖盘
10:33:06	23.78	-0.02	6	14268	卖盘
10:33:03	23.8	--	10	23800	买盘
10:33:00	23.8	--	25	60452	卖盘
10:32:57	23.8	--	85	202300	卖盘
10:32:54	23.8	-0.02	161	383180	卖盘
10:32:51	23.82	0.01	54	128628	买盘
10:32:48	23.81	--	13	30953	买盘
10:32:45	23.81	--	32	77620	买盘
10:32:42	23.81	-0.01	144	342864	卖盘
10:32:39	23.82	--	70	166740	卖盘
10:32:36	23.82	--	38	90516	卖盘
10:32:33	23.82	--	8	19056	卖盘
10:32:30	23.82	-0.01	5	11910	卖盘
10:32:27	23.83	-0.01	21	50043	卖盘
10:32:24	23.84	-0.01	20	47680	卖盘
10:32:21	23.85	--	61	145485	卖盘
10:32:18	23.85	--	70	166950	卖盘
10:32:15	23.85	-0.03	26	62010	卖盘
10:32:12	23.88	0.03	11	26268	买盘
10:32:09	23.85	-0.03	16	38160	卖盘
10:32:06	23.88	--	38	90744	卖盘
10:32:03	23.88	-0.01	19	45372	卖盘
10:32:00	23.89	--	35	83615	卖盘
10:31:57	23.89	--	46	109894	卖盘
10:31:54	23.89	-0.01	23	54947	卖盘
10:31:51	23.9	0.01	26	62139	买盘
10:31:48	23.89	-0.01	95	226955	卖盘
10:31:45	23.9	--	179	427810	卖盘
10:31:42	23.9	--	134	320260	卖盘
10:31:39	23.9	--	74	176860	卖盘
10:31:36	23.9	-0.01	76	181640	卖盘
10:31:33	23.91	0.01	99	236709	买盘
10:31:30	23.9	--	20	47800	卖盘
10:31:27	23.9	-0.01	355	848450	卖盘
10:31:24	23.91	--	103	246273	卖盘
10:31:21	23.91	--	25	59775	卖盘
10:31:18	23.91	-0.01	4	9564	卖盘
10:31:15	23.92	--	25	59800	买盘
10:31:12	23.92	--	177	423384	卖盘
10:31:09	23.92	-0.01	38	90896	卖盘
10:31:06	23.93	--	77	184261	买盘
10:31:03	23.93	--	9	21537	买盘
10:31:00	23.93	-0.01	17	40681	卖盘
10:30:57	23.94	--	34	81396	买盘
10:30:54	23.94	-0.01	90	217806	卖盘
10:30:51	23.95	--	253	605935	卖盘
10:30:48	23.95	0.01	309	740102	买盘
10:30:45	23.94	-0.01	44	105336	中性盘
10:30:42	23.95	0.01	193	462235	买盘
10:30:39	23.94	--	84	201096	买盘
10:30:36	23.94	-0.01	64	153216	卖盘
10:30:33	23.95	--	36	86220	买盘
10:30:30	23.95	0.01	55	131725	买盘
10:30:27	23.94	-0.01	14	33516	卖盘
10:30:24	23.95	--	49	117355	卖盘
10:30:21	23.95	0.01	65	155675	买盘
10:30:18	23.94	-0.02	442	1058148	卖盘
10:30:15	23.96	0.03	311	745156	买盘
10:30:12	23.93	-0.01	81	193833	卖盘
10:30:09	23.94	--	31	74214	买盘
10:30:06	23.94	-0.01	20	47880	中性盘
10:30:03	23.95	0.01	102	244290	买盘
10:30:00	23.94	0.01	203	485982	买盘
10:29:57	23.93	-0.02	35	83755	卖盘
10:29:54	23.95	0.02	152	364040	买盘
10:29:51	23.93	-0.01	26	62218	卖盘
10:29:48	23.94	0.01	102	244188	中性盘
10:29:45	23.93	-0.01	29	69397	卖盘
10:29:42	23.94	0.01	277	663138	中性盘
10:29:39	23.93	--	150	358950	卖盘
10:29:36	23.93	--	174	416382	卖盘
10:29:33	23.93	--	59	141187	卖盘
10:29:30	23.93	0.01	92	220156	中性盘
10:29:27	23.92	-0.01	77	184184	卖盘
10:29:24	23.93	--	140	335020	买盘
10:29:21	23.93	--	75	179475	买盘
10:29:18	23.93	0.01	16	38288	买盘
10:29:15	23.92	-0.01	34	81328	卖盘
10:29:12	23.93	--	88	210584	买盘
10:29:09	23.93	--	62	148366	买盘
10:29:06	23.93	0.01	40	95720	买盘
10:29:03	23.92	--	15	35880	卖盘
10:29:00	23.92	0.01	52	124384	买盘
10:28:57	23.91	-0.01	40	95640	卖盘
10:28:54	23.92	0.01	87	208104	买盘
10:28:51	23.91	--	126	301266	买盘
10:28:48	23.91	0.01	109	260619	买盘
10:28:45	23.9	0.01	82	195980	买盘
10:28:42	23.89	--	130	310570	卖盘
10:28:39	23.89	--	289	690421	卖盘
10:28:36	23.89	--	19	45391	卖盘
10:28:33	23.89	--	42	100338	卖盘
10:28:30	23.89	0.01	94	224566	买盘
10:28:27	23.88	-0.01	458	1093704	卖盘
10:28:24	23.89	--	119	284291	买盘
10:28:21	23.89	--	362	864818	买盘
10:28:18	23.89	--	439	1048771	买盘
10:28:15	23.89	0.01	120	286680	买盘
10:28:12	23.88	--	41	97908	卖盘
10:28:09	23.88	--	35	83580	卖盘
10:28:06	23.88	--	20	47760	卖盘
10:28:03	23.88	0.01	424	1012512	买盘
10:28:00	23.87	-0.01	129	307923	卖盘
10:27:57	23.88	0.01	78	186264	买盘
10:27:54	23.87	--	40	95480	卖盘
10:27:51	23.87	-0.01	7	16709	卖盘
10:27:48	23.88	0.02	334	797592	买盘
10:27:45	23.86	0.02	25	59650	买盘
10:27:42	23.84	--	46	109664	卖盘
10:27:39	23.84	--	8	19072	卖盘
10:27:36	23.84	-0.01	42	100128	卖盘
10:27:33	23.85	--	108	257580	买盘
10:27:30	23.85	0.01	122	290970	买盘
10:27:27	23.84	0.01	52	123968	中性盘
10:27:24	23.83	-0.02	218	519493	卖盘
10:27:21	23.85	0.02	39	93015	买盘
10:27:18	23.83	-0.01	12	28595	卖盘
10:27:15	23.84	0.01	94	224096	买盘
10:27:12	23.83	0.01	2	4766	买盘
10:27:09	23.82	--	12	28584	中性盘
10:27:06	23.82	--	71	169122	买盘
10:27:03	23.82	0.02	47	111954	买盘
10:27:00	23.8	--	9	21420	卖盘
10:26:57	23.8	--	51	121380	卖盘
10:26:54	23.8	--	12	28560	卖盘
10:26:51	23.8	--	18	42840	卖盘
10:26:48	23.8	0.03	2219	5281220	买盘
10:26:45	23.77	-0.01	415	986455	卖盘
10:26:42	23.78	--	82	194996	买盘
10:26:39	23.78	--	78	185484	买盘
10:26:36	23.78	--	131	311518	买盘
10:26:33	23.78	--	8	19024	买盘
10:26:30	23.78	0.01	6	14268	买盘
10:26:27	23.77	--	16	38032	卖盘
10:26:24	23.77	--	77	183029	卖盘
10:26:21	23.77	-0.01	51	121227	卖盘
10:26:18	23.78	0.01	67	159563	买盘
10:26:15	23.77	--	53	125981	买盘
10:26:09	23.77	0.01	97	230569	买盘
10:26:06	23.76	-0.01	94	223344	卖盘
10:26:03	23.77	0.01	25	59425	买盘
10:26:00	23.76	--	5	11880	卖盘
10:25:57	23.76	--	20	47520	卖盘
10:25:54	23.76	--	26	61776	卖盘
10:25:51	23.76	-0.01	8	19008	中性盘
10:25:48	23.77	--	63	151890	买盘
10:25:45	23.77	0.04	45	107202	买盘
10:25:42	23.73	-0.04	308	730884	卖盘
10:25:39	23.77	0.02	54	128358	买盘
10:25:36	23.75	-0.02	71	168625	卖盘
10:25:33	23.77	0.02	206	489662	买盘
10:25:30	23.75	--	25	59375	卖盘
10:25:27	23.75	--	45	106875	买盘
10:25:24	23.75	--	41	97375	买盘
10:25:21	23.75	0.01	43	102125	买盘
10:25:18	23.74	--	15	35610	卖盘
10:25:15	23.74	-0.01	67	159058	卖盘
10:25:09	23.75	--	4	9500	买盘
10:25:06	23.75	0.01	13	30875	买盘
10:25:03	23.74	--	3	7121	买盘
10:25:00	23.74	--	102	242147	买盘
10:24:57	23.74	0.01	11	26114	买盘
10:24:54	23.73	--	4	9492	卖盘
10:24:51	23.73	--	2	4746	卖盘
10:24:45	23.73	0.01	11	26103	买盘
10:24:42	23.72	--	213	505236	卖盘
10:24:39	23.72	-0.01	49	116228	卖盘
10:24:36	23.73	0.01	8	18984	买盘
10:24:33	23.72	0.01	31	73555	买盘
10:24:30	23.71	-0.01	28	66388	卖盘
10:24:27	23.72	0.01	199	472028	买盘
10:24:24	23.71	-0.01	43	101953	卖盘
10:24:21	23.72	0.01	112	265664	买盘
10:24:18	23.71	--	90	213390	卖盘
10:24:15	23.71	-0.01	12	28452	卖盘
10:24:12	23.72	0.01	94	222968	买盘
10:24:09	23.71	--	27	64017	卖盘
10:24:06	23.71	-0.01	19	45049	卖盘
10:24:03	23.72	0.01	70	166040	买盘
10:24:00	23.71	--	20	47420	卖盘
10:23:57	23.71	0.01	12	28452	中性盘
10:23:51	23.7	--	94	222780	卖盘
10:23:48	23.7	-0.01	168	398160	卖盘
10:23:45	23.71	0.01	90	213390	买盘
10:23:42	23.7	--	54	127980	卖盘
10:23:39	23.7	-0.01	124	293880	卖盘
10:23:33	23.71	0.01	30	71130	买盘
10:23:30	23.7	0.01	17	40290	买盘
10:23:27	23.69	-0.01	62	146878	卖盘
10:23:24	23.7	--	23	54510	卖盘
10:23:21	23.7	--	53	125610	买盘
10:23:18	23.7	0.01	5	11850	买盘
10:23:15	23.69	--	16	37904	卖盘
10:23:12	23.69	--	21	49749	卖盘
10:23:09	23.69	0.01	20	47380	中性盘
10:23:06	23.68	-0.02	106	251008	卖盘
10:23:03	23.7	0.01	508	1203960	买盘
10:23:00	23.69	--	18	42642	买盘
10:22:57	23.69	--	10	23690	买盘
10:22:51	23.69	-0.01	51	120819	卖盘
10:22:48	23.7	--	18	42660	买盘
10:22:45	23.7	--	16	37920	卖盘
10:22:39	23.7	-0.01	43	101910	卖盘
10:22:36	23.71	--	33	78243	买盘
10:22:27	23.71	--	9	21339	卖盘
10:22:24	23.71	-0.01	15	35565	卖盘
10:22:21	23.72	--	182	431704	买盘
10:22:18	23.72	--	1	2372	买盘
10:22:15	23.72	--	92	218224	卖盘
10:22:12	23.72	-0.01	59	139948	卖盘
10:22:09	23.73	--	5	11865	买盘
10:22:06	23.73	--	27	64071	买盘
10:22:03	23.73	--	3	7119	买盘
10:22:00	23.73	-0.01	9	21357	中性盘
10:21:57	23.74	--	160	379840	买盘
10:21:54	23.74	--	37	87838	买盘
10:21:51	23.74	--	41	97334	买盘
10:21:48	23.74	--	2	4748	买盘
10:21:45	23.74	-0.01	23	54602	买盘
10:21:42	23.75	0.01	36	85500	买盘
10:21:39	23.74	--	49	116325	卖盘
10:21:36	23.74	--	19	45106	卖盘
10:21:33	23.74	--	82	194668	卖盘
10:21:30	23.74	--	52	123447	卖盘
10:21:27	23.74	-0.01	31	73594	卖盘
10:21:24	23.75	--	9	21375	买盘
10:21:21	23.75	0.01	68	161500	买盘
10:21:18	23.74	--	48	113951	卖盘
10:21:15	23.74	0.02	37	87838	买盘
10:21:12	23.72	-0.02	60	142320	卖盘
10:21:09	23.74	--	20	47480	买盘
10:21:06	23.74	--	24	56975	买盘
10:21:03	23.74	--	32	75968	买盘
10:21:00	23.74	--	63	149562	买盘
10:20:57	23.74	-0.01	117	277758	卖盘
10:20:54	23.75	-0.03	7	16625	中性盘
10:20:51	23.78	0.04	42	99876	买盘
10:20:48	23.74	-0.01	59	140066	卖盘
10:20:45	23.75	-0.03	74	175750	卖盘
10:20:42	23.78	0.03	65	154570	买盘
10:20:39	23.75	--	232	551000	卖盘
10:20:36	23.75	--	32	76000	卖盘
10:20:33	23.75	-0.03	86	204250	卖盘
10:20:30	23.78	--	43	102254	买盘
10:20:27	23.78	0.03	29	68962	买盘
10:20:24	23.75	-0.02	96	228000	卖盘
10:20:21	23.77	--	126	299502	卖盘
10:20:18	23.77	--	99	235323	卖盘
10:20:15	23.77	-0.01	63	149751	中性盘
10:20:12	23.78	0.01	346	822788	买盘
10:20:09	23.77	-0.01	28	66556	中性盘
10:20:06	23.78	0.03	82	194996	买盘
10:20:03	23.75	-0.03	125	296875	卖盘
10:20:00	23.78	0.03	22	52316	买盘
10:19:57	23.75	--	15	35625	卖盘
10:19:54	23.75	--	28	66500	买盘
10:19:51	23.75	--	80	190000	买盘
10:19:48	23.75	--	237	562875	买盘
10:19:45	23.75	--	71	168625	买盘
10:19:42	23.75	0.01	210	498750	买盘
10:19:39	23.74	0.01	53	125821	买盘
10:19:36	23.73	0.01	6	14238	中性盘
10:19:33	23.72	--	36	85392	卖盘
10:19:30	23.72	-0.01	52	123344	卖盘
10:19:27	23.73	0.02	240	569520	买盘
10:19:24	23.71	--	92	218132	买盘
10:19:21	23.71	0.01	52	123292	买盘
10:19:18	23.7	--	47	111390	卖盘
10:19:15	23.7	--	72	170640	卖盘
10:19:12	23.7	--	71	168270	卖盘
10:19:09	23.7	--	51	120870	卖盘
10:19:06	23.7	0.03	1103	2614110	买盘
10:19:03	23.67	-0.01	85	201195	卖盘
10:19:00	23.68	-0.01	117	277056	卖盘
10:18:57	23.69	0.01	40	94760	买盘
10:18:54	23.68	-0.01	185	438080	卖盘
10:18:51	23.69	0.01	102	241638	买盘
10:18:48	23.68	-0.01	32	75776	卖盘
10:18:45	23.69	--	73	172937	买盘
10:18:42	23.69	0.01	16	37904	买盘
10:18:39	23.68	--	23	54464	中性盘
10:18:36	23.68	-0.01	107	253376	卖盘
10:18:33	23.69	--	155	367195	买盘
10:18:30	23.69	--	355	840995	买盘
10:18:27	23.69	0.01	279	660951	买盘
10:18:24	23.68	--	91	215488	卖盘
10:18:21	23.68	0.01	45	106560	买盘
10:18:18	23.67	-0.02	17	40239	卖盘
10:18:15	23.69	0.02	221	523549	买盘
10:18:12	23.67	--	398	942066	卖盘
10:18:09	23.67	--	24	56808	卖盘
10:18:06	23.67	--	65	153855	卖盘
10:18:03	23.67	--	304	719568	卖盘
10:18:00	23.67	-0.01	47	111249	卖盘
10:17:57	23.68	0.02	141	333888	买盘
10:17:54	23.66	--	77	182182	卖盘
10:17:51	23.66	-0.01	73	172718	卖盘
10:17:48	23.67	--	108	255636	买盘
10:17:45	23.67	0.01	61	144387	买盘
10:17:42	23.66	-0.02	48	113568	卖盘
10:17:39	23.68	0.01	36	85248	买盘
10:17:36	23.67	--	171	404757	卖盘
10:17:33	23.67	-0.01	38	89946	卖盘
10:17:30	23.68	--	113	267584	卖盘
10:17:27	23.68	0.01	95	224960	中性盘
10:17:24	23.67	--	152	359784	卖盘
10:17:21	23.67	--	158	373986	买盘
10:17:18	23.67	--	63	149121	卖盘
10:17:15	23.67	--	224	530208	卖盘
10:17:12	23.67	-0.01	129	305343	卖盘
10:17:09	23.68	0.01	312	738816	买盘
10:17:06	23.67	--	185	437895	卖盘
10:17:03	23.67	0.01	955	2260485	买盘
10:17:00	23.66	--	117	276822	买盘
10:16:57	23.66	--	28	66248	买盘
10:16:54	23.66	--	78	184548	买盘
10:16:51	23.66	--	126	298116	买盘
10:16:48	23.66	-0.02	68	160888	卖盘
10:16:45	23.68	0.01	60	142080	买盘
10:16:42	23.67	-0.01	39	92313	中性盘
10:16:39	23.68	0.01	265	627520	买盘
10:16:36	23.67	-0.01	181	428427	中性盘
10:16:33	23.68	0.01	65	153920	买盘
10:16:30	23.67	--	60	142020	卖盘
10:16:27	23.67	--	180	426060	中性盘
10:16:24	23.67	0.01	518	1226106	买盘
10:16:21	23.66	--	62	146692	卖盘
10:16:18	23.66	0.01	386	913276	买盘
10:16:15	23.65	0.01	398	941270	买盘
10:16:12	23.64	--	14	33096	卖盘
10:16:09	23.64	-0.01	29	68556	卖盘
10:16:06	23.65	0.01	281	664565	买盘
10:16:03	23.64	0.04	945	2233980	买盘
10:16:00	23.6	--	58	136880	买盘
10:15:57	23.6	0.01	28	66080	买盘
10:15:54	23.59	0.09	144	340167	买盘
10:15:51	23.5	-0.09	1095	2573626	卖盘
10:15:48	23.59	--	347	818573	买盘
10:15:45	23.59	0.01	203	478877	买盘
10:15:42	23.58	0.02	20	47160	中性盘
10:15:39	23.56	-0.01	37	87172	卖盘
10:15:36	23.57	-0.01	1049	2472493	中性盘
10:15:33	23.58	0.03	259	610722	买盘
10:15:30	23.55	--	69	162495	买盘
10:15:27	23.55	--	125	294375	买盘
10:15:24	23.55	--	12	28260	买盘
10:15:21	23.55	--	26	61230	买盘
10:15:18	23.55	0.03	98	230790	买盘
10:15:15	23.52	0.02	173	408871	买盘
10:15:12	23.5	--	341	801585	买盘
10:15:09	23.5	0.01	63	148050	买盘
10:15:06	23.49	-0.01	128	300672	中性盘
10:15:03	23.5	--	152	357200	买盘
10:15:00	23.5	--	206	484100	买盘
10:14:57	23.5	--	52	122200	买盘
10:14:54	23.5	--	77	180950	买盘
10:14:51	23.5	--	112	263200	买盘
10:14:48	23.5	0.01	48	112800	买盘
10:14:45	23.49	-0.01	156	366444	中性盘
10:14:42	23.5	0.02	84	197400	买盘
10:14:39	23.48	-0.02	103	241844	中性盘
10:14:36	23.5	0.04	45	105750	买盘
10:14:33	23.46	-0.04	15	35190	卖盘
10:14:30	23.5	0.03	1009	2371150	买盘
10:14:27	23.47	0.02	32	75104	买盘
10:14:21	23.45	0.01	6	15758	中性盘
10:14:15	23.44	-0.03	93	217992	卖盘
10:14:12	23.47	0.04	117	274599	买盘
10:14:09	23.43	-0.01	40	93720	卖盘
10:14:06	23.44	-0.01	23	53912	买盘
10:14:03	23.45	0.02	5	11725	中性盘
10:13:57	23.43	-0.01	468	1096524	卖盘
10:13:54	23.44	0.01	60	140640	买盘
10:13:51	23.43	-0.01	20	46860	卖盘
10:13:48	23.44	0.01	6	14064	中性盘
10:13:45	23.43	--	47	110121	卖盘
10:13:42	23.43	--	154	360822	卖盘
10:13:39	23.43	0.01	28	65604	买盘
10:13:36	23.42	-0.02	21	49182	卖盘
10:13:30	23.44	0.01	20	46880	买盘
10:13:27	23.43	--	112	262416	买盘
10:13:24	23.43	--	1	2343	买盘
10:13:21	23.43	0.01	9	21087	买盘
10:13:18	23.42	-0.01	117	274014	卖盘
10:13:15	23.43	--	15	35730	买盘
10:13:12	23.43	0.01	112	262416	买盘
10:13:09	23.42	--	36	84312	卖盘
10:13:06	23.42	-0.01	30	70260	卖盘
10:13:03	23.43	0.01	118	276474	买盘
10:13:00	23.42	--	32	74944	卖盘
10:12:57	23.42	--	5	11710	卖盘
10:12:54	23.42	0.01	78	182676	买盘
10:12:51	23.41	0.01	54	126414	中性盘
10:12:48	23.4	-0.02	51	119340	卖盘
10:12:42	23.42	0.02	14	32788	买盘
10:12:36	23.4	-0.02	10	23400	卖盘
10:12:33	23.42	0.02	145	339590	买盘
10:12:30	23.4	-0.01	27	63179	卖盘
10:12:27	23.41	0.01	5	11705	买盘
10:12:24	23.4	--	4	9360	卖盘
10:12:21	23.4	--	20	46800	卖盘
10:12:15	23.4	--	40	93600	卖盘
10:12:12	23.4	--	1	2340	卖盘
10:12:09	23.4	0.01	342	800280	买盘
10:12:03	23.39	--	6	14034	买盘
10:11:54	23.39	-0.01	2	4678	卖盘
10:11:51	23.4	--	9	21060	买盘
10:11:48	23.4	0.03	51	119340	买盘
10:11:39	23.37	-0.03	35	81795	卖盘
10:11:36	23.4	-0.01	7	16379	卖盘
10:11:33	23.41	--	42	98322	买盘
10:11:30	23.41	0.01	10	23410	买盘
10:11:27	23.4	--	7	16379	卖盘
10:11:24	23.4	0.03	14	32759	买盘
10:11:21	23.37	-0.03	330	771210	卖盘
10:11:18	23.4	0.01	18	42120	买盘
10:11:15	23.39	0.01	4	9356	卖盘
10:11:12	23.38	-0.02	10	23380	卖盘
10:11:09	23.4	--	1	2340	买盘
10:11:06	23.4	--	30	70200	卖盘
10:11:03	23.4	-0.01	40	93600	卖盘
10:11:00	23.41	0.01	20	46820	买盘
10:10:51	23.4	--	1	2340	买盘
10:10:48	23.4	0.03	1	2340	买盘
10:10:45	23.37	-0.03	20	46740	卖盘
10:10:42	23.4	-0.02	52	121679	卖盘
10:10:39	23.42	0.02	259	606578	买盘
10:10:36	23.4	--	18	42120	卖盘
10:10:30	23.4	--	1	2340	卖盘
10:10:27	23.4	0.02	258	603720	买盘
10:10:24	23.38	--	89	208082	买盘
10:10:21	23.38	--	10	23380	买盘
10:10:18	23.38	0.01	6	14028	买盘
10:10:15	23.37	--	1	2337	卖盘
10:10:12	23.37	-0.02	60	140220	卖盘
10:10:09	23.39	0.02	5	11695	买盘
10:10:06	23.37	-0.02	17	39729	卖盘
10:09:54	23.39	0.01	20	46780	买盘
10:09:51	23.38	-0.01	20	46760	卖盘
10:09:45	23.39	--	10	23390	卖盘
10:09:42	23.39	--	14	32746	买盘
10:09:33	23.39	0.01	67	156713	买盘
10:09:30	23.38	-0.02	13	30394	卖盘
10:09:24	23.4	0.01	14	32759	买盘
10:09:18	23.39	--	4	9356	卖盘
10:09:12	23.39	--	2	4678	卖盘
10:09:06	23.39	--	15	35085	卖盘
10:09:03	23.39	--	44	102916	买盘
10:09:00	23.39	--	20	46780	买盘
10:08:57	23.39	--	149	348511	买盘
10:08:48	23.39	--	19	44441	买盘
10:08:45	23.39	--	20	46780	买盘
10:08:42	23.39	0.01	7	16373	买盘
10:08:39	23.38	-0.01	26	60788	卖盘
10:08:36	23.39	--	7	16373	买盘
10:08:30	23.39	--	39	91221	卖盘
10:08:27	23.39	--	119	278341	卖盘
10:08:24	23.39	-0.01	5	11695	卖盘
10:08:21	23.4	--	2	4680	买盘
10:08:18	23.4	0.01	2	4680	买盘
10:08:09	23.39	0.01	58	135662	买盘
10:08:06	23.38	-0.01	5	11690	卖盘
10:08:03	23.39	0.01	40	93560	买盘
10:08:00	23.38	--	25	58450	卖盘
10:07:54	23.38	0.01	1	2338	卖盘
10:07:51	23.37	-0.02	5	11685	卖盘
10:07:48	23.39	0.01	10	23390	买盘
10:07:45	23.38	0.01	2	4676	买盘
10:07:42	23.37	-0.01	7	16359	卖盘
10:07:39	23.38	0.01	4	9352	买盘
10:07:36	23.37	--	34	79458	卖盘
10:07:30	23.37	--	20	46740	卖盘
10:07:27	23.37	--	4	9348	卖盘
10:07:24	23.37	-0.01	5	11685	卖盘
10:07:18	23.38	0.03	18	42084	买盘
10:07:12	23.35	0.01	2	4670	中性盘
10:07:06	23.34	-0.01	98	230132	卖盘
10:07:03	23.35	--	3	7939	卖盘
10:07:00	23.35	-0.02	10	23350	卖盘
10:06:57	23.37	0.02	17	39729	买盘
10:06:54	23.35	-0.01	50	116750	卖盘
10:06:51	23.36	0.01	9	22425	买盘
10:06:48	23.35	--	52	121420	买盘
10:06:45	23.35	--	7	16345	买盘
10:06:42	23.35	--	15	35025	买盘
10:06:39	23.35	--	203	474005	买盘
10:06:33	23.35	0.01	17	39695	买盘
10:06:24	23.34	--	1	2334	卖盘
10:06:21	23.34	--	8	18672	卖盘
10:06:15	23.34	0.03	20	46680	中性盘
10:06:12	23.31	-0.01	149	348018	卖盘
10:06:09	23.32	-0.01	45	104940	卖盘
10:06:00	23.33	--	1	2333	卖盘
10:05:57	23.33	--	2	4666	卖盘
10:05:54	23.33	0.01	66	153978	买盘
10:05:51	23.32	--	12	27984	卖盘
10:05:45	23.32	--	9	20988	卖盘
10:05:42	23.32	--	2	4664	卖盘
10:05:33	23.32	--	11	25652	卖盘
10:05:30	23.32	--	1	2332	卖盘
10:05:27	23.32	--	12	27984	买盘
10:05:24	23.32	--	27	62964	买盘
10:05:21	23.32	0.01	33	76956	买盘
10:05:15	23.31	-0.01	15	34965	卖盘
10:05:09	23.32	--	7	16324	买盘
10:05:03	23.32	--	29	67628	买盘
10:04:57	23.32	-0.01	50	116600	买盘
10:04:54	23.33	-0.01	6	13997	中性盘
10:04:45	23.34	0.01	23	53682	买盘
10:04:39	23.33	0.02	20	46660	买盘
10:04:36	23.31	-0.01	26	60606	卖盘
10:04:33	23.32	--	8	18656	卖盘
10:04:30	23.32	--	24	55968	卖盘
10:04:27	23.32	--	50	116600	卖盘
10:04:24	23.32	-0.02	10	23320	卖盘
10:04:21	23.34	0.03	56	130704	买盘
10:04:18	23.31	--	6	13986	卖盘
10:04:15	23.31	--	2	4662	卖盘
10:04:06	23.31	--	5	11655	卖盘
10:04:03	23.31	0.01	24	55944	买盘
10:04:00	23.3	-0.01	17	39610	卖盘
10:03:57	23.31	0.01	10	23310	买盘
10:03:54	23.3	--	8	18640	卖盘
10:03:51	23.3	-0.01	1	2330	卖盘
10:03:48	23.31	0.01	121	282051	买盘
10:03:45	23.3	--	7	16310	买盘
10:03:42	23.3	--	5	11650	买盘
10:03:39	23.3	--	6	13980	买盘
10:03:36	23.3	--	117	272610	卖盘
10:03:33	23.3	-0.01	52	121160	卖盘
10:03:30	23.31	0.01	5	11655	买盘
10:03:27	23.3	--	1	2330	卖盘
10:03:21	23.3	--	30	69900	卖盘
10:03:18	23.3	--	2	4660	卖盘
10:03:15	23.3	--	19	44270	卖盘
10:03:09	23.3	--	1	2330	买盘
10:03:06	23.3	0.01	20	46600	买盘
10:02:57	23.29	-0.01	6	13974	卖盘
10:02:54	23.3	--	17	39610	买盘
10:02:51	23.3	--	108	251640	买盘
10:02:42	23.3	--	215	500950	卖盘
10:02:39	23.3	--	20	46600	卖盘
10:02:36	23.3	-0.01	16	37280	卖盘
10:02:33	23.31	--	5	11655	买盘
10:02:30	23.31	0.01	22	51282	买盘
10:02:27	23.3	--	60	139800	卖盘
10:02:24	23.3	--	80	186400	卖盘
10:02:21	23.3	--	50	116500	卖盘
10:02:18	23.3	-0.01	1	2330	卖盘
10:02:15	23.31	0.01	18	41958	买盘
10:02:12	23.3	--	1	2330	卖盘
10:02:06	23.3	--	2	4660	卖盘
10:02:00	23.3	-0.02	15	34950	卖盘
10:01:57	23.32	0.01	11	25652	买盘
10:01:54	23.31	--	20	46620	买盘
10:01:51	23.31	0.01	8	18648	中性盘
10:01:48	23.3	-0.01	39	90870	卖盘
10:01:45	23.31	--	50	116550	卖盘
10:01:42	23.31	--	6	13986	卖盘
10:01:39	23.31	-0.01	1	2331	卖盘
10:01:36	23.32	--	7	16324	买盘
10:01:30	23.32	--	3	6996	买盘
10:01:27	23.32	0.02	100	233200	买盘
10:01:18	23.3	-0.03	54	125820	卖盘
10:01:15	23.33	--	10	23330	买盘
10:01:12	23.33	0.03	1	2333	买盘
10:01:09	23.3	-0.03	100	233000	卖盘
10:01:03	23.33	--	7	16330	买盘
10:00:54	23.33	--	5	11665	买盘
10:00:51	23.33	--	20	46660	买盘
10:00:48	23.33	--	1	2333	买盘
10:00:45	23.33	--	3	6998	卖盘
10:00:42	23.33	--	7	16330	卖盘
10:00:39	23.33	-0.01	18	41994	卖盘
10:00:36	23.34	--	167	391411	买盘
10:00:33	23.34	--	2	4668	买盘
10:00:30	23.34	--	14	32676	买盘
10:00:24	23.34	--	50	116700	买盘
10:00:18	23.34	0.01	54	126036	买盘
10:00:12	23.33	--	0	699	卖盘
10:00:09	23.33	-0.01	17	39661	中性盘
10:00:00	23.34	0.02	54	126036	买盘
09:59:57	23.32	--	7	16324	买盘
09:59:54	23.32	--	1	2332	买盘
09:59:51	23.32	--	60	139920	买盘
09:59:48	23.32	-0.02	2	4664	买盘
09:59:45	23.34	0.02	21	49014	买盘
09:59:39	23.32	-0.03	11	25652	卖盘
09:59:36	23.35	--	8	18680	买盘
09:59:33	23.35	0.02	50	116750	买盘
09:59:30	23.33	-0.02	17	39661	卖盘
09:59:27	23.35	--	20	46700	买盘
09:59:24	23.35	--	15	35025	买盘
09:59:21	23.35	--	78	182130	买盘
09:59:18	23.35	--	1	2335	卖盘
09:59:15	23.35	--	2	4670	卖盘
09:59:12	23.35	-0.01	29	67715	卖盘
09:59:09	23.36	--	7	16352	买盘
09:59:06	23.36	0.03	37	86432	买盘
09:59:03	23.33	-0.02	52	121315	卖盘
09:58:57	23.35	-0.01	35	81725	卖盘
09:58:54	23.36	0.01	14	32704	买盘
09:58:51	23.35	--	17	39695	买盘
09:58:48	23.35	--	2	4670	买盘
09:58:45	23.35	-0.01	2	4670	买盘
09:58:42	23.36	0.02	15	35040	买盘
09:58:39	23.34	-0.02	8	18672	卖盘
09:58:36	23.36	--	24	56064	买盘
09:58:33	23.36	0.01	140	327040	买盘
09:58:30	23.35	-0.01	16	37360	买盘
09:58:27	23.36	0.01	79	184544	买盘
09:58:18	23.35	-0.01	3	7005	卖盘
09:58:15	23.36	0.01	36	84096	买盘
09:58:12	23.35	--	8	18680	卖盘
09:58:09	23.35	--	33	77055	买盘
09:58:00	23.35	0.02	1	2335	买盘
09:57:57	23.33	--	3	6998	买盘
09:57:54	23.33	0.02	2	4666	买盘
09:57:51	23.31	--	2	4662	卖盘
09:57:45	23.31	-0.04	3	6993	卖盘
09:57:42	23.35	0.04	128	298880	买盘
09:57:39	23.31	--	13	30303	卖盘
09:57:36	23.31	0.01	29	67599	买盘
09:57:30	23.3	--	60	139800	买盘
09:57:27	23.3	--	40	93200	买盘
09:57:24	23.3	0.01	42	97860	买盘
09:57:21	23.29	-0.01	41	95489	卖盘
09:57:18	23.3	--	21	48930	买盘
09:57:15	23.3	0.01	25	58250	买盘
09:57:12	23.29	--	8	18632	卖盘
09:57:09	23.29	--	2	4658	卖盘
09:57:03	23.29	0.03	33	76857	买盘
09:56:57	23.26	-0.01	131	304706	卖盘
09:56:54	23.27	-0.02	6	13962	中性盘
09:56:51	23.29	0.02	5	11645	买盘
09:56:48	23.27	0.01	47	109369	买盘
09:56:45	23.26	--	8	18608	卖盘
09:56:42	23.26	0.02	6	13956	中性盘
09:56:39	23.24	-0.02	205	476419	卖盘
09:56:36	23.26	--	1	2326	买盘
09:56:33	23.26	0.01	5	11630	买盘
09:56:30	23.25	-0.01	85	197625	卖盘
09:56:27	23.26	--	29	67454	买盘
09:56:24	23.26	0.01	18	41868	买盘
09:56:21	23.25	--	4	9300	买盘
09:56:18	23.25	0.01	33	76725	买盘
09:56:15	23.24	-0.05	141	327684	卖盘
09:56:12	23.29	--	51	118779	买盘
09:56:09	23.29	0.04	188	437852	买盘
09:56:06	23.25	--	54	125550	买盘
09:56:03	23.25	-0.02	248	576600	卖盘
09:56:00	23.27	0.02	5	11635	买盘
09:55:57	23.25	-0.01	70	162750	卖盘
09:55:54	23.26	-0.03	246	572196	卖盘
09:55:51	23.29	0.01	33	76857	买盘
09:55:48	23.28	--	17	39576	买盘
09:55:45	23.28	0.01	108	251424	买盘
09:55:42	23.27	-0.01	82	190814	卖盘
09:55:39	23.28	--	28	65184	买盘
09:55:36	23.28	--	104	242112	买盘
09:55:33	23.28	-0.01	155	360840	卖盘
09:55:30	23.29	--	11	25619	卖盘
09:55:27	23.29	--	90	209610	卖盘
09:55:21	23.29	-0.01	3	6987	卖盘
09:55:18	23.3	0.01	3	6990	买盘
09:55:15	23.29	-0.01	41	95489	卖盘
09:55:12	23.3	-0.01	36	83880	卖盘
09:55:06	23.31	-0.02	64	149184	卖盘
09:55:03	23.33	--	7	16330	买盘
09:55:00	23.33	-0.01	13	30328	中性盘
09:54:57	23.34	0.03	18	42012	买盘
09:54:54	23.31	-0.04	80	186480	卖盘
09:54:48	23.35	0.01	64	149440	买盘
09:54:45	23.34	--	4	9336	卖盘
09:54:42	23.34	-0.01	61	142374	卖盘
09:54:39	23.35	0.01	7	16345	买盘
09:54:36	23.34	-0.01	30	70020	卖盘
09:54:33	23.35	--	1	2335	买盘
09:54:30	23.35	--	28	65380	卖盘
09:54:27	23.35	--	8	18680	卖盘
09:54:24	23.35	--	4	9340	卖盘
09:54:21	23.35	--	1	2335	卖盘
09:54:18	23.35	--	40	93400	卖盘
09:54:15	23.35	-0.01	39	91065	卖盘
09:54:12	23.36	-0.02	22	51392	卖盘
09:54:09	23.38	0.01	17	39746	买盘
09:54:03	23.37	-0.01	52	121524	中性盘
09:53:57	23.38	--	40	95834	卖盘
09:53:54	23.38	--	60	140280	卖盘
09:53:51	23.38	--	19	44422	卖盘
09:53:48	23.38	-0.01	7	16366	卖盘
09:53:45	23.39	--	65	152035	买盘
09:53:42	23.39	--	5	11695	买盘
09:53:39	23.39	0.01	27	63153	买盘
09:53:36	23.38	-0.02	66	154308	卖盘
09:53:33	23.4	0.01	42	98280	买盘
09:53:27	23.39	--	1	2339	卖盘
09:53:24	23.39	-0.01	20	46780	卖盘
09:53:21	23.4	--	18	42120	买盘
09:53:18	23.4	--	8	18720	买盘
09:53:15	23.4	--	3	7020	买盘
09:53:12	23.4	0.01	31	72540	买盘
09:53:09	23.39	--	58	135662	卖盘
09:53:06	23.39	-0.01	13	30407	卖盘
09:53:03	23.4	--	3	7020	买盘
09:52:54	23.4	--	192	449280	卖盘
09:52:51	23.4	-0.01	53	124019	卖盘
09:52:48	23.41	0.01	5	11705	买盘
09:52:45	23.4	--	38	88920	卖盘
09:52:36	23.4	-0.01	71	166140	卖盘
09:52:33	23.41	0.01	1	2341	卖盘
09:52:30	23.4	-0.01	36	84240	卖盘
09:52:27	23.41	0.01	44	103004	买盘
09:52:24	23.4	--	67	156780	卖盘
09:52:21	23.4	--	6	14040	卖盘
09:52:18	23.4	-0.01	25	58500	卖盘
09:52:15	23.41	0.01	4	9364	买盘
09:52:12	23.4	--	1	2340	卖盘
09:52:06	23.4	--	77	180180	买盘
09:52:03	23.4	-0.01	5	11700	买盘
09:52:00	23.41	0.01	30	70230	买盘
09:51:57	23.4	--	23	53820	卖盘
09:51:54	23.4	--	5	11700	卖盘
09:51:48	23.4	-0.01	20	46800	卖盘
09:51:45	23.41	0.01	34	79594	买盘
09:51:42	23.4	0.01	7	16379	中性盘
09:51:39	23.39	--	65	152035	卖盘
09:51:36	23.39	-0.01	20	46780	卖盘
09:51:33	23.4	--	5	11700	卖盘
09:51:30	23.4	0.01	58	135720	买盘
09:51:27	23.39	-0.01	34	79526	卖盘
09:51:24	23.4	0.01	56	131039	买盘
09:51:21	23.39	--	157	367223	卖盘
09:51:12	23.39	-0.01	22	51458	中性盘
09:51:06	23.4	--	30	70200	买盘
09:51:00	23.4	0.02	8	18720	买盘
09:50:57	23.38	-0.02	63	147294	卖盘
09:50:51	23.4	0.01	104	243359	买盘
09:50:48	23.39	--	10	23390	卖盘
09:50:42	23.39	0.01	26	60814	中性盘
09:50:36	23.38	-0.02	6	14028	卖盘
09:50:33	23.4	--	30	70200	买盘
09:50:27	23.4	--	6	14040	买盘
09:50:24	23.4	--	81	189540	买盘
09:50:21	23.4	--	141	329940	买盘
09:50:18	23.4	0.01	129	301860	买盘
09:50:15	23.39	--	5	11695	卖盘
09:50:12	23.39	--	6	14034	卖盘
09:50:09	23.39	-0.01	3	7017	卖盘
09:50:06	23.4	-0.02	25	58500	买盘
09:49:54	23.42	-0.01	24	56208	中性盘
09:49:51	23.43	0.01	215	505502	买盘
09:49:48	23.42	--	20	46840	买盘
09:49:45	23.42	--	102	238884	买盘
09:49:42	23.42	-0.01	19	44498	买盘
09:49:39	23.43	0.01	20	46860	买盘
09:49:36	23.42	--	73	170966	买盘
09:49:33	23.42	--	3	7026	买盘
09:49:30	23.42	--	4	9368	买盘
09:49:27	23.42	--	12	28104	卖盘
09:49:24	23.42	--	70	163940	卖盘
09:49:21	23.42	--	44	103048	卖盘
09:49:18	23.42	--	25	58550	卖盘
09:49:15	23.42	--	48	112416	卖盘
09:49:12	23.42	--	45	105390	卖盘
09:49:09	23.42	-0.01	10	23420	卖盘
09:49:06	23.43	0.03	13	30459	买盘
09:49:00	23.4	-0.02	107	250379	卖盘
09:48:54	23.42	-0.01	99	231858	卖盘
09:48:51	23.43	--	5	11715	卖盘
09:48:48	23.43	-0.01	2	4686	中性盘
09:48:45	23.44	0.01	32	75008	买盘
09:48:42	23.43	--	15	35145	卖盘
09:48:39	23.43	--	45	106700	买盘
09:48:36	23.43	0.01	23	53889	买盘
09:48:33	23.42	-0.01	38	88996	中性盘
09:48:30	23.43	0.01	210	492030	买盘
09:48:27	23.42	--	19	44498	卖盘
09:48:24	23.42	--	98	229516	卖盘
09:48:21	23.42	--	5	11710	卖盘
09:48:18	23.42	0.01	7	18056	买盘
09:48:15	23.41	--	30	70230	卖盘
09:48:12	23.41	--	18	42138	卖盘
09:48:06	23.41	--	8	18728	卖盘
09:48:03	23.41	0.01	73	170893	买盘
09:48:00	23.4	--	16	37440	卖盘
09:47:57	23.4	-0.01	5	11700	卖盘
09:47:51	23.41	0.01	13	30433	买盘
09:47:48	23.4	0.01	44	102960	买盘
09:47:45	23.39	-0.01	17	39763	卖盘
09:47:42	23.4	--	70	163800	买盘
09:47:39	23.4	0.01	67	156780	买盘
09:47:36	23.39	--	15	35085	卖盘
09:47:33	23.39	--	3	7017	卖盘
09:47:21	23.39	0.01	18	42102	买盘
09:47:18	23.38	--	76	177688	卖盘
09:47:15	23.38	--	1	2338	卖盘
09:47:12	23.38	-0.01	7	16366	卖盘
09:47:09	23.39	--	56	130984	买盘
09:47:06	23.39	0.01	13	30407	买盘
09:47:03	23.38	--	17	39746	卖盘
09:47:00	23.38	--	34	79492	卖盘
09:46:57	23.38	--	22	51436	卖盘
09:46:54	23.38	--	101	236161	买盘
09:46:51	23.38	0.02	39	91182	买盘
09:46:48	23.36	--	46	107456	卖盘
09:46:45	23.36	-0.02	7	16352	卖盘
09:46:39	23.38	--	28	65464	买盘
09:46:36	23.38	--	4	9352	买盘
09:46:33	23.38	--	37	86506	买盘
09:46:27	23.38	--	76	180002	卖盘
09:46:21	23.38	0.02	25	58473	卖盘
09:46:15	23.36	-0.03	112	261632	卖盘
09:46:12	23.39	0.01	16	37424	买盘
09:46:06	23.38	-0.01	8	18704	卖盘
09:45:57	23.39	-0.01	5	11695	卖盘
09:45:54	23.4	0.01	8	18720	买盘
09:45:51	23.39	--	7	16373	卖盘
09:45:48	23.39	-0.01	4	9356	卖盘
09:45:45	23.4	0.02	25	58500	买盘
09:45:42	23.38	-0.02	42	98196	卖盘
09:45:39	23.4	--	3	7020	买盘
09:45:36	23.4	--	7	16379	买盘
09:45:33	23.4	--	12	28080	买盘
09:45:30	23.4	--	4	9360	买盘
09:45:27	23.4	--	10	23400	买盘
09:45:24	23.4	0.01	305	713700	买盘
09:45:21	23.39	-0.01	5	11695	卖盘
09:45:18	23.4	--	37	86580	卖盘
09:45:15	23.4	-0.01	33	77220	卖盘
09:45:12	23.41	0.01	45	105345	买盘
09:45:09	23.4	--	20	46800	卖盘
09:45:06	23.4	--	25	58500	卖盘
09:45:00	23.4	-0.01	16	37440	卖盘
09:44:57	23.41	--	12	28092	买盘
09:44:51	23.41	--	15	35115	买盘
09:44:48	23.41	0.01	39	91299	买盘
09:44:45	23.4	-0.01	18	42120	卖盘
09:44:42	23.41	-0.01	16	37456	卖盘
09:44:39	23.42	0.01	13	30446	买盘
09:44:36	23.41	-0.02	13	30433	中性盘
09:44:33	23.43	0.02	50	117150	买盘
09:44:30	23.41	-0.01	3	7023	买盘
09:44:27	23.42	--	41	96022	买盘
09:44:24	23.42	--	51	119442	买盘
09:44:21	23.42	0.01	1	2342	买盘
09:44:18	23.41	-0.01	58	135778	卖盘
09:44:15	23.42	--	17	39814	买盘
09:44:12	23.42	--	36	84312	买盘
09:44:09	23.42	--	15	35130	买盘
09:44:06	23.42	--	2	4684	买盘
09:44:03	23.42	--	5	11710	买盘
09:44:00	23.42	-0.02	91	215370	卖盘
09:43:54	23.44	0.02	47	110168	买盘
09:43:51	23.42	--	10	23420	卖盘
09:43:48	23.42	--	26	60892	卖盘
09:43:45	23.42	--	5	11710	卖盘
09:43:42	23.42	-0.01	17	39814	卖盘
09:43:39	23.43	--	2	4686	卖盘
09:43:36	23.43	0.01	23	53889	中性盘
09:43:33	23.42	-0.02	4	9368	卖盘
09:43:30	23.44	-0.01	8	18752	中性盘
09:43:27	23.45	0.03	75	175875	买盘
09:43:24	23.42	-0.03	269	629998	卖盘
09:43:21	23.45	--	3	7035	买盘
09:43:18	23.45	--	47	110215	买盘
09:43:15	23.45	--	10	23450	买盘
09:43:12	23.45	--	26	60970	买盘
09:43:09	23.45	-0.01	32	75040	卖盘
09:43:06	23.46	0.01	7	16422	买盘
09:43:03	23.45	-0.01	52	121940	卖盘
09:43:00	23.46	--	53	124338	买盘
09:42:57	23.46	-0.01	50	117300	卖盘
09:42:54	23.47	--	2	4694	买盘
09:42:51	23.47	--	5	11735	买盘
09:42:48	23.47	--	6	14082	买盘
09:42:45	23.47	--	9	21123	买盘
09:42:42	23.47	-0.01	69	161943	卖盘
09:42:39	23.48	--	100	234800	买盘
09:42:36	23.48	0.01	71	166708	买盘
09:42:33	23.47	-0.01	27	63369	卖盘
09:42:30	23.48	-0.01	12	28176	中性盘
09:42:27	23.49	0.01	6	14093	买盘
09:42:24	23.48	--	83	194884	卖盘
09:42:21	23.48	--	42	98616	卖盘
09:42:18	23.48	--	46	108008	卖盘
09:42:15	23.48	--	82	192536	卖盘
09:42:12	23.48	--	100	234800	卖盘
09:42:09	23.48	-0.01	113	265324	卖盘
09:42:06	23.49	--	133	312417	买盘
09:42:03	23.49	--	38	89262	买盘
09:42:00	23.49	--	29	68121	买盘
09:41:57	23.49	0.01	50	117449	买盘
09:41:54	23.48	--	60	140880	买盘
09:41:51	23.48	0.01	94	220712	买盘
09:41:48	23.47	0.01	92	215924	买盘
09:41:45	23.46	-0.01	57	133722	卖盘
09:41:42	23.47	--	58	136126	买盘
09:41:39	23.47	0.02	1	2347	买盘
09:41:36	23.45	--	7	16415	卖盘
09:41:33	23.45	-0.02	63	147735	中性盘
09:41:30	23.47	0.04	212	497564	买盘
09:41:27	23.43	--	44	103092	卖盘
09:41:24	23.43	--	7	16401	买盘
09:41:21	23.43	0.01	37	86691	买盘
09:41:18	23.42	--	10	23420	卖盘
09:41:12	23.42	0.04	400	936893	买盘
09:41:09	23.38	--	39	91182	买盘
09:41:06	23.38	--	64	149632	买盘
09:41:03	23.38	--	24	56112	买盘
09:41:00	23.38	0.01	23	53774	买盘
