成交时间	成交价	价格变动	成交量(手)	成交额(元)	性质
15:00:03	21.59	0.01	799	1727092	买盘
14:57:03	21.58	0.01	43	92793	买盘
14:57:00	21.57	-0.01	3	6471	卖盘
14:56:57	21.58	--	20	43160	买盘
14:56:54	21.58	0.01	5	10790	买盘
14:56:51	21.57	-0.01	14	30198	卖盘
14:56:39	21.58	0.02	1	2158	中性盘
14:56:27	21.56	--	223	480788	买盘
14:56:21	21.56	--	2	4312	买盘
14:56:18	21.56	-0.01	40	86240	卖盘
14:56:15	21.57	--	10	21570	买盘
14:56:12	21.57	0.01	35	75495	买盘
14:56:09	21.56	-0.01	10	21560	中性盘
14:56:06	21.57	--	2	4314	买盘
14:56:00	21.57	--	20	43140	买盘
14:55:57	21.57	--	27	58239	买盘
14:55:51	21.57	0.01	124	267468	买盘
14:55:48	21.56	--	30	64679	卖盘
14:55:45	21.56	--	33	71148	中性盘
14:55:36	21.56	-0.01	50	107800	中性盘
14:55:30	21.57	0.01	39	84123	买盘
14:55:27	21.56	--	5	10780	卖盘
14:55:24	21.56	-0.01	1	2156	卖盘
14:55:18	21.57	0.02	21	45297	买盘
14:55:15	21.55	-0.01	5	10775	卖盘
14:55:12	21.56	--	5	10780	卖盘
14:55:06	21.56	--	5	10995	买盘
14:55:03	21.56	--	56	120736	买盘
14:54:57	21.56	0.01	133	286748	买盘
14:54:51	21.55	-0.01	6	12930	卖盘
14:54:48	21.56	--	15	32339	买盘
14:54:42	21.56	0.01	30	64679	买盘
14:54:39	21.55	--	23	49565	卖盘
14:54:33	21.55	--	8	17240	卖盘
14:54:30	21.55	--	10	21550	卖盘
14:54:15	21.55	--	3	6465	卖盘
14:54:12	21.55	--	60	129300	卖盘
14:54:06	21.55	--	106	228430	卖盘
14:53:57	21.55	0.02	207	446085	买盘
14:53:54	21.53	-0.02	5	10765	中性盘
14:53:42	21.55	0.03	40	86200	买盘
14:53:33	21.52	-0.03	100	215200	卖盘
14:53:27	21.55	--	7	15085	买盘
14:53:24	21.55	0.01	10	21550	买盘
14:53:09	21.54	--	20	43080	卖盘
14:53:06	21.54	-0.01	1	2154	卖盘
14:52:57	21.55	--	2	4310	买盘
14:52:54	21.55	0.01	5	10775	买盘
14:52:45	21.54	-0.01	19	40926	卖盘
14:52:39	21.55	--	19	40945	买盘
14:52:36	21.55	--	19	40945	卖盘
14:52:30	21.55	--	2	4310	卖盘
14:52:24	21.55	--	9	19395	卖盘
14:52:18	21.55	--	17	36635	买盘
14:52:09	21.55	--	28	60340	买盘
14:51:57	21.55	--	14	30170	卖盘
14:51:51	21.55	-0.01	13	28015	卖盘
14:51:48	21.56	0.01	10	21560	买盘
14:51:45	21.55	--	2	4310	卖盘
14:51:39	21.55	--	23	49565	卖盘
14:51:24	21.55	--	5	10775	卖盘
14:51:18	21.55	-0.01	34	73270	卖盘
14:51:15	21.56	0.01	35	75460	买盘
14:51:00	21.55	--	2	4310	卖盘
14:50:57	21.55	-0.01	10	21550	卖盘
14:50:54	21.56	0.01	7	15092	买盘
14:50:48	21.55	-0.01	20	43100	卖盘
14:50:36	21.56	0.02	15	32339	买盘
14:50:33	21.54	--	2	4308	卖盘
14:50:30	21.54	--	4	8616	卖盘
14:50:21	21.54	-0.02	15	32310	卖盘
14:50:15	21.56	0.01	42	90552	买盘
14:50:09	21.55	--	10	21550	中性盘
14:50:06	21.55	0.01	4	8620	中性盘
14:49:57	21.54	-0.02	10	21540	卖盘
14:49:54	21.56	0.02	21	45276	买盘
14:49:39	21.54	-0.01	15	32310	卖盘
14:49:36	21.55	--	1	2155	卖盘
14:49:27	21.55	--	11	25752	买盘
14:49:24	21.55	--	13	28122	卖盘
14:49:21	21.55	--	30	66697	卖盘
14:49:12	21.55	--	10	21550	卖盘
14:49:03	21.55	--	8	17240	卖盘
14:48:54	21.55	-0.01	14	30170	卖盘
14:48:51	21.56	0.01	5	10780	买盘
14:48:45	21.55	--	10	21550	卖盘
14:48:42	21.55	--	5	10775	卖盘
14:48:39	21.55	--	2	4310	卖盘
14:48:36	21.55	-0.01	14	30170	卖盘
14:48:27	21.56	--	5	10780	买盘
14:48:06	21.56	0.01	1	2156	买盘
14:48:03	21.55	--	30	64650	卖盘
14:47:54	21.55	--	6	12930	卖盘
14:47:42	21.55	--	8	17240	买盘
14:47:36	21.55	-0.01	5	10775	中性盘
14:47:27	21.56	0.01	69	148764	买盘
14:47:15	21.55	-0.01	21	45255	卖盘
14:47:09	21.56	0.01	2	4312	买盘
14:47:03	21.55	--	1	2155	卖盘
14:46:48	21.55	0.01	3	6465	买盘
14:46:33	21.54	--	4	8616	卖盘
14:46:27	21.54	--	10	21540	卖盘
14:46:24	21.54	-0.01	5	10770	卖盘
14:46:21	21.55	-0.01	2	4310	中性盘
14:46:03	21.56	--	10	21560	买盘
14:45:57	21.56	0.02	7	15092	买盘
14:45:51	21.54	-0.01	10	21540	卖盘
14:45:48	21.55	--	15	32325	买盘
14:45:45	21.55	-0.01	3	6465	买盘
14:45:42	21.56	--	5	10780	买盘
14:45:36	21.56	--	30	64679	买盘
14:45:30	21.56	--	9	19404	买盘
14:45:27	21.56	0.03	2	4312	买盘
14:45:24	21.53	-0.03	10	21530	卖盘
14:45:21	21.56	0.01	1	2156	买盘
14:45:18	21.55	-0.01	3	6465	中性盘
14:45:06	21.56	0.01	330	711480	买盘
14:45:03	21.55	0.02	10	21550	买盘
14:45:00	21.53	--	3	6459	卖盘
14:44:54	21.53	-0.01	12	25836	卖盘
14:44:51	21.54	--	21	45234	卖盘
14:44:48	21.54	0.01	117	252018	买盘
14:44:45	21.53	--	5	10765	卖盘
14:44:39	21.53	--	10	21530	卖盘
14:44:36	21.53	--	10	21530	卖盘
14:44:27	21.53	--	5	10765	卖盘
14:44:15	21.53	--	19	40907	买盘
14:44:12	21.53	0.02	1	2153	买盘
14:44:00	21.51	-0.03	4	8604	卖盘
14:43:57	21.54	--	5	10770	买盘
14:43:54	21.54	0.01	5	10770	买盘
14:43:51	21.53	--	5	10765	卖盘
14:43:42	21.53	--	2	4306	卖盘
14:43:30	21.53	--	2	4306	卖盘
14:43:24	21.53	--	49	105497	买盘
14:43:15	21.53	--	3	6459	买盘
14:43:12	21.53	--	1	2153	买盘
14:43:03	21.53	0.03	11	23683	中性盘
14:42:51	21.5	-0.04	190	408500	卖盘
14:42:48	21.54	0.01	7	15078	买盘
14:42:42	21.53	--	30	64590	卖盘
14:42:39	21.53	--	16	34448	卖盘
14:42:33	21.53	--	10	21530	卖盘
14:42:21	21.53	--	30	64590	卖盘
14:42:15	21.53	--	4	8612	卖盘
14:42:12	21.53	--	16	34448	卖盘
14:42:09	21.53	--	484	1042052	卖盘
14:42:03	21.53	--	25	53825	卖盘
14:41:57	21.53	--	33	71049	卖盘
14:41:54	21.53	--	3	6459	卖盘
14:41:51	21.53	--	10	21530	卖盘
14:41:48	21.53	--	5	10765	卖盘
14:41:42	21.53	--	20	43060	卖盘
14:41:39	21.53	--	23	49519	卖盘
14:41:30	21.53	--	44	94732	卖盘
14:41:27	21.53	--	11	23683	卖盘
14:41:18	21.53	--	301	648053	卖盘
14:41:15	21.53	--	8	17224	卖盘
14:41:12	21.53	--	30	64590	卖盘
14:41:09	21.53	--	6	12918	卖盘
14:40:51	21.53	-0.01	1	2153	卖盘
14:40:30	21.54	--	1	2154	买盘
14:40:27	21.54	0.01	5	10770	买盘
14:40:21	21.53	--	627	1349931	卖盘
14:40:12	21.53	-0.01	25	53825	卖盘
14:40:06	21.54	0.01	5	10770	买盘
14:40:00	21.53	-0.01	10	21530	卖盘
14:39:45	21.54	-0.01	6	12924	中性盘
14:39:15	21.55	0.01	2	4310	买盘
14:39:12	21.54	0.01	29	62466	中性盘
14:38:54	21.53	--	4	8612	卖盘
14:38:15	21.53	--	1	2153	卖盘
14:38:12	21.53	-0.01	123	264819	卖盘
14:37:57	21.54	--	7	15078	卖盘
14:37:42	21.54	--	2	4308	卖盘
14:37:39	21.54	-0.01	10	21540	卖盘
14:37:33	21.55	0.01	10	21550	买盘
14:37:24	21.54	--	5	10770	卖盘
14:37:18	21.54	--	4	8616	卖盘
14:37:12	21.54	--	16	34464	卖盘
14:37:06	21.54	0.01	6	12924	买盘
14:36:48	21.53	-0.01	5	10765	卖盘
14:36:45	21.54	0.01	3	6462	买盘
14:36:42	21.53	-0.01	64	137792	卖盘
14:36:27	21.54	0.01	6	12924	买盘
14:36:12	21.53	-0.01	32	68896	卖盘
14:36:06	21.54	--	19	40926	卖盘
14:35:54	21.54	--	3	6462	买盘
14:35:45	21.54	-0.02	8	17232	卖盘
14:35:18	21.56	0.03	57	122891	买盘
14:35:12	21.53	-0.02	40	88057	卖盘
14:35:09	21.55	--	69	148695	卖盘
14:35:06	21.55	--	78	168090	卖盘
14:35:03	21.55	-0.01	10	21550	卖盘
14:34:57	21.56	0.01	9	19404	买盘
14:34:54	21.55	--	5	10775	卖盘
14:34:33	21.55	--	10	21550	卖盘
14:34:15	21.55	--	19	40945	卖盘
14:34:00	21.55	0.01	294	633785	买盘
14:33:57	21.54	0.01	6	12924	买盘
14:33:51	21.53	--	5	10765	卖盘
14:33:45	21.53	--	4	8612	卖盘
14:33:36	21.53	--	10	21530	卖盘
14:33:30	21.53	--	4	8612	卖盘
14:33:27	21.53	--	5	10765	卖盘
14:33:24	21.53	--	148	318644	卖盘
14:33:12	21.53	-0.01	18	38754	卖盘
14:33:09	21.54	0.01	5	10770	买盘
14:33:06	21.53	-0.01	10	21530	卖盘
14:33:03	21.54	0.01	10	21540	买盘
14:32:48	21.53	-0.01	2	4306	卖盘
14:32:24	21.54	0.01	4	8616	买盘
14:32:21	21.53	--	21	45213	卖盘
14:32:18	21.53	--	13	27989	卖盘
14:32:15	21.53	--	10	21530	卖盘
14:32:12	21.53	-0.01	33	71049	卖盘
14:32:09	21.54	0.01	10	21540	买盘
14:32:06	21.53	-0.01	5	10765	卖盘
14:32:00	21.54	0.01	2	4308	买盘
14:31:54	21.53	-0.01	5	10765	卖盘
14:31:51	21.54	0.01	20	43080	买盘
14:31:45	21.53	--	22	47366	卖盘
14:31:36	21.53	--	200	430600	卖盘
14:31:33	21.53	--	2	4306	卖盘
14:31:27	21.53	-0.01	11	23683	卖盘
14:31:24	21.54	0.01	30	64620	买盘
14:31:21	21.53	--	27	58131	卖盘
14:31:18	21.53	--	37	79661	卖盘
14:31:15	21.53	--	5	10765	卖盘
14:31:12	21.53	--	23	49519	卖盘
14:31:09	21.53	--	12	26718	卖盘
14:31:06	21.53	--	4	8612	卖盘
14:31:00	21.53	--	10	21530	卖盘
14:30:57	21.53	--	20	43060	卖盘
14:30:45	21.53	--	30	64590	卖盘
14:30:39	21.53	--	4	8612	卖盘
14:30:33	21.53	--	1	2153	卖盘
14:30:27	21.53	--	14	30142	卖盘
14:30:21	21.53	--	3	6459	卖盘
14:30:15	21.53	--	3	6459	卖盘
14:30:12	21.53	--	17	36601	卖盘
14:30:03	21.53	--	20	44803	卖盘
14:29:54	21.53	--	10	21530	卖盘
14:29:48	21.53	--	50	107650	卖盘
14:29:42	21.53	-0.01	69	148557	卖盘
14:29:33	21.54	-0.01	17	38556	卖盘
14:29:27	21.55	0.01	18	38790	买盘
14:29:24	21.54	--	40	86160	卖盘
14:29:18	21.54	--	25	53850	卖盘
14:29:15	21.54	--	10	21540	卖盘
14:29:12	21.54	--	21	45234	卖盘
14:29:09	21.54	--	10	21540	卖盘
14:29:00	21.54	--	16	34464	卖盘
14:28:36	21.54	--	20	43080	卖盘
14:28:33	21.54	-0.01	2	4308	卖盘
14:28:18	21.55	0.01	1	2155	买盘
14:28:12	21.54	-0.01	17	36618	卖盘
14:28:03	21.55	0.01	8	17240	中性盘
14:28:00	21.54	-0.01	16	34464	卖盘
14:27:57	21.55	-0.01	4	8620	卖盘
14:27:51	21.56	--	26	56056	买盘
14:27:45	21.56	0.01	25	53900	买盘
14:27:42	21.55	--	25	53875	卖盘
14:27:39	21.55	--	26	56030	卖盘
14:27:24	21.55	--	10	21550	卖盘
14:27:15	21.55	--	20	43100	卖盘
14:27:12	21.55	--	30	64650	卖盘
14:26:48	21.55	--	8	17240	卖盘
14:26:42	21.55	-0.01	11	23705	卖盘
14:26:15	21.56	0.01	10	21560	买盘
14:26:12	21.55	--	14	30170	卖盘
14:26:00	21.55	-0.01	22	47410	卖盘
14:25:48	21.56	0.01	1	2156	中性盘
14:25:30	21.55	-0.02	4	8620	卖盘
14:25:27	21.57	--	4	8628	买盘
14:25:21	21.57	0.02	1	2157	买盘
14:25:15	21.55	--	8	17240	卖盘
14:25:12	21.55	-0.02	28	60340	卖盘
14:25:09	21.57	0.01	20	43140	买盘
14:24:51	21.56	-0.01	4	8624	卖盘
14:24:45	21.57	0.02	5	10785	买盘
14:24:21	21.55	-0.01	5	10775	卖盘
14:24:18	21.56	--	10	21560	卖盘
14:24:15	21.56	--	4	8624	卖盘
14:24:12	21.56	--	22	47432	卖盘
14:24:06	21.56	--	10	21560	卖盘
14:23:57	21.56	--	8	17248	卖盘
14:23:42	21.56	0.01	12	25872	中性盘
14:23:12	21.55	--	19	40945	卖盘
14:22:57	21.55	--	4	8620	卖盘
14:22:51	21.55	-0.03	0	107	卖盘
14:22:45	21.58	--	14	30211	买盘
14:22:27	21.58	--	6	12947	买盘
14:22:18	21.58	--	2	4316	买盘
14:22:15	21.58	0.02	25	53949	买盘
14:22:12	21.56	-0.02	28	60368	卖盘
14:22:09	21.58	--	7	15213	卖盘
14:22:06	21.58	--	7	15105	卖盘
14:22:00	21.58	--	28	60423	卖盘
14:21:57	21.58	--	9	21472	买盘
14:21:48	21.58	--	1	2265	卖盘
14:21:42	21.58	--	30	64739	卖盘
14:21:39	21.58	-0.01	47	101425	卖盘
14:21:30	21.59	0.01	3	6477	买盘
14:21:24	21.58	-0.01	21	45318	卖盘
14:21:21	21.59	0.01	2	4318	买盘
14:21:12	21.58	--	25	53949	卖盘
14:21:03	21.58	-0.01	10	21580	卖盘
14:20:51	21.59	0.01	100	215900	买盘
14:20:45	21.58	--	2	6366	买盘
14:20:33	21.58	--	2	4316	买盘
14:20:27	21.58	0.02	100	215799	买盘
14:20:21	21.56	--	28	60368	卖盘
14:20:18	21.56	--	4	8624	卖盘
14:20:12	21.56	-0.01	19	40964	中性盘
14:20:06	21.57	--	5	10785	买盘
14:19:54	21.57	--	6	12942	买盘
14:19:45	21.57	--	6	12942	买盘
14:19:39	21.57	--	7	15099	买盘
14:19:36	21.57	0.02	50	107850	买盘
14:19:30	21.55	-0.02	150	323250	卖盘
14:19:21	21.57	0.02	10	21570	买盘
14:19:15	21.55	--	5	10775	卖盘
14:19:12	21.55	--	14	30170	卖盘
14:19:06	21.55	-0.01	50	107750	卖盘
14:19:00	21.56	--	21	45276	卖盘
14:18:36	21.56	-0.01	5	10780	卖盘
14:18:33	21.57	--	10	21570	买盘
14:18:30	21.57	--	3	6471	买盘
14:18:24	21.57	--	22	47454	买盘
14:18:21	21.57	--	29	62553	卖盘
14:18:12	21.57	-0.01	28	60396	卖盘
14:18:06	21.58	--	7	15105	买盘
14:18:03	21.58	0.01	5	10790	买盘
14:18:00	21.57	--	5	10785	卖盘
14:17:54	21.57	-0.01	41	88437	卖盘
14:17:48	21.58	--	45	97109	买盘
14:17:39	21.58	0.01	40	86320	买盘
14:17:36	21.57	--	4	8628	卖盘
14:17:24	21.57	0.01	2	4314	中性盘
14:17:12	21.56	-0.02	27	58212	卖盘
14:17:03	21.58	0.01	3	6473	买盘
14:16:48	21.57	--	33	71181	买盘
14:16:45	21.57	--	35	75495	买盘
14:16:33	21.57	0.01	5	10785	买盘
14:16:30	21.56	--	2	4312	卖盘
14:16:21	21.56	--	10	21560	卖盘
14:16:18	21.56	--	1	2156	买盘
14:16:15	21.56	--	2	4312	买盘
14:16:12	21.56	--	56	120736	买盘
14:16:06	21.56	--	22	47432	买盘
14:16:00	21.56	--	20	43120	买盘
14:15:57	21.56	--	4	8624	买盘
14:15:54	21.56	--	5	10780	买盘
14:15:51	21.56	--	1	2156	买盘
14:15:48	21.56	--	3	6468	买盘
14:15:45	21.56	--	29	62523	买盘
14:15:42	21.56	--	30	64679	买盘
14:15:36	21.56	--	6	12936	买盘
14:15:21	21.56	--	1	2156	买盘
14:15:15	21.56	0.01	16	34496	买盘
14:15:12	21.55	-0.01	72	155160	卖盘
14:15:09	21.56	--	3	6468	买盘
14:15:06	21.56	0.01	6	12936	买盘
14:15:00	21.55	--	3	6572	买盘
14:14:51	21.55	-0.01	7	17132	卖盘
14:14:48	21.56	0.01	10	21560	买盘
14:14:42	21.55	--	42	90617	买盘
14:14:33	21.55	--	0	2047	卖盘
14:14:24	21.55	0.01	147	316892	买盘
14:14:21	21.54	--	7	15078	卖盘
14:14:15	21.54	-0.01	10	21540	卖盘
14:14:12	21.55	0.01	54	116370	买盘
14:14:09	21.54	-0.01	300	646200	卖盘
14:13:57	21.55	0.01	8	17240	买盘
14:13:54	21.54	--	11	23694	卖盘
14:13:45	21.54	-0.01	11	23694	卖盘
14:13:33	21.55	0.01	2	4310	买盘
14:13:21	21.54	--	1	2154	卖盘
14:13:12	21.54	--	25	53850	卖盘
14:12:48	21.54	-0.01	150	323100	卖盘
14:12:45	21.55	--	5	10775	买盘
14:12:39	21.55	0.01	108	232740	买盘
14:12:24	21.54	--	5	10770	卖盘
14:12:12	21.54	--	13	28002	卖盘
14:12:03	21.54	--	17	36618	卖盘
14:11:51	21.54	--	4	8616	卖盘
14:11:12	21.54	--	28	60312	卖盘
14:10:45	21.54	--	21	45234	卖盘
14:10:42	21.54	0.01	30	64620	中性盘
14:10:30	21.53	--	10	21530	卖盘
14:10:12	21.53	-0.01	22	47366	卖盘
14:10:06	21.54	--	2	4308	卖盘
14:09:54	21.54	--	20	43080	卖盘
14:09:48	21.54	--	3	6462	卖盘
14:09:33	21.54	--	5	10770	卖盘
14:09:18	21.54	--	4	8616	卖盘
14:09:15	21.54	0.01	5	10770	中性盘
14:09:12	21.53	-0.01	16	34448	卖盘
14:08:48	21.54	-0.01	1	2154	中性盘
14:08:15	21.55	0.01	10	21550	买盘
14:08:12	21.54	0.01	22	47388	买盘
14:08:09	21.53	-0.01	5	10765	卖盘
14:08:06	21.54	-0.01	3	6462	卖盘
14:07:54	21.55	--	51	111952	卖盘
14:07:48	21.55	--	3	6465	卖盘
14:07:30	21.55	-0.01	15	32325	卖盘
14:07:21	21.56	0.01	22	47432	买盘
14:07:15	21.55	--	16	34480	卖盘
14:07:12	21.55	--	15	32325	卖盘
14:06:54	21.55	--	5	10775	卖盘
14:06:48	21.55	--	2	4310	卖盘
14:06:45	21.55	-0.01	4	8620	卖盘
14:06:42	21.56	0.01	3	6468	买盘
14:06:39	21.55	--	20	43100	卖盘
14:06:33	21.55	--	1	2155	卖盘
14:06:30	21.55	--	20	43100	卖盘
14:06:27	21.55	--	9	19395	卖盘
14:06:12	21.55	0.02	227	489292	买盘
14:06:00	21.53	-0.02	6	12918	卖盘
14:05:54	21.55	--	10	21550	买盘
14:05:51	21.55	--	3	6465	买盘
14:05:42	21.55	--	7	15085	买盘
14:05:21	21.55	0.02	1	2155	买盘
14:05:15	21.53	--	25	53825	卖盘
14:05:12	21.53	-0.02	13	27989	卖盘
14:05:00	21.55	0.02	5	10775	买盘
14:04:51	21.53	-0.02	47	101191	卖盘
14:04:18	21.55	--	7	17132	卖盘
14:04:12	21.55	--	32	68960	卖盘
14:04:06	21.55	--	10	21550	卖盘
14:04:03	21.55	0.02	220	474207	买盘
14:03:57	21.53	-0.01	10	21530	卖盘
14:03:33	21.54	--	34	73236	卖盘
14:03:30	21.54	-0.01	10	21540	卖盘
14:03:27	21.55	0.01	10	21550	买盘
14:03:12	21.54	-0.01	21	45234	卖盘
14:02:48	21.55	--	1	4202	卖盘
14:02:39	21.55	--	10	21550	卖盘
14:02:27	21.55	--	1	2155	卖盘
14:02:12	21.55	--	16	34480	卖盘
14:02:09	21.55	--	40	86200	卖盘
14:02:03	21.55	-0.01	1	2155	卖盘
14:02:00	21.56	--	14	30184	买盘
14:01:54	21.56	0.01	1	2156	买盘
14:01:51	21.55	-0.01	20	43100	卖盘
14:01:45	21.56	0.01	10	21560	买盘
14:01:36	21.55	-0.01	4	8620	卖盘
14:01:33	21.56	0.01	5	10780	买盘
14:01:27	21.55	--	26	56030	卖盘
14:01:21	21.55	0.02	444	956927	买盘
14:01:12	21.53	-0.01	30	64590	卖盘
14:00:54	21.54	--	20	43080	买盘
14:00:51	21.54	--	9	20936	卖盘
14:00:45	21.54	--	4	8616	卖盘
14:00:42	21.54	--	50	107700	卖盘
14:00:39	21.54	--	34	73236	卖盘
14:00:30	21.54	-0.01	2	4308	卖盘
14:00:18	21.55	0.01	1	2155	卖盘
14:00:12	21.54	-0.01	24	51696	卖盘
14:00:03	21.55	--	20	43100	卖盘
13:59:42	21.55	--	12	25860	卖盘
13:59:27	21.55	--	54	116973	卖盘
13:59:24	21.55	--	5	10775	卖盘
13:59:15	21.55	--	47	101285	卖盘
13:59:12	21.55	--	30	64650	卖盘
13:59:06	21.55	-0.01	2	4310	卖盘
13:59:03	21.56	0.01	3	6468	买盘
13:58:54	21.55	--	4	8620	卖盘
13:58:27	21.55	0.02	187	402985	买盘
13:58:12	21.53	-0.01	24	51672	卖盘
13:58:06	21.54	-0.01	51	109854	中性盘
13:57:45	21.55	0.02	5	10775	买盘
13:57:12	21.53	-0.02	18	38754	卖盘
13:57:06	21.55	0.01	3	6465	买盘
13:56:54	21.54	0.01	1	2154	买盘
13:56:48	21.53	-0.01	2	4306	卖盘
13:56:42	21.54	--	3	6462	买盘
13:56:18	21.54	0.01	9	19386	买盘
13:56:12	21.53	--	13	27989	卖盘
13:55:48	21.53	-0.01	34	73202	卖盘
13:55:45	21.54	-0.01	6	12924	卖盘
13:55:18	21.55	0.01	20	43100	买盘
13:55:12	21.54	--	27	58158	卖盘
13:55:06	21.54	--	0	107	卖盘
13:55:00	21.54	--	10	21540	卖盘
13:54:54	21.54	-0.01	77	165858	中性盘
13:54:39	21.55	0.01	51	109905	买盘
13:54:33	21.54	0.01	8	17232	中性盘
13:54:27	21.53	--	5	10765	卖盘
13:54:24	21.53	--	530	1141090	卖盘
13:54:21	21.53	-0.02	1	2153	卖盘
13:54:15	21.55	0.02	10	21550	买盘
13:54:12	21.53	--	21	45213	卖盘
13:53:48	21.53	-0.03	5	10765	卖盘
13:53:45	21.56	0.03	1	2156	买盘
13:53:39	21.53	--	4	8612	卖盘
13:53:30	21.53	--	10	21530	卖盘
13:53:21	21.53	--	1	2153	卖盘
13:53:12	21.53	--	16	34448	卖盘
13:53:06	21.53	-0.01	20	43060	卖盘
13:53:03	21.54	0.01	1	2154	买盘
13:52:54	21.53	-0.01	10	21530	卖盘
13:52:48	21.54	--	4	8616	卖盘
13:52:45	21.54	-0.02	11	23694	中性盘
13:52:36	21.56	0.03	3	6468	买盘
13:52:27	21.53	-0.04	11	23683	卖盘
13:52:18	21.57	0.04	45	97065	买盘
13:52:12	21.53	-0.02	50	107650	卖盘
13:52:06	21.55	-0.02	266	574587	卖盘
13:52:03	21.57	--	44	94908	卖盘
13:52:00	21.57	--	6	12942	卖盘
13:51:51	21.57	--	2	4314	买盘
13:51:48	21.57	--	1	2157	卖盘
13:51:42	21.57	--	29	62553	买盘
13:51:30	21.57	--	1	2157	卖盘
13:51:12	21.57	--	25	53925	卖盘
13:51:03	21.57	-0.01	15	32355	卖盘
13:50:54	21.58	--	10	21580	买盘
13:50:42	21.58	--	287	619346	卖盘
13:50:36	21.58	--	4	8632	卖盘
13:50:33	21.58	-0.01	2	4316	卖盘
13:50:18	21.59	0.01	5	10795	买盘
13:50:15	21.58	--	11	23737	卖盘
13:50:12	21.58	-0.01	28	60423	卖盘
13:49:42	21.59	--	13	28067	买盘
13:49:36	21.59	--	1	2159	卖盘
13:49:27	21.59	--	29	62611	买盘
13:49:15	21.59	0.01	7	15113	买盘
13:49:12	21.58	--	96	207167	卖盘
13:49:00	21.58	--	30	64739	卖盘
13:48:57	21.58	--	5	10790	卖盘
13:48:42	21.58	-0.01	10	21580	卖盘
13:48:39	21.59	--	23	49657	买盘
13:48:33	21.59	--	1	2159	买盘
13:48:27	21.59	0.01	8	17272	买盘
13:48:24	21.58	--	50	107899	卖盘
13:48:12	21.58	-0.01	54	116531	卖盘
13:48:09	21.59	--	10	21590	买盘
13:48:06	21.59	0.01	52	112268	买盘
13:48:00	21.58	--	12	25895	卖盘
13:47:57	21.58	--	20	43160	卖盘
13:47:42	21.58	--	55	118689	卖盘
13:47:24	21.58	--	40	86320	卖盘
13:47:12	21.58	--	21	45318	卖盘
13:47:00	21.58	--	5	10790	卖盘
13:46:57	21.58	--	10	21580	卖盘
13:46:54	21.58	--	55	118689	卖盘
13:46:51	21.58	0.01	191	412177	买盘
13:46:48	21.57	--	5	10785	卖盘
13:46:45	21.57	--	63	135891	卖盘
13:46:36	21.57	--	7	15099	卖盘
13:46:27	21.57	-0.01	4	8628	卖盘
13:46:21	21.58	--	50	107899	买盘
13:46:15	21.58	0.01	5	10790	买盘
13:46:12	21.57	--	16	34512	卖盘
13:46:06	21.57	--	1	2157	卖盘
13:46:00	21.57	--	2	4314	卖盘
13:45:45	21.57	--	10	21570	卖盘
13:45:33	21.57	-0.02	3	6471	卖盘
13:45:30	21.59	0.01	25	53975	买盘
13:45:24	21.58	--	2	4316	买盘
13:45:18	21.58	--	4	8632	卖盘
13:45:12	21.58	-0.01	29	62581	卖盘
13:44:54	21.59	--	4	8636	买盘
13:44:45	21.59	--	17	36703	买盘
13:44:36	21.59	0.01	20	43180	买盘
13:44:15	21.58	0.01	7	15105	买盘
13:44:12	21.57	-0.01	27	58239	卖盘
13:44:06	21.58	--	1	2158	卖盘
13:43:54	21.58	--	40	86320	卖盘
13:43:45	21.58	0.01	28	60423	买盘
13:43:42	21.57	-0.01	16	34512	卖盘
13:43:36	21.58	0.01	5	10790	买盘
13:43:30	21.57	--	12	25884	卖盘
13:43:27	21.57	--	20	43140	卖盘
13:43:24	21.57	--	5	10785	卖盘
13:43:12	21.57	--	20	43140	卖盘
13:42:57	21.57	--	117	252369	卖盘
13:42:51	21.57	--	1	2157	卖盘
13:42:48	21.57	0.01	1	2157	买盘
13:42:42	21.56	--	20	43120	卖盘
13:42:18	21.56	-0.01	33	71148	卖盘
13:42:15	21.57	0.01	29	62553	中性盘
13:42:12	21.56	--	33	71148	卖盘
13:42:06	21.56	-0.01	55	118580	卖盘
13:41:57	21.57	0.01	74	160416	买盘
13:41:48	21.56	--	1	2156	卖盘
13:41:42	21.56	0.01	7	15092	买盘
13:41:36	21.55	--	10	21550	卖盘
13:41:30	21.55	--	15	32325	卖盘
13:41:27	21.55	--	8	17240	卖盘
13:41:24	21.55	--	2	4310	卖盘
13:41:12	21.55	--	26	56030	卖盘
13:40:57	21.55	-0.01	12	25860	卖盘
13:40:51	21.56	--	3	6468	卖盘
13:40:48	21.56	-0.01	6	12936	卖盘
13:40:45	21.57	0.01	163	351591	买盘
13:40:21	21.56	0.01	4	8624	买盘
13:40:12	21.55	--	21	45255	卖盘
13:40:06	21.55	--	10	21550	卖盘
13:40:00	21.55	-0.02	50	107750	卖盘
13:39:51	21.57	0.01	90	194130	买盘
13:39:45	21.56	0.01	77	166012	买盘
13:39:42	21.55	0.02	99	213345	买盘
13:39:30	21.53	0.01	15	32295	中性盘
13:39:12	21.52	-0.04	15	32280	卖盘
13:38:45	21.56	0.01	10	21560	买盘
13:38:42	21.55	--	2	5667	卖盘
13:38:36	21.55	--	50	107750	卖盘
13:38:33	21.55	--	7	15085	卖盘
13:38:27	21.55	--	5	10775	卖盘
13:38:24	21.55	--	5	10775	卖盘
13:38:21	21.55	--	7	15085	卖盘
13:38:15	21.55	--	3	6465	卖盘
13:38:12	21.55	--	19	40945	卖盘
13:37:57	21.55	--	1	2155	卖盘
13:37:54	21.55	--	21	45255	卖盘
13:37:51	21.55	0.01	161	346955	买盘
13:37:42	21.54	--	165	356206	买盘
13:37:21	21.54	0.01	5	10770	买盘
13:37:15	21.53	--	3	7815	卖盘
13:37:12	21.53	-0.01	24	51672	卖盘
13:37:03	21.54	0.01	77	165858	买盘
13:36:48	21.53	--	9	19377	卖盘
13:36:45	21.53	-0.01	21	45213	卖盘
13:36:42	21.54	0.01	52	112008	买盘
13:36:39	21.53	-0.01	23	49519	卖盘
13:36:27	21.54	0.01	1	2154	买盘
13:36:21	21.53	--	1	2153	卖盘
13:36:15	21.53	--	1	2153	卖盘
13:36:12	21.53	-0.01	28	60284	卖盘
13:36:09	21.54	--	6	12924	买盘
13:35:42	21.54	--	15	32310	卖盘
13:35:39	21.54	-0.01	11	23694	卖盘
13:35:27	21.55	--	2	4310	买盘
13:35:24	21.55	0.01	5	10775	中性盘
13:35:12	21.54	-0.01	32	68928	卖盘
13:34:45	21.55	--	5	10775	中性盘
13:34:30	21.55	--	5	10775	卖盘
13:34:27	21.55	--	95	204725	买盘
13:34:18	21.55	0.01	7	15085	买盘
13:34:12	21.54	--	30	64620	卖盘
13:33:57	21.54	--	13	28002	卖盘
13:33:51	21.54	0.01	120	258480	买盘
13:33:45	21.53	--	9	19377	卖盘
13:33:30	21.53	-0.01	3	6459	卖盘
13:33:27	21.54	0.01	20	43080	买盘
13:33:12	21.53	-0.01	70	150710	卖盘
13:33:09	21.54	0.01	2	4308	买盘
13:33:06	21.53	--	2	4306	卖盘
13:32:57	21.53	--	250	538250	卖盘
13:32:45	21.53	--	2	4306	卖盘
13:32:42	21.53	-0.01	5	10765	卖盘
13:32:36	21.54	0.01	2	4308	买盘
13:32:27	21.53	-0.01	5	10765	卖盘
13:32:12	21.54	--	25	53850	买盘
13:31:57	21.54	0.01	42	90468	买盘
13:31:48	21.53	--	1	2153	卖盘
13:31:27	21.53	--	1	4112	卖盘
13:31:12	21.53	-0.01	29	63427	买盘
13:30:36	21.54	--	60	130403	卖盘
13:30:24	21.54	--	10	21540	卖盘
13:30:21	21.54	0.04	430	927210	买盘
13:30:12	21.5	-0.02	13	27950	卖盘
13:30:03	21.52	--	1	2152	卖盘
13:29:57	21.52	--	4	8608	卖盘
13:29:48	21.52	--	1	2152	卖盘
13:29:45	21.52	--	4	8608	卖盘
13:29:42	21.52	--	12	25824	卖盘
13:29:24	21.52	--	3	6456	卖盘
13:29:12	21.52	-0.01	28	60256	中性盘
13:29:06	21.53	0.03	1	2153	买盘
13:29:03	21.5	-0.03	30	64500	卖盘
13:29:00	21.53	--	15	32295	买盘
13:28:48	21.53	--	43	93741	卖盘
13:28:45	21.53	--	145	312185	卖盘
13:28:39	21.53	-0.01	5	10765	卖盘
13:28:36	21.54	0.01	10	21540	买盘
13:28:33	21.53	--	9	19377	卖盘
13:28:27	21.53	--	20	43060	卖盘
13:28:18	21.53	-0.01	225	485415	卖盘
13:28:15	21.54	--	5	10770	卖盘
13:28:12	21.54	--	32	68928	卖盘
13:28:09	21.54	-0.01	10	21540	卖盘
13:27:57	21.55	0.01	2	4310	买盘
13:27:54	21.54	--	25	53850	卖盘
13:27:51	21.54	-0.01	7	15078	卖盘
13:27:48	21.55	--	8	17240	买盘
13:27:30	21.55	--	5	10775	买盘
13:27:24	21.55	0.01	10	21550	买盘
13:27:15	21.54	0.01	6	12924	买盘
13:27:12	21.53	-0.01	26	55978	卖盘
13:27:06	21.54	--	3	6462	买盘
13:26:54	21.54	0.01	11	23694	买盘
13:26:51	21.53	--	10	21530	卖盘
13:26:45	21.53	--	153	329409	买盘
13:26:36	21.53	0.01	14	30142	买盘
13:26:30	21.52	-0.01	2	4304	中性盘
13:26:27	21.53	0.01	4	8612	买盘
13:26:24	21.52	--	10	21520	卖盘
13:26:12	21.52	--	20	43040	卖盘
13:26:03	21.52	--	10	21520	卖盘
13:26:00	21.52	0.02	160	344320	买盘
13:25:57	21.5	--	3	6450	卖盘
13:25:45	21.5	--	0	1225	卖盘
13:25:42	21.5	--	5	10750	卖盘
13:25:39	21.5	0.01	37	79550	买盘
13:25:36	21.49	--	25	53724	卖盘
13:25:30	21.49	--	18	38682	卖盘
13:25:27	21.49	--	4	8596	卖盘
13:25:15	21.49	--	30	64469	卖盘
13:25:12	21.49	--	15	32234	卖盘
13:25:06	21.49	--	32	68768	卖盘
13:24:51	21.49	--	11	23639	卖盘
13:24:42	21.49	0.01	83	180408	买盘
13:24:36	21.48	--	10	21480	卖盘
13:24:12	21.48	--	28	60144	卖盘
13:24:00	21.48	--	1	2148	卖盘
13:23:57	21.48	--	50	107400	卖盘
13:23:51	21.48	-0.01	1	2148	卖盘
13:23:48	21.49	0.01	1	2149	买盘
13:23:18	21.48	-0.01	4	8592	卖盘
13:23:15	21.49	--	21	45129	卖盘
13:23:12	21.49	--	63	135387	卖盘
13:22:57	21.49	--	15	32234	卖盘
13:22:54	21.49	--	151	324499	买盘
13:22:45	21.49	0.01	2	4298	买盘
13:22:42	21.48	--	40	85920	卖盘
13:22:39	21.48	--	10	21480	卖盘
13:22:33	21.48	--	20	42960	卖盘
13:22:12	21.48	--	18	38664	卖盘
13:21:57	21.48	--	41	88068	买盘
13:21:36	21.48	--	16	34368	卖盘
13:21:12	21.48	-0.02	14	30072	卖盘
13:21:03	21.5	--	289	621350	卖盘
13:21:00	21.5	-0.01	3	6450	卖盘
13:20:57	21.51	0.01	1	2151	买盘
13:20:54	21.5	--	10	21500	卖盘
13:20:45	21.5	--	3	6450	卖盘
13:20:36	21.5	-0.01	9	19350	卖盘
13:20:30	21.51	--	1	2151	买盘
13:20:12	21.51	--	140	301140	卖盘
13:19:51	21.51	0.01	97	208647	买盘
13:19:42	21.5	--	50	107500	卖盘
13:19:39	21.5	-0.01	3	6450	卖盘
13:19:36	21.51	--	4	8604	买盘
13:19:30	21.51	0.01	1	2151	买盘
13:19:24	21.5	--	2	4300	卖盘
13:19:21	21.5	0.02	134	288100	买盘
13:19:15	21.48	--	50	107400	卖盘
13:19:12	21.48	-0.03	76	163248	卖盘
13:18:57	21.51	0.01	30	64530	买盘
13:18:54	21.5	--	4	8600	卖盘
13:18:51	21.5	-0.01	7	15050	中性盘
13:18:27	21.51	0.03	4	8604	买盘
13:18:24	21.48	-0.02	50	107400	卖盘
13:18:18	21.5	--	6	12900	卖盘
13:18:15	21.5	--	8	17200	卖盘
13:18:12	21.5	--	17	36550	卖盘
13:18:09	21.5	--	128	275200	买盘
13:18:06	21.5	0.02	1	2150	买盘
13:17:54	21.48	--	50	107400	卖盘
13:17:48	21.48	--	12	25776	卖盘
13:17:45	21.48	--	18	38664	卖盘
13:17:12	21.48	--	32	68736	卖盘
13:17:06	21.48	--	20	42960	卖盘
13:16:54	21.48	--	112	240576	买盘
13:16:51	21.48	--	39	83772	买盘
13:16:33	21.48	--	1	2148	买盘
13:16:24	21.48	--	100	214800	买盘
13:16:21	21.48	--	14	30072	买盘
13:16:18	21.48	0.04	52	111696	买盘
13:16:12	21.44	-0.06	27	57888	卖盘
13:16:03	21.5	--	8	17200	买盘
13:15:57	21.5	--	1	2150	买盘
13:15:54	21.5	--	19	40850	买盘
13:15:45	21.5	--	6	12900	买盘
13:15:39	21.5	--	4	8600	买盘
13:15:21	21.5	--	5	10750	买盘
13:15:18	21.5	0.05	150	322500	买盘
13:15:12	21.45	-0.05	20	42900	卖盘
13:15:09	21.5	0.01	24	51600	买盘
13:15:00	21.49	0.04	35	75215	买盘
13:14:57	21.45	--	5	10725	卖盘
13:14:33	21.45	0.01	179	383955	买盘
13:14:24	21.44	--	37	79328	买盘
13:14:18	21.44	--	10	21440	买盘
13:14:12	21.44	--	25	53600	买盘
13:13:36	21.44	0.04	52	111488	买盘
13:13:30	21.4	--	10	21400	卖盘
13:13:12	21.4	--	29	62059	卖盘
13:13:03	21.4	-0.03	1	2140	卖盘
13:13:00	21.43	-0.01	1	2143	卖盘
13:12:54	21.44	0.01	2	4288	买盘
13:12:45	21.43	--	2	4286	卖盘
13:12:33	21.43	0.03	2	4286	买盘
13:12:30	21.4	-0.03	7	14979	卖盘
13:12:21	21.43	0.03	24	51432	买盘
13:12:12	21.4	--	23	49220	卖盘
13:12:06	21.4	--	12	25680	卖盘
13:12:00	21.4	-0.04	5	10700	卖盘
13:11:45	21.44	--	131	280864	买盘
13:11:33	21.44	0.04	52	111488	买盘
13:11:12	21.4	-0.03	17	36380	卖盘
13:11:06	21.43	0.01	50	107150	买盘
13:10:42	21.42	--	6	12852	卖盘
13:10:39	21.42	0.01	11	23562	买盘
13:10:30	21.41	--	8	17128	卖盘
13:10:15	21.41	0.03	13	27833	买盘
13:10:12	21.38	-0.03	32	68416	卖盘
13:09:39	21.41	--	5	10705	买盘
13:09:27	21.41	--	16	34256	卖盘
13:09:15	21.41	0.02	10	21410	买盘
13:09:12	21.39	-0.01	26	55614	中性盘
13:08:51	21.4	-0.01	5	10700	卖盘
13:08:33	21.41	--	2	4282	买盘
13:08:12	21.41	0.02	120	256920	买盘
13:07:54	21.39	0.01	9	19251	中性盘
13:07:42	21.38	-0.02	10	21380	卖盘
13:07:27	21.4	0.02	3	6420	买盘
13:07:12	21.38	-0.01	35	74830	卖盘
13:06:51	21.39	0.03	26	55614	买盘
13:06:33	21.36	0.01	3	6408	中性盘
13:06:24	21.35	--	5	10675	卖盘
13:06:18	21.35	--	36	76860	卖盘
13:06:12	21.35	-0.03	29	61915	卖盘
13:05:48	21.38	0.03	10	21380	买盘
13:05:39	21.35	--	2	4270	卖盘
13:05:33	21.35	-0.01	5	10675	卖盘
13:05:27	21.36	0.01	26	55536	买盘
13:05:21	21.35	-0.01	5	10675	卖盘
13:05:18	21.36	0.01	6	12816	买盘
13:05:15	21.35	--	25	53375	卖盘
13:05:12	21.35	--	13	27755	卖盘
13:04:57	21.35	--	10	21350	卖盘
13:04:33	21.35	0.02	10	21350	中性盘
13:04:12	21.33	-0.02	27	57590	卖盘
13:04:06	21.35	-0.01	52	111020	卖盘
13:04:00	21.36	0.01	32	68352	买盘
13:03:36	21.35	--	6	12810	卖盘
13:03:33	21.35	--	6	12810	卖盘
13:03:24	21.35	--	6	12810	卖盘
13:03:12	21.35	--	21	44835	卖盘
13:03:06	21.35	--	5	10675	卖盘
13:03:03	21.35	--	24	51240	买盘
13:03:00	21.35	--	2	4270	买盘
13:02:45	21.35	-0.01	33	70455	卖盘
13:02:42	21.36	--	2	4272	买盘
13:02:15	21.36	0.01	11	23496	买盘
13:02:12	21.35	-0.01	19	40565	卖盘
13:01:36	21.36	0.01	1	2136	卖盘
13:01:24	21.35	--	5	10675	卖盘
13:01:12	21.35	--	30	64050	卖盘
13:01:00	21.35	--	5	10675	卖盘
13:00:30	21.35	--	60	128100	买盘
13:00:09	21.35	0.07	1	2135	买盘
13:00:06	21.28	-0.07	665	1415120	卖盘
13:00:03	21.35	--	0	0	买盘
11:30:03	21.35	--	0	0	买盘
11:29:48	21.35	--	3	6405	卖盘
11:29:33	21.35	--	2	4270	卖盘
11:29:21	21.35	0.05	5	10675	买盘
11:29:15	21.3	-0.03	400	852000	卖盘
11:29:12	21.33	-0.02	15	31994	卖盘
11:29:09	21.35	--	12	25620	买盘
11:28:54	21.35	--	1	2135	买盘
11:28:51	21.35	--	82	175070	卖盘
11:28:12	21.35	-0.02	29	61915	卖盘
11:28:09	21.37	--	2	4274	买盘
11:27:51	21.37	0.02	10	21370	买盘
11:27:42	21.35	--	10	21350	卖盘
11:27:33	21.35	0.02	20	42700	买盘
11:27:27	21.33	--	15	31994	卖盘
11:27:24	21.33	0.01	6	12797	买盘
11:27:15	21.32	-0.01	5	10660	中性盘
11:27:12	21.33	--	38	81054	买盘
11:27:06	21.33	--	104	221831	买盘
11:26:42	21.33	--	10	21330	买盘
11:26:39	21.33	0.02	2	4266	买盘
11:26:36	21.31	--	9	19179	卖盘
11:26:24	21.31	--	19	40489	买盘
11:26:18	21.31	0.01	25	53275	买盘
11:26:12	21.3	-0.01	18	38340	卖盘
11:26:09	21.31	--	66	140646	买盘
11:26:06	21.31	0.01	1	2131	买盘
11:26:03	21.3	-0.01	29	61770	卖盘
11:25:57	21.31	0.01	2	4262	买盘
11:25:54	21.3	--	5	10650	卖盘
11:25:45	21.3	--	3	7305	买盘
11:25:33	21.3	--	1	2130	买盘
11:25:30	21.3	--	35	74550	买盘
11:25:27	21.3	--	12	25560	买盘
11:25:18	21.3	0.01	20	42600	买盘
11:25:12	21.29	-0.01	28	59612	卖盘
11:25:09	21.3	--	3	6390	买盘
11:24:51	21.3	--	12	25560	买盘
11:24:48	21.3	0.01	6	12780	买盘
11:24:42	21.29	-0.01	60	127740	卖盘
11:24:39	21.3	--	10	21300	买盘
11:24:33	21.3	--	21	44730	买盘
11:24:21	21.3	--	35	74550	买盘
11:24:15	21.3	0.01	11	23430	买盘
11:24:12	21.29	-0.01	28	59612	卖盘
11:24:09	21.3	--	1	2130	买盘
11:24:03	21.3	--	2	4260	买盘
11:23:45	21.3	--	14	29820	买盘
11:23:42	21.3	--	51	108630	买盘
11:23:36	21.3	--	50	106500	买盘
11:23:27	21.3	--	13	27690	买盘
11:23:21	21.3	0.03	2	4260	买盘
11:23:12	21.27	-0.02	34	72318	卖盘
11:23:06	21.29	--	5	10645	买盘
11:23:03	21.29	0.01	35	74515	买盘
11:23:00	21.28	--	8	17024	买盘
11:22:57	21.28	--	64	138277	卖盘
11:22:54	21.28	-0.01	4	8512	卖盘
11:22:45	21.29	0.01	8	17032	买盘
11:22:42	21.28	--	16	34048	卖盘
11:22:36	21.28	--	1	2128	卖盘
11:22:33	21.28	--	0	42	买盘
11:22:30	21.28	-0.01	6	14853	卖盘
11:22:27	21.29	--	1	2129	买盘
11:22:24	21.29	--	54	115008	买盘
11:22:18	21.29	--	10	21290	买盘
11:22:12	21.29	--	34	72386	卖盘
11:22:09	21.29	-0.01	39	83031	卖盘
11:22:03	21.3	--	10	21300	买盘
11:21:57	21.3	-0.03	909	1937384	卖盘
11:21:54	21.33	0.02	7	14930	买盘
11:21:45	21.31	-0.02	50	106550	卖盘
11:21:39	21.33	--	3	6398	买盘
11:21:33	21.33	0.01	2	4266	买盘
11:21:30	21.32	-0.01	44	93808	卖盘
11:21:27	21.33	--	3	6398	买盘
11:21:24	21.33	--	4	8532	买盘
11:21:18	21.33	--	14	29861	买盘
11:21:15	21.33	--	20	42660	卖盘
11:21:12	21.33	--	19	40527	卖盘
11:21:09	21.33	--	5	10665	卖盘
11:21:03	21.33	--	16	34128	卖盘
11:20:21	21.33	--	1	2133	卖盘
11:20:18	21.33	--	5	10665	卖盘
11:20:12	21.33	--	15	31994	卖盘
11:20:09	21.33	--	45	95984	卖盘
11:20:06	21.33	--	1	2133	卖盘
11:20:03	21.33	--	23	49058	卖盘
11:19:54	21.33	-0.02	40	85320	卖盘
11:19:33	21.35	0.03	3	6405	买盘
11:19:18	21.32	-0.01	23	49036	卖盘
11:19:12	21.33	-0.04	58	123713	卖盘
11:19:06	21.37	--	2	4274	买盘
11:19:03	21.37	--	3	6411	买盘
11:18:54	21.37	--	1	3461	卖盘
11:18:48	21.37	--	70	149590	卖盘
11:18:45	21.37	--	10	21370	卖盘
11:18:42	21.37	--	28	59836	卖盘
11:18:15	21.37	--	30	64110	卖盘
11:18:12	21.37	-0.01	33	70521	卖盘
11:18:03	21.38	-0.01	5	10690	卖盘
11:18:00	21.39	--	3	6417	买盘
11:17:51	21.39	--	5	10695	买盘
11:17:42	21.39	0.01	1	2139	中性盘
11:17:27	21.38	-0.02	6	12828	卖盘
11:17:24	21.4	0.03	13	27819	买盘
11:17:15	21.37	--	39	83343	卖盘
11:17:12	21.37	--	27	57699	卖盘
11:16:51	21.37	-0.03	123	263663	卖盘
11:16:45	21.4	--	5	10700	买盘
11:16:42	21.4	--	10	21400	买盘
11:16:33	21.4	0.03	159	340260	买盘
11:16:21	21.37	0.01	4	8548	中性盘
11:16:12	21.36	--	31	66216	卖盘
11:16:00	21.36	--	26	55536	卖盘
11:15:33	21.36	0.03	1	2136	买盘
11:15:30	21.33	-0.03	58	123713	卖盘
11:15:24	21.36	--	11	24414	卖盘
11:15:15	21.36	0.01	6	12816	买盘
11:15:12	21.35	-0.01	25	53375	卖盘
11:15:03	21.36	--	4	8544	卖盘
11:14:54	21.36	0.01	9	19224	中性盘
11:14:51	21.35	-0.04	16	34160	卖盘
11:14:48	21.39	0.04	2	4278	买盘
11:14:42	21.35	-0.04	11	23485	卖盘
11:14:39	21.39	0.06	2	4278	中性盘
11:14:12	21.33	0.03	19	40527	中性盘
11:13:42	21.3	--	17	36827	买盘
11:13:39	21.3	--	147	314622	卖盘
11:13:30	21.3	--	12	26177	买盘
11:13:27	21.3	--	7	14910	买盘
11:13:24	21.3	0.03	21	44730	买盘
11:13:21	21.27	-0.03	4	8508	卖盘
11:13:18	21.3	--	20	42600	买盘
11:13:15	21.3	0.02	8	17040	买盘
11:13:12	21.28	-0.02	36	76608	卖盘
11:13:09	21.3	--	22	46860	买盘
11:13:06	21.3	--	2	4260	买盘
11:12:57	21.3	--	52	110760	买盘
11:12:54	21.3	--	50	106500	买盘
11:12:51	21.3	-0.07	639	1362582	卖盘
11:12:48	21.37	-0.02	278	594086	卖盘
11:12:30	21.39	-0.02	15	32085	卖盘
11:12:27	21.41	--	4	8564	买盘
11:12:24	21.41	0.01	4	8564	买盘
11:12:18	21.4	0.01	2	4280	卖盘
11:12:12	21.39	-0.02	57	121923	卖盘
11:12:06	21.41	0.01	10	21410	买盘
11:11:54	21.4	-0.01	5	10700	中性盘
11:11:51	21.41	--	46	98486	买盘
11:11:39	21.41	0.02	5	10705	买盘
11:11:36	21.39	0.01	4	8556	中性盘
11:11:24	21.38	-0.01	5	10690	卖盘
11:11:21	21.39	--	4	8556	买盘
11:11:18	21.39	--	4	8556	卖盘
11:11:15	21.39	--	5	10695	中性盘
11:11:12	21.39	--	30	64170	卖盘
11:11:09	21.39	-0.01	1	2139	卖盘
11:11:03	21.4	--	10	21400	买盘
11:10:57	21.4	0.01	2	4280	买盘
11:10:33	21.39	-0.01	2	4278	卖盘
11:10:30	21.4	--	3	6420	买盘
11:10:12	21.4	0.01	52	111279	买盘
11:10:09	21.39	-0.01	3	6417	卖盘
11:09:48	21.4	-0.01	2	4280	中性盘
11:09:27	21.41	--	1	2141	买盘
11:09:18	21.41	--	5	10705	买盘
11:09:15	21.41	0.02	3	6423	买盘
11:09:12	21.39	-0.02	18	38502	卖盘
11:09:09	21.41	--	1	2141	买盘
11:09:06	21.41	0.01	13	27833	买盘
11:09:03	21.4	--	1	2140	卖盘
11:08:57	21.4	-0.01	5	10700	卖盘
11:08:54	21.41	0.01	4	8564	买盘
11:08:51	21.4	--	5	10700	卖盘
11:08:45	21.4	--	5	10700	卖盘
11:08:33	21.4	--	40	85600	卖盘
11:08:24	21.4	--	10	21400	卖盘
11:08:15	21.4	--	10	21400	卖盘
11:08:12	21.4	--	20	42800	卖盘
11:08:03	21.4	-0.01	10	21400	卖盘
11:07:57	21.41	0.01	5	10705	买盘
11:07:51	21.4	--	11	23540	卖盘
11:07:39	21.4	0.01	10	21400	买盘
11:07:27	21.39	0.01	8	17112	买盘
11:07:24	21.38	--	5	10690	卖盘
11:07:21	21.38	--	10	21380	卖盘
11:07:18	21.38	-0.01	10	21380	卖盘
11:07:12	21.39	0.01	29	62031	中性盘
11:06:54	21.38	-0.03	55	117867	卖盘
11:06:48	21.41	0.02	25	53525	买盘
11:06:33	21.39	-0.01	9	19251	卖盘
11:06:27	21.4	0.01	10	21400	买盘
11:06:24	21.39	-0.01	9	19251	卖盘
11:06:21	21.4	0.01	2	4280	买盘
11:06:12	21.39	-0.01	16	34224	卖盘
11:06:09	21.4	0.01	1	2140	买盘
11:06:03	21.39	-0.01	17	36363	卖盘
11:05:54	21.4	--	13	27819	买盘
11:05:51	21.4	--	1	2140	买盘
11:05:48	21.4	--	5	10700	买盘
11:05:30	21.4	--	100	214000	买盘
11:05:27	21.4	0.01	7	14979	买盘
11:05:21	21.39	-0.01	10	21390	中性盘
11:05:15	21.4	--	15	32099	买盘
11:05:12	21.4	0.02	26	55639	买盘
11:05:09	21.38	-0.02	9	19242	卖盘
11:05:06	21.4	--	10	21400	买盘
11:04:57	21.4	0.02	31	66340	买盘
11:04:42	21.38	0.01	30	64140	买盘
11:04:36	21.37	--	23	49151	卖盘
11:04:21	21.37	0.01	36	76932	买盘
11:04:18	21.36	-0.01	20	42720	卖盘
11:04:15	21.37	0.01	40	85480	买盘
11:04:12	21.36	-0.01	23	49128	卖盘
11:04:09	21.37	0.01	8	17096	买盘
11:04:06	21.36	-0.01	100	213600	卖盘
11:04:03	21.37	--	72	153864	买盘
11:03:57	21.37	--	20	42740	买盘
11:03:51	21.37	0.01	1	2137	买盘
11:03:48	21.36	-0.01	15	32040	卖盘
11:03:45	21.37	--	9	19233	买盘
11:03:42	21.37	--	34	72658	卖盘
11:03:39	21.37	--	29	61973	卖盘
11:03:36	21.37	-0.01	11	23507	卖盘
11:03:33	21.38	--	3	6414	买盘
11:03:21	21.38	--	10	21380	买盘
11:03:18	21.38	--	8	17104	卖盘
11:03:12	21.38	-0.01	13	27794	卖盘
11:03:06	21.39	-0.01	10	21390	中性盘
11:02:51	21.4	0.02	20	42800	买盘
11:02:48	21.38	-0.02	51	109038	卖盘
11:02:36	21.4	--	38	83417	卖盘
11:02:33	21.4	--	45	96300	卖盘
11:02:27	21.4	--	129	276060	卖盘
11:02:12	21.4	-0.01	25	53500	卖盘
11:02:06	21.41	0.01	70	149870	买盘
11:02:00	21.4	--	27	57779	卖盘
11:01:48	21.4	-0.04	150	321000	卖盘
11:01:45	21.44	0.03	13	27872	买盘
11:01:33	21.41	-0.03	100	214100	卖盘
11:01:30	21.44	0.02	3	6432	买盘
11:01:27	21.42	--	10	21420	卖盘
11:01:12	21.42	-0.01	17	36414	卖盘
11:01:09	21.43	--	60	128580	卖盘
11:01:06	21.43	--	10	21430	卖盘
11:00:57	21.43	--	10	21430	卖盘
11:00:48	21.43	0.01	21	45045	买盘
11:00:45	21.42	-0.01	5	10710	卖盘
11:00:24	21.43	--	37	81391	卖盘
11:00:18	21.43	--	7	15001	卖盘
11:00:15	21.43	--	10	21430	卖盘
11:00:12	21.43	-0.01	29	62147	卖盘
11:00:09	21.44	--	2	4288	买盘
11:00:06	21.44	0.01	4	8576	买盘
10:59:57	21.43	-0.01	8	17144	卖盘
10:59:54	21.44	--	10	21440	买盘
10:59:42	21.44	0.01	3	6432	买盘
10:59:39	21.43	-0.01	2	4286	卖盘
10:59:36	21.44	0.01	13	27872	买盘
10:59:15	21.43	--	23	49289	卖盘
10:59:12	21.43	--	16	34288	卖盘
10:58:57	21.43	--	5	10715	卖盘
10:58:48	21.43	--	1	2143	卖盘
10:58:33	21.43	-0.01	5	10715	卖盘
10:58:27	21.44	0.01	1	2144	中性盘
10:58:24	21.43	--	21	45003	卖盘
10:58:15	21.43	--	53	113579	卖盘
10:58:12	21.43	-0.01	22	47146	卖盘
10:58:00	21.44	--	10	21440	买盘
10:57:57	21.44	--	1	2144	买盘
10:57:54	21.44	-0.01	12	25728	卖盘
10:57:39	21.45	0.02	10	21450	中性盘
10:57:21	21.43	--	8	17144	卖盘
10:57:12	21.43	-0.02	29	62147	卖盘
10:57:06	21.45	0.02	1	2187	买盘
10:57:00	21.43	-0.02	2	4286	卖盘
10:56:39	21.45	0.01	7	15015	买盘
10:56:36	21.44	-0.02	43	94293	卖盘
10:56:27	21.46	--	10	21460	买盘
10:56:24	21.46	--	3	6438	买盘
10:56:15	21.46	0.02	5	10730	买盘
10:56:12	21.44	-0.01	16	34304	卖盘
10:56:06	21.45	-0.01	3	6435	卖盘
10:55:57	21.46	0.01	14	30044	买盘
10:55:42	21.45	0.01	7	15015	买盘
10:55:33	21.44	-0.01	8	17152	卖盘
10:55:30	21.45	--	1	2145	买盘
10:55:15	21.45	0.01	7	15015	买盘
10:55:12	21.44	-0.01	12	25728	卖盘
10:55:00	21.45	--	1	2145	买盘
10:54:57	21.45	-0.01	23	49335	卖盘
10:54:48	21.46	--	5	10730	买盘
10:54:45	21.46	0.02	5	10730	买盘
10:54:12	21.44	--	28	60032	卖盘
10:54:09	21.44	--	19	40736	卖盘
10:54:03	21.44	--	3	6474	买盘
10:54:00	21.44	--	10	21440	买盘
10:53:54	21.44	--	25	53600	买盘
10:53:48	21.44	--	9	19296	买盘
10:53:39	21.44	0.01	13	27872	卖盘
10:53:33	21.43	-0.01	23	49289	卖盘
10:53:12	21.44	--	31	66464	卖盘
10:53:00	21.44	--	3	6432	卖盘
10:52:51	21.44	0.01	16	34304	中性盘
10:52:36	21.43	--	29	62147	卖盘
10:52:24	21.43	--	40	85720	买盘
10:52:21	21.43	--	6	12858	买盘
10:52:18	21.43	0.01	10	21430	买盘
10:52:12	21.42	-0.01	13	27846	卖盘
10:52:06	21.43	--	13	27859	买盘
10:51:54	21.43	0.02	8	17144	买盘
10:51:36	21.41	-0.01	10	21410	卖盘
10:51:30	21.42	-0.01	17	36414	卖盘
10:51:24	21.43	0.01	10	21430	买盘
10:51:21	21.42	--	8	17136	卖盘
10:51:18	21.42	--	10	21420	卖盘
10:51:12	21.42	--	28	59976	卖盘
10:51:06	21.42	-0.01	21	44982	卖盘
10:51:03	21.43	0.01	146	312878	买盘
10:50:48	21.42	-0.01	16	34272	卖盘
10:50:45	21.43	--	20	42860	买盘
10:50:39	21.43	--	1	2143	买盘
10:50:36	21.43	-0.02	114	244302	卖盘
10:50:33	21.45	0.02	2	4290	买盘
10:50:27	21.43	-0.02	3	6429	卖盘
10:50:24	21.45	0.02	2	4290	买盘
10:50:15	21.43	-0.01	30	64290	卖盘
10:50:12	21.44	--	20	42880	卖盘
10:50:09	21.44	--	5	10720	卖盘
10:50:00	21.44	-0.01	50	107200	卖盘
10:49:54	21.45	0.01	106	227370	买盘
10:49:48	21.44	-0.01	5	10720	卖盘
10:49:39	21.45	--	1	2145	买盘
10:49:36	21.45	--	20	42900	买盘
10:49:21	21.45	-0.01	9	19305	卖盘
10:49:18	21.46	--	5	10730	买盘
10:49:12	21.46	--	25	53650	买盘
10:49:06	21.46	--	2	4292	买盘
10:48:51	21.46	--	6	12876	买盘
10:48:48	21.46	0.01	4	8584	买盘
10:48:45	21.45	-0.01	1	2145	中性盘
10:48:39	21.46	0.02	1	2146	买盘
10:48:36	21.44	0.01	25	53600	卖盘
10:48:12	21.43	-0.03	27	57861	卖盘
10:48:09	21.46	--	1	2146	买盘
10:48:06	21.46	0.03	5	10730	买盘
10:47:54	21.43	--	31	66433	买盘
10:47:51	21.43	--	1	2143	买盘
10:47:36	21.43	--	1	2143	买盘
10:47:30	21.43	--	20	42860	买盘
10:47:24	21.43	--	8	17144	买盘
10:47:12	21.43	0.02	38	81434	买盘
10:47:09	21.41	-0.02	11	23551	中性盘
10:46:42	21.43	--	24	51432	买盘
10:46:39	21.43	0.03	5	10715	买盘
10:46:36	21.4	--	20	42800	卖盘
10:46:27	21.4	--	9	19260	卖盘
10:46:21	21.4	-0.02	237	507179	卖盘
10:46:18	21.42	--	1	2142	卖盘
10:46:15	21.42	0.02	19	40698	买盘
10:46:12	21.4	-0.01	31	66340	卖盘
10:46:09	21.41	--	2	4282	买盘
10:46:06	21.41	--	5	10705	买盘
10:46:03	21.41	-0.02	60	128460	卖盘
10:45:57	21.43	0.02	50	107150	买盘
10:45:54	21.41	-0.02	100	214100	卖盘
10:45:51	21.43	--	78	167154	卖盘
10:45:33	21.43	-0.02	20	42860	卖盘
10:45:30	21.45	-0.01	8	17160	中性盘
10:45:21	21.46	0.03	1	2146	买盘
10:45:15	21.43	-0.02	10	21430	卖盘
10:45:12	21.45	-0.01	31	66495	卖盘
10:45:09	21.46	--	2	4292	买盘
10:45:06	21.46	--	2	4292	买盘
10:45:03	21.46	--	31	66526	卖盘
10:45:00	21.46	--	11	23606	卖盘
10:44:57	21.46	-0.02	35	75110	卖盘
10:44:42	21.48	--	21	45108	卖盘
10:44:33	21.48	--	32	68736	卖盘
10:44:12	21.48	-0.01	25	53700	卖盘
10:44:06	21.49	--	2	4298	买盘
10:44:00	21.49	-0.01	16	34384	卖盘
10:43:39	21.5	--	1	2150	买盘
10:43:33	21.5	--	2	4300	买盘
10:43:18	21.5	--	3	6450	买盘
10:43:12	21.5	--	163	352449	卖盘
10:43:09	21.5	--	21	45150	卖盘
10:43:06	21.5	-0.01	5	10750	卖盘
10:42:57	21.51	--	6	12906	买盘
10:42:54	21.51	--	100	215100	买盘
10:42:51	21.51	0.01	1	2151	买盘
10:42:48	21.5	--	13	27950	卖盘
10:42:45	21.5	-0.01	3	6450	卖盘
10:42:33	21.51	0.01	1	2151	买盘
10:42:27	21.5	-0.01	9	19350	卖盘
10:42:24	21.51	0.01	60	129060	买盘
10:42:18	21.5	--	85	182750	卖盘
10:42:12	21.5	--	23	49450	卖盘
10:42:09	21.5	-0.01	10	21500	卖盘
10:42:06	21.51	--	1	2151	买盘
10:42:03	21.51	0.01	41	88191	买盘
10:41:57	21.5	-0.01	13	27950	卖盘
10:41:51	21.51	--	1	2151	买盘
10:41:48	21.51	--	10	21510	买盘
10:41:33	21.51	--	1	2151	买盘
10:41:30	21.51	--	2	4302	买盘
10:41:24	21.51	-0.01	19	42202	卖盘
10:41:18	21.52	0.01	2	4304	卖盘
10:41:15	21.51	0.01	8	18025	买盘
10:41:12	21.5	-0.01	77	165550	卖盘
10:41:09	21.51	-0.02	31	68014	卖盘
10:41:06	21.53	0.01	1	2153	买盘
10:41:00	21.52	--	126	271152	买盘
10:40:42	21.52	-0.01	10	21520	中性盘
10:40:24	21.53	--	1	2153	买盘
10:40:15	21.53	--	10	21530	买盘
10:40:12	21.53	--	37	79661	买盘
10:40:03	21.53	0.01	5	10765	买盘
10:39:54	21.52	-0.01	67	144184	卖盘
10:39:18	21.53	--	4	8612	买盘
10:39:12	21.53	--	46	99038	买盘
10:39:00	21.53	--	20	43060	买盘
10:38:57	21.53	--	3	6459	买盘
10:38:45	21.53	-0.01	4	8612	卖盘
10:38:39	21.54	--	9	19386	买盘
10:38:33	21.54	0.02	12	25848	买盘
10:38:15	21.52	-0.01	23	49496	卖盘
10:38:12	21.53	0.01	36	78304	买盘
10:37:33	21.52	-0.01	5	10760	中性盘
10:37:21	21.53	--	10	21530	买盘
10:37:18	21.53	--	3	6459	买盘
10:37:15	21.53	0.02	10	21530	买盘
10:37:12	21.51	-0.01	25	53775	卖盘
10:37:06	21.52	0.01	9	19368	中性盘
10:36:42	21.51	--	51	109701	卖盘
10:36:27	21.51	--	5	10755	卖盘
10:36:12	21.51	-0.01	18	38718	卖盘
10:35:57	21.52	0.01	3	6456	中性盘
10:35:45	21.51	--	5	10755	卖盘
10:35:42	21.51	-0.01	2	4302	卖盘
10:35:39	21.52	0.01	80	172160	买盘
10:35:36	21.51	--	5	10755	卖盘
10:35:30	21.51	--	10	21510	卖盘
10:35:12	21.51	--	13	27963	卖盘
10:35:09	21.51	--	5	10755	卖盘
10:35:06	21.51	--	20	43020	卖盘
10:35:00	21.51	-0.01	10	21510	卖盘
10:34:57	21.52	0.01	10	21520	中性盘
10:34:45	21.51	-0.02	53	114024	卖盘
10:34:36	21.53	0.01	10	21530	买盘
10:34:27	21.52	--	6	12912	卖盘
10:34:21	21.52	-0.01	25	53800	卖盘
10:34:18	21.53	--	3	6459	买盘
10:34:15	21.53	0.01	3	6459	买盘
10:34:12	21.52	-0.01	27	58104	卖盘
10:34:06	21.53	--	24	53028	卖盘
10:34:03	21.53	-0.01	4	8612	卖盘
10:34:00	21.54	0.01	2	5104	买盘
10:33:54	21.53	-0.01	5	10765	卖盘
10:33:30	21.54	--	23	49542	卖盘
10:33:27	21.54	-0.01	20	43080	卖盘
10:33:18	21.55	-0.02	29	62495	卖盘
10:33:15	21.57	0.02	9	19413	买盘
10:33:12	21.55	-0.02	31	66805	卖盘
10:33:06	21.57	0.02	5	10785	买盘
10:33:03	21.55	-0.01	49	105595	卖盘
10:33:00	21.56	-0.01	5	10780	中性盘
10:32:48	21.57	--	9	19413	卖盘
10:32:33	21.57	--	1	2157	卖盘
10:32:30	21.57	0.01	5	10785	买盘
10:32:27	21.56	--	7	15092	卖盘
10:32:12	21.56	-0.01	25	53900	卖盘
10:32:06	21.57	--	100	215700	买盘
10:32:03	21.57	--	3	6471	买盘
10:31:57	21.57	0.01	5	10785	买盘
10:31:30	21.56	0.01	5	10780	中性盘
10:31:18	21.55	--	0	1961	买盘
10:31:15	21.55	--	3	6465	买盘
10:31:12	21.55	--	74	159470	买盘
10:31:09	21.55	--	1	2155	买盘
10:31:06	21.55	--	1	2155	买盘
10:30:57	21.55	--	10	21550	买盘
10:30:51	21.55	0.01	23	49565	买盘
10:30:45	21.54	-0.01	5	10770	卖盘
10:30:33	21.55	--	10	21550	买盘
10:30:30	21.55	0.01	1	2155	买盘
10:30:24	21.54	--	14	30156	卖盘
10:30:12	21.54	--	24	51696	卖盘
10:30:09	21.54	-0.01	11	23694	卖盘
10:30:00	21.55	--	18	38790	买盘
10:29:51	21.55	-0.02	51	110098	卖盘
10:29:42	21.57	0.02	2	4314	中性盘
10:29:27	21.55	-0.03	4	8620	卖盘
10:29:21	21.58	--	2	4316	买盘
10:29:18	21.58	--	44	97088	卖盘
10:29:12	21.58	-0.02	18	38844	卖盘
10:28:54	21.6	-0.03	11	23760	卖盘
10:28:33	21.63	0.03	1	2163	买盘
10:28:30	21.6	-0.03	1	2160	卖盘
10:28:18	21.63	--	5	10815	卖盘
10:28:12	21.63	--	32	69216	卖盘
10:28:09	21.63	--	5	10815	卖盘
10:28:06	21.63	--	10	21630	卖盘
10:27:54	21.63	--	112	242256	买盘
10:27:39	21.63	0.04	121	261723	买盘
10:27:36	21.59	-0.02	48	103632	卖盘
10:27:33	21.61	--	32	69152	卖盘
10:27:27	21.61	0.01	95	205295	买盘
10:27:21	21.6	--	12	25920	买盘
10:27:18	21.6	--	6	12960	卖盘
10:27:12	21.6	--	35	75600	买盘
10:27:09	21.6	--	3	6480	中性盘
10:27:06	21.6	--	3	6480	买盘
10:26:57	21.6	--	67	144720	买盘
10:26:45	21.6	--	20	43200	买盘
10:26:39	21.6	0.01	2	4320	买盘
10:26:30	21.59	--	17	36703	买盘
10:26:27	21.59	--	2	4318	买盘
10:26:24	21.59	--	58	125222	买盘
10:26:18	21.59	0.01	41	88540	买盘
10:26:12	21.58	-0.01	20	43160	卖盘
10:26:06	21.59	0.02	23	49657	买盘
10:25:51	21.57	0.03	148	321198	买盘
10:25:42	21.54	--	10	21540	买盘
10:25:39	21.54	0.01	15	32310	买盘
10:25:36	21.53	-0.01	32	68896	卖盘
10:25:27	21.54	--	5	10770	买盘
10:25:18	21.54	0.01	5	10770	买盘
10:25:12	21.53	-0.01	16	34448	卖盘
10:25:09	21.54	--	5	10770	买盘
10:25:00	21.54	--	8	17232	买盘
10:24:54	21.54	--	8	17232	买盘
10:24:51	21.54	--	20	43080	买盘
10:24:48	21.54	--	11	23694	买盘
10:24:39	21.54	--	3	6462	买盘
10:24:33	21.54	0.01	4	8616	买盘
10:24:24	21.53	--	3	6459	卖盘
10:24:12	21.53	--	29	62437	卖盘
10:23:57	21.53	--	2	5662	买盘
10:23:54	21.53	--	1	2949	卖盘
10:23:48	21.53	--	6	12918	卖盘
10:23:45	21.53	0.01	8	18580	买盘
10:23:39	21.52	-0.01	6	12912	卖盘
10:23:36	21.53	--	75	161475	买盘
10:23:30	21.53	0.01	15	32295	买盘
10:23:15	21.52	--	6	12912	卖盘
10:23:12	21.52	-0.01	13	27976	卖盘
10:23:09	21.53	--	5	10765	买盘
10:23:00	21.53	0.01	1	2153	买盘
10:22:51	21.52	--	1	2152	卖盘
10:22:45	21.52	-0.01	1	2152	卖盘
10:22:39	21.53	--	4	8612	买盘
10:22:30	21.53	--	23	50315	卖盘
10:22:27	21.53	--	8	17224	卖盘
10:22:12	21.53	--	28	60284	卖盘
10:22:09	21.53	--	2	4306	卖盘
10:22:00	21.53	-0.01	6	12918	卖盘
10:21:57	21.54	0.01	2	4308	买盘
10:21:45	21.53	-0.01	8	17224	卖盘
10:21:42	21.54	--	11	23694	卖盘
10:21:33	21.54	--	1	2154	卖盘
10:21:30	21.54	0.01	7	15078	买盘
10:21:27	21.53	-0.01	1	2153	卖盘
10:21:21	21.54	0.01	5	10770	买盘
10:21:12	21.53	-0.01	22	47366	卖盘
10:21:06	21.54	--	10	21540	卖盘
10:21:03	21.54	-0.01	76	163704	卖盘
10:20:54	21.55	--	1	2155	买盘
10:20:51	21.55	0.01	1	2155	买盘
10:20:45	21.54	--	13	28002	卖盘
10:20:39	21.54	--	3	6462	买盘
10:20:33	21.54	--	7	15078	卖盘
10:20:27	21.54	--	5	10770	卖盘
10:20:24	21.54	--	7	15078	卖盘
10:20:18	21.54	--	10	21540	卖盘
10:20:12	21.54	--	16	34464	卖盘
10:20:09	21.54	--	58	124932	卖盘
10:19:54	21.54	-0.01	1	2154	卖盘
10:19:51	21.55	0.01	41	88355	买盘
10:19:45	21.54	--	4	8616	卖盘
10:19:42	21.54	--	10	21540	卖盘
10:19:27	21.54	--	3	6462	卖盘
10:19:24	21.54	--	1	2154	卖盘
10:19:12	21.54	--	30	64620	卖盘
10:19:06	21.54	-0.01	93	200322	卖盘
10:19:03	21.55	--	13	28015	卖盘
10:18:48	21.55	-0.01	1	2155	卖盘
10:18:39	21.56	-0.01	14	30184	卖盘
10:18:12	21.57	-0.02	24	51768	卖盘
10:18:09	21.59	-0.01	17	36703	卖盘
10:18:00	21.6	0.01	9	19440	买盘
10:17:57	21.59	--	47	101473	卖盘
10:17:51	21.59	--	20	43180	卖盘
10:17:48	21.59	--	40	86360	卖盘
10:17:42	21.59	-0.01	1	2159	卖盘
10:17:39	21.6	--	28	60480	买盘
10:17:36	21.6	-0.02	30	64800	卖盘
10:17:30	21.62	0.01	15	32430	买盘
10:17:24	21.61	0.01	4	8644	买盘
10:17:18	21.6	-0.01	28	60480	卖盘
10:17:15	21.61	0.01	6	12966	买盘
10:17:12	21.6	-0.02	29	62640	卖盘
10:17:09	21.62	0.01	34	73508	买盘
10:17:00	21.61	-0.01	12	25932	卖盘
10:16:54	21.62	--	34	73508	买盘
10:16:51	21.62	0.01	6	12972	买盘
10:16:45	21.61	--	1	2161	卖盘
10:16:42	21.61	--	40	86440	卖盘
10:16:36	21.61	0.01	69	149109	买盘
10:16:33	21.6	--	1	2160	卖盘
10:16:30	21.6	--	2	4320	卖盘
10:16:24	21.6	--	8	17280	卖盘
10:16:12	21.6	--	23	49680	卖盘
10:16:03	21.6	--	1	2160	卖盘
10:16:00	21.6	0.01	25	54000	买盘
10:15:54	21.59	-0.01	30	64770	卖盘
10:15:24	21.6	0.01	83	179280	中性盘
10:15:15	21.59	-0.01	13	28067	卖盘
10:15:12	21.6	--	22	47520	买盘
10:15:09	21.6	0.01	40	86400	买盘
10:15:03	21.59	--	11	23749	卖盘
10:14:54	21.59	-0.01	13	28067	卖盘
10:14:51	21.6	--	10	21600	买盘
10:14:48	21.6	0.01	8	17280	买盘
10:14:39	21.59	--	3	6477	卖盘
10:14:30	21.59	--	24	51816	买盘
10:14:18	21.59	0.03	3	6477	买盘
10:14:12	21.56	-0.01	21	45276	卖盘
10:14:03	21.57	--	5	10785	买盘
10:14:00	21.57	--	2	4314	买盘
10:13:57	21.57	-0.02	8	17256	卖盘
10:13:42	21.59	0.02	1	2159	买盘
10:13:36	21.57	--	5	10785	卖盘
10:13:27	21.57	0.01	2	4314	卖盘
10:13:21	21.56	--	3	6468	卖盘
10:13:12	21.56	--	16	34496	卖盘
10:12:57	21.56	-0.03	4	8624	卖盘
10:12:51	21.59	0.03	24	51816	买盘
10:12:39	21.56	-0.03	14	30184	卖盘
10:12:27	21.59	--	10	21590	中性盘
10:12:12	21.59	--	40	86360	卖盘
10:12:09	21.59	--	7	15113	卖盘
10:12:00	21.59	--	20	43180	卖盘
10:11:57	21.59	--	3	6477	买盘
10:11:51	21.59	--	1	2159	买盘
10:11:48	21.59	-0.01	6	12954	中性盘
10:11:39	21.6	0.05	20	43200	买盘
10:11:33	21.55	-0.05	494	1064570	卖盘
10:11:21	21.6	0.03	12	25920	买盘
10:11:18	21.57	-0.03	90	194130	卖盘
10:11:15	21.6	0.02	30	64800	买盘
10:11:12	21.58	-0.02	24	51791	卖盘
10:11:06	21.6	--	66	142560	卖盘
10:11:00	21.6	--	5	10800	卖盘
10:10:57	21.6	--	41	88560	卖盘
10:10:54	21.6	--	21	45360	卖盘
10:10:51	21.6	--	8	17280	卖盘
10:10:45	21.6	--	2	4320	卖盘
10:10:42	21.6	--	4	8640	卖盘
10:10:39	21.6	--	5	10800	卖盘
10:10:36	21.6	--	7	15120	卖盘
10:10:33	21.6	--	3	6480	卖盘
10:10:30	21.6	-0.01	2	4320	卖盘
10:10:27	21.61	0.01	24	51864	买盘
10:10:21	21.6	--	10	21600	卖盘
10:10:18	21.6	-0.01	20	43200	卖盘
10:10:15	21.61	0.01	2	4322	买盘
10:10:12	21.6	-0.02	33	71280	卖盘
10:10:03	21.62	--	4	8648	买盘
10:10:00	21.62	--	3	6486	买盘
10:09:51	21.62	--	50	108100	买盘
10:09:45	21.62	--	28	60536	买盘
10:09:42	21.62	-0.01	5	10810	卖盘
10:09:39	21.63	--	12	25956	买盘
10:09:36	21.63	0.01	3	6489	买盘
10:09:33	21.62	0.01	5	10810	中性盘
10:09:21	21.61	-0.03	13	28093	卖盘
10:09:12	21.64	0.03	44	95216	买盘
10:09:09	21.61	--	5	10805	卖盘
10:09:06	21.61	-0.03	5	10805	中性盘
10:08:57	21.64	0.04	10	21640	买盘
10:08:51	21.6	-0.05	7	15120	卖盘
10:08:39	21.65	0.01	25	54125	买盘
10:08:36	21.64	--	3	6492	买盘
10:08:30	21.64	-0.01	8	17312	卖盘
10:08:27	21.65	0.01	11	23815	买盘
10:08:24	21.64	--	50	108200	买盘
10:08:21	21.64	--	30	64920	买盘
10:08:15	21.64	--	5	10820	买盘
10:08:12	21.64	--	31	67084	买盘
10:08:09	21.64	0.04	1	2164	中性盘
10:07:51	21.6	--	5	10800	卖盘
10:07:39	21.6	--	134	289440	买盘
10:07:36	21.6	--	6	12960	买盘
10:07:24	21.6	0.01	8	17280	买盘
10:07:18	21.59	--	1	2159	卖盘
10:07:15	21.59	--	39	84201	买盘
10:07:12	21.59	0.01	22	47498	买盘
10:07:03	21.58	--	31	66898	买盘
10:07:00	21.58	--	16	34528	买盘
10:06:48	21.58	0.01	2	4316	买盘
10:06:36	21.57	--	3	6471	买盘
10:06:30	21.57	0.02	5	10785	买盘
10:06:18	21.55	--	10	21550	卖盘
10:06:15	21.55	--	55	118525	买盘
10:06:12	21.55	--	30	64650	买盘
10:06:09	21.55	--	12	25860	买盘
10:06:06	21.55	--	10	21550	买盘
10:06:03	21.55	--	10	21550	买盘
10:06:00	21.55	--	10	21550	买盘
10:05:57	21.55	0.02	5	10775	买盘
10:05:48	21.53	-0.02	54	116262	卖盘
10:05:42	21.55	0.01	4	8620	买盘
10:05:39	21.54	0.01	8	17232	买盘
10:05:36	21.53	--	1	2153	卖盘
10:05:27	21.53	--	16	35804	买盘
10:05:21	21.53	--	6	12918	买盘
10:05:15	21.53	--	7	15071	买盘
10:05:12	21.53	0.01	42	90426	买盘
10:05:06	21.52	--	1	2152	卖盘
10:05:03	21.52	-0.01	4	8608	卖盘
10:04:51	21.53	0.01	1	2153	买盘
10:04:48	21.52	-0.01	5	10760	卖盘
10:04:36	21.53	0.01	22	47366	买盘
10:04:33	21.52	-0.01	3	6456	卖盘
10:04:30	21.53	0.01	5	10765	买盘
10:04:27	21.52	-0.01	8	17216	卖盘
10:04:15	21.53	0.01	26	55978	买盘
10:04:12	21.52	--	14	30128	卖盘
10:04:03	21.52	0.01	41	88232	买盘
10:04:00	21.51	0.01	1	2151	中性盘
10:03:39	21.5	--	5	10750	卖盘
10:03:36	21.5	--	13	27950	卖盘
10:03:27	21.5	--	51	109650	卖盘
10:03:18	21.5	-0.02	20	43000	卖盘
10:03:12	21.52	0.02	38	81776	买盘
10:03:09	21.5	-0.01	100	215000	卖盘
10:03:03	21.51	--	5	10755	买盘
10:03:00	21.51	--	1	2151	中性盘
10:02:57	21.51	--	1	2151	卖盘
10:02:54	21.51	--	10	21510	卖盘
10:02:51	21.51	-0.01	1	2151	卖盘
10:02:42	21.52	0.01	4	8608	买盘
10:02:39	21.51	0.01	12	25812	卖盘
10:02:27	21.5	-0.01	10	21500	卖盘
10:02:21	21.51	0.01	6	12906	中性盘
10:02:15	21.5	--	77	165550	卖盘
10:02:12	21.5	-0.02	22	47300	卖盘
10:02:09	21.52	0.02	8	17366	买盘
10:02:06	21.5	--	20	43000	卖盘
10:02:00	21.5	--	5	10750	卖盘
10:01:57	21.5	-0.01	4	8600	卖盘
10:01:48	21.51	--	3	6453	买盘
10:01:45	21.51	--	2	4302	买盘
10:01:42	21.51	--	5	10755	买盘
10:01:39	21.51	0.01	20	43020	买盘
10:01:27	21.5	-0.01	6	12900	卖盘
10:01:21	21.51	--	11	23661	买盘
10:01:18	21.51	0.01	2	4302	买盘
10:01:12	21.5	-0.02	27	58050	卖盘
10:01:03	21.52	--	2	4304	买盘
10:01:00	21.52	--	5	10760	买盘
10:00:48	21.52	--	3	6456	买盘
10:00:42	21.52	--	2	4304	卖盘
10:00:39	21.52	--	8	17216	买盘
10:00:30	21.52	--	23	49496	卖盘
10:00:27	21.52	--	1	2152	卖盘
10:00:24	21.52	--	100	215200	卖盘
10:00:12	21.52	-0.01	21	45192	卖盘
10:00:06	21.53	--	4	8612	买盘
09:59:51	21.53	0.01	2	4306	买盘
09:59:39	21.52	--	4	8608	卖盘
09:59:36	21.52	-0.01	13	27976	卖盘
09:59:33	21.53	0.01	2	4306	买盘
09:59:12	21.52	--	14	30128	卖盘
09:59:03	21.52	--	2	4304	卖盘
09:58:54	21.52	0.01	8	17216	买盘
09:58:51	21.51	-0.01	1	2151	卖盘
09:58:48	21.52	--	6	12912	买盘
09:58:42	21.52	--	4	8608	买盘
09:58:39	21.52	0.01	25	53800	买盘
09:58:27	21.51	--	75	161325	卖盘
09:58:24	21.51	--	3	6453	卖盘
09:58:12	21.51	--	436	937836	买盘
09:58:09	21.51	--	8	17208	买盘
09:57:57	21.51	--	7	15057	买盘
09:57:54	21.51	--	10	21510	买盘
09:57:51	21.51	--	5	10755	买盘
09:57:48	21.51	--	56	120456	卖盘
09:57:45	21.51	-0.02	10	21510	卖盘
09:57:42	21.53	0.02	500	1076500	买盘
09:57:39	21.51	-0.01	4	8604	卖盘
09:57:36	21.52	0.01	35	75320	买盘
09:57:33	21.51	-0.01	8	17208	卖盘
09:57:27	21.52	0.01	5	10760	买盘
09:57:21	21.51	-0.01	5	10755	卖盘
09:57:12	21.52	0.01	16	34432	买盘
09:57:06	21.51	--	1	2151	卖盘
09:57:03	21.51	-0.01	2	4302	卖盘
09:57:00	21.52	0.01	1	2152	买盘
09:56:57	21.51	0.01	24	51624	买盘
09:56:48	21.5	--	91	197370	买盘
09:56:45	21.5	0.01	5	10750	买盘
09:56:39	21.49	-0.01	1	2149	卖盘
09:56:27	21.5	0.01	3	6450	买盘
09:56:12	21.49	--	33	70917	卖盘
09:56:09	21.49	0.02	204	438395	买盘
09:56:06	21.47	-0.01	10	21470	卖盘
09:56:00	21.48	--	53	114273	卖盘
09:55:54	21.48	--	5	10740	卖盘
09:55:51	21.48	--	4	8592	卖盘
09:55:48	21.48	--	1	2148	卖盘
09:55:45	21.48	--	52	113414	买盘
09:55:36	21.48	0.01	13	27924	买盘
09:55:24	21.47	-0.01	3	6441	中性盘
09:55:18	21.48	0.04	101	216948	买盘
09:55:12	21.44	-0.04	21	46739	卖盘
09:55:09	21.48	-0.01	6	13747	卖盘
09:55:06	21.49	0.01	35	75215	买盘
09:54:57	21.48	--	6	12888	卖盘
09:54:54	21.48	--	16	34368	卖盘
09:54:51	21.48	--	160	344968	买盘
09:54:36	21.48	--	45	97519	卖盘
09:54:30	21.48	--	7	15036	卖盘
09:54:24	21.48	--	27	59284	卖盘
09:54:21	21.48	0.02	51	109548	买盘
09:54:18	21.46	--	20	42920	卖盘
09:54:12	21.46	--	16	34336	卖盘
09:54:09	21.46	--	1	2146	卖盘
09:53:57	21.46	--	1	2146	卖盘
09:53:54	21.46	0.01	50	107729	买盘
09:53:51	21.45	0.01	9	19305	买盘
09:53:45	21.44	-0.01	26	55744	卖盘
09:53:42	21.45	--	6	12870	卖盘
09:53:39	21.45	-0.01	3	6435	中性盘
09:53:36	21.46	0.01	99	212454	买盘
09:53:33	21.45	--	20	42900	买盘
09:53:27	21.45	--	6	12870	买盘
09:53:24	21.45	--	11	25311	卖盘
09:53:18	21.45	--	6	12870	卖盘
09:53:12	21.45	--	20	42900	卖盘
09:53:06	21.45	-0.02	12	25740	卖盘
09:53:03	21.47	0.01	294	631647	买盘
09:52:48	21.46	-0.01	25	53650	卖盘
09:52:27	21.47	--	4	8588	买盘
09:52:21	21.47	-0.01	23	51098	卖盘
09:52:18	21.48	0.01	21	45108	买盘
09:52:12	21.47	--	14	30058	卖盘
09:52:09	21.47	-0.01	39	83733	卖盘
09:52:06	21.48	--	2	4296	卖盘
09:52:03	21.48	0.01	7	15036	买盘
09:52:00	21.47	--	48	103056	卖盘
09:51:57	21.47	--	35	75574	买盘
09:51:54	21.47	--	0	1717	卖盘
09:51:45	21.47	--	1	2147	卖盘
09:51:42	21.47	--	224	480928	卖盘
09:51:39	21.47	-0.03	10	21470	卖盘
09:51:27	21.5	0.03	99	212850	买盘
09:51:21	21.47	-0.03	6	12882	卖盘
09:51:15	21.5	0.03	2	4300	买盘
09:51:12	21.47	-0.01	29	62263	卖盘
09:51:09	21.48	-0.02	54	115992	卖盘
09:51:06	21.5	--	10	21500	卖盘
09:51:03	21.5	0.02	45	96750	买盘
09:50:48	21.48	--	13	27924	买盘
09:50:42	21.48	0.01	56	120288	买盘
09:50:36	21.47	-0.01	1	2147	卖盘
09:50:33	21.48	0.01	18	38664	买盘
09:50:27	21.47	--	63	135261	卖盘
09:50:24	21.47	--	35	75145	卖盘
09:50:18	21.47	--	2	4294	卖盘
09:50:12	21.47	-0.01	23	49381	卖盘
09:50:09	21.48	0.01	2	4296	买盘
09:50:06	21.47	--	1	2147	卖盘
09:49:57	21.47	-0.01	44	94897	卖盘
09:49:54	21.48	0.01	1	2148	买盘
09:49:51	21.47	-0.01	5	10735	卖盘
09:49:48	21.48	0.01	3	6444	买盘
09:49:33	21.47	-0.01	2	4294	卖盘
09:49:30	21.48	0.04	15	32220	买盘
09:49:27	21.44	-0.03	48	102912	卖盘
09:49:21	21.47	0.03	3	6441	买盘
09:49:12	21.44	-0.04	17	36448	卖盘
09:49:06	21.48	--	1	2148	卖盘
09:49:03	21.48	0.01	18	38664	买盘
09:49:00	21.47	--	10	21470	买盘
09:48:57	21.47	--	131	281257	卖盘
09:48:54	21.47	--	1	2147	卖盘
09:48:45	21.47	0.01	65	139555	买盘
09:48:39	21.46	--	5	10730	卖盘
09:48:36	21.46	-0.01	5	10730	中性盘
09:48:27	21.47	0.02	467	1002649	买盘
09:48:24	21.45	--	41	87945	买盘
09:48:15	21.45	0.01	32	68640	中性盘
09:48:09	21.44	-0.01	33	70752	卖盘
09:48:06	21.45	-0.02	15	32175	卖盘
09:48:03	21.47	0.02	5	10735	买盘
09:48:00	21.45	--	10	21450	卖盘
09:47:54	21.45	-0.02	10	21450	卖盘
09:47:51	21.47	--	7	15029	卖盘
09:47:36	21.47	--	10	21470	卖盘
09:47:33	21.47	--	85	182495	买盘
09:47:24	21.47	0.02	56	120232	买盘
09:47:21	21.45	-0.02	5	10725	卖盘
09:47:18	21.47	0.02	10	21470	买盘
09:47:12	21.45	-0.02	26	55770	卖盘
09:47:09	21.47	--	99	212553	买盘
09:47:06	21.47	--	8	17176	卖盘
09:46:48	21.47	--	46	98762	卖盘
09:46:45	21.47	--	20	42940	卖盘
09:46:36	21.47	--	2	4294	卖盘
09:46:30	21.47	--	1	2147	卖盘
09:46:27	21.47	0.01	27	57969	买盘
09:46:18	21.46	--	3	6438	卖盘
09:46:12	21.46	--	20	42920	卖盘
09:46:09	21.46	-0.01	7	15022	卖盘
09:46:06	21.47	--	6	12882	买盘
09:46:00	21.47	-0.01	17	36499	卖盘
09:45:57	21.48	--	12	25776	卖盘
09:45:51	21.48	-0.01	57	122436	卖盘
09:45:39	21.49	--	39	83811	卖盘
09:45:36	21.49	--	14	30085	卖盘
09:45:27	21.49	--	6	12893	卖盘
09:45:21	21.49	-0.02	18	38682	卖盘
09:45:12	21.51	0.01	2	4302	买盘
09:45:09	21.5	--	51	109650	卖盘
09:44:54	21.5	-0.03	50	107500	卖盘
09:44:48	21.53	--	5	10765	买盘
09:44:42	21.53	--	111	238983	卖盘
09:44:39	21.53	-0.01	10	21530	卖盘
09:44:33	21.54	0.01	54	116316	买盘
09:44:30	21.53	--	10	21530	卖盘
09:44:27	21.53	-0.01	35	75355	卖盘
09:44:21	21.54	0.01	30	64620	买盘
09:44:18	21.53	-0.01	200	430600	卖盘
09:44:15	21.54	0.01	10	21540	买盘
09:44:09	21.53	-0.02	44	94732	卖盘
09:44:06	21.55	0.02	3	6465	买盘
09:44:03	21.53	-0.02	33	71049	卖盘
09:44:00	21.55	0.01	32	68960	买盘
09:43:54	21.54	--	4	8616	买盘
09:43:51	21.54	--	51	109854	卖盘
09:43:45	21.54	0.01	8	17232	买盘
09:43:42	21.53	--	7	15071	卖盘
09:43:39	21.53	--	40	86120	卖盘
09:43:36	21.53	--	1	2153	卖盘
09:43:33	21.53	--	59	127027	买盘
09:43:30	21.53	--	2	4306	买盘
09:43:27	21.53	0.03	3	6459	买盘
09:43:24	21.5	-0.03	56	120400	卖盘
09:43:21	21.53	-0.01	21	45213	卖盘
09:43:15	21.54	0.01	20	43080	中性盘
09:43:09	21.53	--	43	92579	卖盘
09:43:00	21.53	0.02	48	103344	买盘
09:42:51	21.51	--	5	10755	卖盘
09:42:42	21.51	--	8	17208	买盘
09:42:39	21.51	--	15	32265	卖盘
09:42:36	21.51	--	8	17208	买盘
09:42:33	21.51	0.01	41	88191	买盘
09:42:30	21.5	-0.01	11	23650	卖盘
09:42:27	21.51	0.01	11	23661	买盘
09:42:21	21.5	--	37	79550	卖盘
09:42:09	21.5	-0.01	17	36550	中性盘
09:42:03	21.51	0.01	21	45171	买盘
09:42:00	21.5	--	5	10750	买盘
09:41:54	21.5	--	7	15050	买盘
09:41:51	21.5	--	25	53750	买盘
09:41:45	21.5	0.01	29	62350	买盘
09:41:39	21.49	-0.01	7	15042	中性盘
09:41:30	21.5	0.01	91	195650	买盘
09:41:24	21.49	--	2	4298	买盘
09:41:21	21.49	--	1	2149	买盘
09:41:15	21.49	0.06	52	111747	买盘
09:41:09	21.43	-0.06	31	66433	卖盘
09:41:06	21.49	0.07	5	10745	买盘
09:40:48	21.42	--	157	336294	买盘
09:40:45	21.42	--	12	25704	买盘
09:40:42	21.42	--	28	59976	买盘
09:40:39	21.42	--	32	68544	买盘
09:40:33	21.42	--	26	55692	买盘
09:40:30	21.42	-0.04	71	152082	卖盘
09:40:27	21.46	0.04	15	32190	卖盘
09:40:24	21.42	0.02	20	42840	卖盘
09:40:15	21.4	-0.07	12	25680	卖盘
09:40:12	21.47	0.05	29	62263	买盘
09:40:09	21.42	--	26	55692	卖盘
09:40:06	21.42	--	5	10710	卖盘
09:40:00	21.42	0.02	1	2142	中性盘
09:39:54	21.4	--	16	34240	买盘
09:39:51	21.4	0.01	1	2140	中性盘
09:39:48	21.39	-0.01	136	290904	卖盘
09:39:39	21.4	0.01	37	79180	买盘
09:39:36	21.39	--	17	36363	买盘
09:39:33	21.39	0.01	25	53475	买盘
09:39:30	21.38	-0.01	22	47036	中性盘
09:39:21	21.39	--	25	53475	买盘
09:39:18	21.39	0.03	6	12834	中性盘
09:39:15	21.36	-0.04	133	284088	卖盘
09:39:09	21.4	--	10	21400	买盘
09:39:06	21.4	-0.02	7	14979	买盘
09:39:00	21.42	0.02	28	59976	买盘
09:38:57	21.4	-0.03	200	428000	卖盘
09:38:54	21.43	0.01	15	32145	买盘
09:38:51	21.42	-0.01	1	2142	卖盘
09:38:48	21.43	--	15	32145	买盘
09:38:42	21.43	--	5	10715	卖盘
09:38:36	21.43	-0.02	20	42860	卖盘
09:38:33	21.45	-0.02	3	6435	卖盘
09:38:27	21.47	-0.01	42	90174	买盘
09:38:21	21.48	-0.01	8	17184	卖盘
09:38:18	21.49	--	111	238538	卖盘
09:38:15	21.49	--	3	6446	卖盘
09:38:12	21.49	-0.01	5	10745	卖盘
09:38:03	21.5	--	71	152650	卖盘
09:37:57	21.5	--	13	27950	卖盘
09:37:54	21.5	--	26	55900	卖盘
09:37:51	21.5	--	4	8600	卖盘
09:37:48	21.5	--	3	6450	卖盘
09:37:42	21.5	-0.01	24	51600	卖盘
09:37:33	21.51	-0.01	10	21510	卖盘
09:37:30	21.52	-0.01	5	12481	卖盘
09:37:27	21.53	--	10	21530	买盘
09:37:21	21.53	--	7	15071	卖盘
09:37:18	21.53	--	14	30142	卖盘
09:37:06	21.53	--	5	10765	卖盘
09:37:03	21.53	--	1	2153	卖盘
09:36:51	21.53	-0.02	15	32295	卖盘
09:36:42	21.55	--	32	68960	卖盘
09:36:39	21.55	--	5	10775	卖盘
09:36:33	21.55	--	50	107750	卖盘
09:36:21	21.55	--	10	21550	卖盘
09:36:15	21.55	--	10	21550	卖盘
09:36:09	21.55	-0.02	69	148695	卖盘
09:36:06	21.57	--	14	30198	卖盘
09:36:03	21.57	0.02	18	38826	买盘
09:35:54	21.55	--	100	215500	卖盘
09:35:48	21.55	--	3	6465	卖盘
09:35:45	21.55	--	8	17240	卖盘
09:35:39	21.55	--	5	10775	卖盘
09:35:36	21.55	--	2	4310	卖盘
09:35:33	21.55	0.01	23	49565	买盘
09:35:30	21.54	0.01	10	21540	买盘
09:35:27	21.53	-0.01	5	10765	卖盘
09:35:21	21.54	-0.01	5	10770	中性盘
09:35:12	21.55	--	1	2155	买盘
09:35:09	21.55	0.02	7	15085	买盘
09:35:06	21.53	-0.06	7	15071	卖盘
09:34:51	21.59	-0.01	39	84201	买盘
09:34:36	21.6	--	43	92880	买盘
09:34:33	21.6	0.01	17	36720	买盘
09:34:30	21.59	-0.01	36	77724	中性盘
09:34:24	21.6	--	20	43200	买盘
09:34:21	21.6	--	90	194400	卖盘
09:34:15	21.6	--	19	41040	卖盘
09:34:06	21.6	--	50	108000	卖盘
09:34:03	21.6	0.02	53	114480	买盘
09:33:57	21.58	--	5	10790	买盘
09:33:42	21.58	0.03	51	110057	中性盘
09:33:24	21.55	0.02	31	66805	买盘
09:33:21	21.53	--	8	17224	卖盘
09:33:12	21.53	--	4	8612	卖盘
09:33:06	21.53	0.01	2	4306	买盘
09:33:00	21.52	--	15	32280	卖盘
09:32:51	21.52	--	10	21520	卖盘
09:32:48	21.52	--	20	43470	卖盘
09:32:45	21.52	-0.01	13	27976	卖盘
09:32:42	21.53	--	2	4306	买盘
09:32:39	21.53	0.01	1	2153	买盘
09:32:36	21.52	-0.01	6	12912	卖盘
09:32:27	21.53	--	15	32295	买盘
09:32:21	21.53	0.01	9	19377	买盘
09:32:18	21.52	--	3	6456	卖盘
09:32:15	21.52	0.01	1	2152	买盘
09:32:12	21.51	-0.01	9	19359	中性盘
09:32:03	21.52	--	8	17216	买盘
09:31:57	21.52	--	3	6456	买盘
09:31:54	21.52	--	1	2152	买盘
09:31:51	21.52	0.03	9	19368	买盘
09:31:45	21.49	--	17	36533	卖盘
09:31:42	21.49	--	3	6446	卖盘
09:31:36	21.49	0.01	11	23639	买盘
09:31:33	21.48	--	2	4296	买盘
09:31:30	21.48	--	25	53700	买盘
09:31:27	21.48	--	1	2148	买盘
09:31:24	21.48	-0.01	2	4296	买盘
09:31:21	21.49	0.07	27	58022	买盘
09:31:18	21.42	-0.06	27	57834	卖盘
09:31:12	21.48	--	4	8592	买盘
09:31:09	21.48	0.07	3	6444	买盘
09:31:00	21.41	0.02	9	19269	中性盘
09:30:48	21.39	--	7	15315	买盘
09:30:45	21.39	--	5	10695	买盘
09:30:42	21.39	0.03	54	115506	买盘
09:30:36	21.36	-0.03	5	10680	中性盘
09:30:33	21.39	--	66	141174	买盘
09:30:27	21.39	0.03	2	4278	买盘
09:30:18	21.36	-0.03	1	2136	卖盘
09:30:15	21.39	-0.01	21	44919	买盘
09:30:12	21.4	--	58	124119	卖盘
09:30:09	21.4	0.1	7	14979	买盘
09:30:06	21.3	--	296	630480	买盘
09:30:03	21.3	21.3	28	59640	买盘
