成交时间	成交价	价格变动	成交量(手)	成交额(元)	性质
15:00:03	9.77	--	904	883208	卖盘
14:57:03	9.77	-0.01	50	48850	卖盘
14:56:57	9.78	--	20	19560	买盘
14:56:54	9.78	0.01	121	118337	买盘
14:56:51	9.77	-0.01	161	157297	卖盘
14:56:48	9.78	--	160	156480	买盘
14:56:42	9.78	--	47	45966	买盘
14:56:33	9.78	--	5	4890	买盘
14:56:27	9.78	--	175	171150	卖盘
14:56:24	9.78	--	175	171150	卖盘
14:56:21	9.78	--	264	258191	卖盘
14:56:18	9.78	--	515	503669	卖盘
14:56:12	9.78	--	16	15647	卖盘
14:56:06	9.78	-0.01	1001	978977	卖盘
14:56:03	9.79	--	33	32306	买盘
14:56:00	9.79	0.01	61	59718	买盘
14:55:57	9.78	-0.01	23	22494	卖盘
14:55:51	9.79	0.01	140	137060	买盘
14:55:48	9.78	-0.01	14	13692	卖盘
14:55:39	9.79	0.01	17	16643	买盘
14:55:30	9.78	--	21	20538	卖盘
14:55:21	9.78	--	10	9780	卖盘
14:55:15	9.78	-0.01	199	194622	卖盘
14:55:06	9.79	--	5	4895	买盘
14:55:03	9.79	0.01	10	9790	买盘
14:54:54	9.78	-0.01	2	1955	卖盘
14:54:48	9.79	--	4	3915	买盘
14:54:42	9.79	--	58	56781	买盘
14:54:39	9.79	--	40	39160	买盘
14:54:33	9.79	--	25	24474	买盘
14:54:30	9.79	0.01	10	9790	买盘
14:54:27	9.78	-0.01	40	39120	卖盘
14:54:21	9.79	--	2	1957	买盘
14:54:15	9.79	0.01	9	8811	买盘
14:54:12	9.78	-0.01	9	8802	卖盘
14:54:06	9.79	--	10	9790	买盘
14:54:03	9.79	0.01	124	121395	买盘
14:53:57	9.78	-0.01	13	12714	卖盘
14:53:54	9.79	--	8	7831	买盘
14:53:48	9.79	--	20	19580	买盘
14:53:45	9.79	--	3	2936	买盘
14:53:39	9.79	--	3	2936	买盘
14:53:36	9.79	--	54	52865	买盘
14:53:33	9.79	--	10	9790	买盘
14:53:30	9.79	--	25	24474	买盘
14:53:24	9.79	--	13	13108	卖盘
14:53:21	9.79	--	236	231043	卖盘
14:53:12	9.79	--	5	4895	卖盘
14:53:09	9.79	--	50	48949	卖盘
14:53:06	9.79	--	277	271183	卖盘
14:53:03	9.79	-0.01	22	21537	卖盘
14:53:00	9.8	0.01	33	32340	买盘
14:52:57	9.79	--	50	48949	卖盘
14:52:54	9.79	--	101	98878	卖盘
14:52:51	9.79	-0.01	10	9790	卖盘
14:52:48	9.8	0.01	2	1960	买盘
14:52:42	9.79	--	12	11747	卖盘
14:52:39	9.79	--	18	18219	卖盘
14:52:30	9.79	-0.01	500	489499	卖盘
14:52:24	9.8	0.01	31	30380	买盘
14:52:18	9.79	-0.01	32	31327	卖盘
14:52:15	9.8	--	1	980	买盘
14:52:12	9.8	0.01	49	48020	买盘
14:52:03	9.79	-0.01	10	9790	卖盘
14:52:00	9.8	--	4	3920	买盘
14:51:57	9.8	--	60	58800	买盘
14:51:48	9.8	0.01	10	9800	买盘
14:51:45	9.79	--	43	42096	卖盘
14:51:42	9.79	0.01	31	30348	买盘
14:51:39	9.78	-0.02	1	977	卖盘
14:51:36	9.8	0.01	100	98000	买盘
14:51:33	9.79	-0.01	11	10768	卖盘
14:51:30	9.8	0.01	10	9800	买盘
14:51:27	9.79	--	31	30348	卖盘
14:51:18	9.79	-0.01	81	79299	卖盘
14:51:09	9.8	0.01	10	9800	买盘
14:51:06	9.79	--	61	59718	买盘
14:51:03	9.79	--	5	4895	买盘
14:50:48	9.79	--	36	35244	买盘
14:50:45	9.79	--	90	88109	卖盘
14:50:42	9.79	--	20	19580	卖盘
14:50:36	9.79	--	15	14684	卖盘
14:50:33	9.79	--	23	22516	卖盘
14:50:30	9.79	--	65	63634	卖盘
14:50:24	9.79	-0.01	100	97899	卖盘
14:50:21	9.8	0.01	116	113680	买盘
14:50:12	9.79	--	55	53844	卖盘
14:50:09	9.79	--	31	30348	卖盘
14:50:03	9.79	--	10	9790	卖盘
14:50:00	9.79	--	26	25453	卖盘
14:49:54	9.79	-0.01	24	23495	卖盘
14:49:51	9.8	0.01	25	24500	买盘
14:49:45	9.79	-0.01	26	25453	卖盘
14:49:33	9.8	0.01	28	27440	买盘
14:49:30	9.79	0.01	50	48949	中性盘
14:49:27	9.78	-0.01	38	37164	卖盘
14:49:21	9.79	--	16	15663	卖盘
14:49:18	9.79	--	27	26432	买盘
14:49:15	9.79	0.01	30	29369	买盘
14:49:09	9.78	--	129	126161	卖盘
14:49:03	9.78	-0.01	20	19560	卖盘
14:48:57	9.79	--	31	30348	买盘
14:48:48	9.79	--	6	5873	买盘
14:48:45	9.79	--	38	37202	买盘
14:48:42	9.79	--	2	1957	买盘
14:48:39	9.79	--	3	2936	买盘
14:48:30	9.79	--	25	24474	买盘
14:48:27	9.79	--	14	13705	买盘
14:48:15	9.79	0.01	36	35244	买盘
14:48:12	9.78	-0.01	10	9780	卖盘
14:48:09	9.79	--	34	33286	买盘
14:48:03	9.79	--	4	3915	买盘
14:47:57	9.79	--	11	10768	买盘
14:47:51	9.79	--	6	5873	买盘
14:47:48	9.79	--	20	19580	买盘
14:47:27	9.79	0.01	2	1957	买盘
14:46:57	9.78	-0.01	48	46944	卖盘
14:46:54	9.79	--	4	3915	买盘
14:46:45	9.79	--	10	9790	买盘
14:46:42	9.79	--	82	80278	买盘
14:46:33	9.79	--	15	14684	买盘
14:46:21	9.79	--	3	2936	买盘
14:46:12	9.79	0.01	11	10768	买盘
14:46:09	9.78	-0.01	132	129095	卖盘
14:46:03	9.79	0.01	30	29369	买盘
14:45:57	9.78	-0.01	22	21516	卖盘
14:45:51	9.79	--	10	9790	买盘
14:45:48	9.79	--	4	3915	买盘
14:45:39	9.79	--	10	9790	买盘
14:45:36	9.79	0.01	1	978	买盘
14:45:33	9.78	-0.01	10	9780	卖盘
14:45:30	9.79	0.01	88	86151	买盘
14:45:09	9.78	--	10	9780	卖盘
14:45:03	9.78	--	2	1955	卖盘
14:45:00	9.78	--	20	19560	卖盘
14:44:33	9.78	-0.01	20	19560	卖盘
14:44:24	9.79	0.01	1	978	买盘
14:44:03	9.78	-0.01	135	132030	卖盘
14:43:45	9.79	--	50	48949	买盘
14:43:42	9.79	--	38	37202	买盘
14:43:30	9.79	--	231	226148	卖盘
14:43:27	9.79	--	25	24474	卖盘
14:43:21	9.79	--	29	28390	卖盘
14:43:15	9.79	--	7	6852	卖盘
14:43:09	9.79	--	57	55802	买盘
14:43:03	9.79	0.01	30	29369	买盘
14:42:57	9.78	--	100	97800	卖盘
14:42:45	9.78	--	142	138876	买盘
14:42:42	9.78	--	5	4890	买盘
14:42:39	9.78	--	1	977	买盘
14:42:33	9.78	--	10	9780	买盘
14:42:30	9.78	0.01	5	4890	买盘
14:42:27	9.77	-0.01	5	4885	卖盘
14:42:18	9.78	--	32	31295	买盘
14:42:06	9.78	--	3	2934	买盘
14:42:03	9.78	--	30	29339	买盘
14:41:57	9.78	--	1	977	买盘
14:41:51	9.78	0.01	3	2934	买盘
14:41:39	9.77	-0.01	250	244250	卖盘
14:41:36	9.78	--	117	114425	买盘
14:41:33	9.78	--	50	48900	买盘
14:41:27	9.78	--	10	9780	买盘
14:41:24	9.78	--	3	2934	买盘
14:41:18	9.78	--	200	195600	买盘
14:41:09	9.78	--	9	8802	买盘
14:41:00	9.78	--	33	32273	卖盘
14:40:51	9.78	--	31	30317	卖盘
14:40:48	9.78	-0.01	19	18582	卖盘
14:40:42	9.79	0.01	27	26432	买盘
14:40:33	9.78	-0.01	4	3911	中性盘
14:40:27	9.79	0.01	56	54823	买盘
14:40:24	9.78	0.01	45	44010	买盘
14:40:21	9.77	-0.01	2	1954	卖盘
14:40:06	9.78	--	20	19560	买盘
14:40:03	9.78	--	66	64547	卖盘
14:40:00	9.78	--	34	33252	买盘
14:39:51	9.78	--	20	19560	卖盘
14:39:48	9.78	--	5	4890	卖盘
14:39:45	9.78	-0.01	21	20538	卖盘
14:39:42	9.79	0.01	79	77341	买盘
14:39:39	9.78	-0.01	4	3911	卖盘
14:39:24	9.79	--	46	45033	买盘
14:39:06	9.79	--	7	6852	买盘
14:39:00	9.79	0.01	118	115521	买盘
14:38:42	9.78	--	69	67482	卖盘
14:38:39	9.78	--	24	23472	卖盘
14:38:27	9.78	--	200	195600	卖盘
14:38:24	9.78	-0.01	412	402936	卖盘
14:38:21	9.79	--	16	15663	买盘
14:38:15	9.79	--	39	38181	卖盘
14:38:12	9.79	-0.01	42	41118	卖盘
14:37:45	9.8	0.01	4	3920	买盘
14:37:27	9.79	-0.01	140	137060	卖盘
14:37:21	9.8	0.02	210	205800	买盘
14:37:12	9.78	-0.02	10	9780	卖盘
14:37:06	9.8	0.02	500	490000	买盘
14:37:00	9.78	-0.01	10	9780	卖盘
14:36:57	9.79	--	100	97899	买盘
14:36:54	9.79	--	55	53844	卖盘
14:36:51	9.79	0.01	45	44054	买盘
14:36:45	9.78	-0.01	30	29339	卖盘
14:36:39	9.79	--	12	12717	买盘
14:36:27	9.79	0.01	78	76362	买盘
14:36:24	9.78	-0.01	15	14669	卖盘
14:36:21	9.79	--	60	58739	买盘
14:36:18	9.79	--	46	45033	买盘
14:36:15	9.79	--	20	19580	买盘
14:36:06	9.79	--	54	52865	买盘
14:36:00	9.79	-0.01	740	724469	卖盘
14:35:51	9.8	--	35	34300	卖盘
14:35:48	9.8	0.01	15	14700	中性盘
14:35:27	9.79	-0.01	61	59718	卖盘
14:35:15	9.8	--	127	124460	买盘
14:35:12	9.8	--	200	196000	买盘
14:35:03	9.8	0.01	50	49000	买盘
14:35:00	9.79	--	100	97899	卖盘
14:34:57	9.79	--	308	301532	卖盘
14:34:48	9.79	--	10	9790	卖盘
14:34:33	9.79	-0.01	44	43075	卖盘
14:34:30	9.8	0.01	20	19600	买盘
14:34:27	9.79	--	9	8811	卖盘
14:34:24	9.79	-0.01	101	98878	卖盘
14:34:21	9.8	0.01	2	1960	买盘
14:34:15	9.79	--	80	78320	卖盘
14:34:06	9.79	-0.01	26	25453	卖盘
14:33:48	9.8	0.01	9	8820	买盘
14:33:42	9.79	--	5	4895	卖盘
14:33:36	9.79	--	5	4895	卖盘
14:33:33	9.79	--	33	32306	卖盘
14:33:27	9.79	0.01	217	213412	买盘
14:33:09	9.78	--	36	35208	卖盘
14:33:06	9.78	-0.01	9	8802	卖盘
14:33:03	9.79	0.01	2	1957	买盘
14:33:00	9.78	--	3	2934	卖盘
14:32:45	9.78	--	5	4890	卖盘
14:32:21	9.78	-0.01	10	9780	卖盘
14:32:06	9.79	0.01	100	97899	买盘
14:31:57	9.78	-0.01	20	19560	卖盘
14:31:54	9.79	--	4	3915	买盘
14:31:42	9.79	--	46	45151	卖盘
14:31:39	9.79	-0.01	5	4895	卖盘
14:31:36	9.8	0.01	5	4900	买盘
14:31:33	9.79	--	20	19580	卖盘
14:31:27	9.79	--	100	97899	卖盘
14:31:24	9.79	-0.01	20	19580	卖盘
14:31:15	9.8	--	4	3920	买盘
14:30:51	9.8	--	30	29400	买盘
14:30:27	9.8	--	91	90042	卖盘
14:30:21	9.8	--	203	198940	卖盘
14:30:09	9.8	-0.01	50	49000	卖盘
14:30:06	9.81	0.01	1	981	买盘
14:30:03	9.8	--	31	30958	卖盘
14:30:00	9.8	--	20	19600	卖盘
14:29:57	9.8	--	40	39200	卖盘
14:29:54	9.8	--	60	58800	卖盘
14:29:48	9.8	0.01	7	7379	买盘
14:29:45	9.79	--	27	27294	买盘
14:29:42	9.79	-0.01	136	133408	卖盘
14:29:27	9.8	0.01	210	205800	买盘
14:29:24	9.79	--	4	4630	卖盘
14:29:21	9.79	-0.01	185	181114	卖盘
14:29:06	9.8	--	18	17767	卖盘
14:29:03	9.8	-0.01	5	4988	卖盘
14:29:00	9.81	0.01	30	30195	买盘
14:28:57	9.8	--	14	13935	卖盘
14:28:54	9.8	-0.01	239	234935	卖盘
14:28:51	9.81	0.01	14	13734	买盘
14:28:42	9.8	--	21	20629	卖盘
14:28:39	9.8	--	100	98000	卖盘
14:28:36	9.8	--	483	473340	卖盘
14:28:33	9.8	-0.01	53	51940	卖盘
14:28:24	9.81	0.01	10	9810	买盘
14:27:51	9.8	--	2	1960	卖盘
14:27:36	9.8	--	100	98000	卖盘
14:27:33	9.8	-0.01	21	20580	卖盘
14:27:27	9.81	--	46	45126	买盘
14:27:24	9.81	--	100	98100	买盘
14:27:18	9.81	0.01	82	80442	买盘
14:27:15	9.8	--	30	29400	卖盘
14:27:12	9.8	--	41	40180	卖盘
14:27:06	9.8	--	5	4900	卖盘
14:26:57	9.8	-0.01	9	8820	卖盘
14:26:54	9.81	--	45	44145	买盘
14:26:39	9.81	--	5	4905	买盘
14:26:12	9.81	--	1	981	买盘
14:26:09	9.81	0.01	22	21582	买盘
14:26:06	9.8	-0.01	25	24500	卖盘
14:26:03	9.81	0.01	55	53955	买盘
14:26:00	9.8	-0.01	110	107800	卖盘
14:25:54	9.81	--	10	9810	买盘
14:25:42	9.81	0.01	10	9810	买盘
14:25:33	9.8	-0.01	6	5880	卖盘
14:25:30	9.81	--	137	134397	卖盘
14:25:27	9.81	--	15	14715	卖盘
14:25:21	9.81	--	5	4905	卖盘
14:25:03	9.81	--	30	29430	卖盘
14:25:00	9.81	--	1	981	卖盘
14:24:30	9.81	-0.01	21	20601	卖盘
14:24:21	9.82	--	230	225860	买盘
14:24:09	9.82	--	42	41244	买盘
14:24:06	9.82	0.02	115	112930	买盘
14:24:00	9.8	-0.01	1000	980000	卖盘
14:23:57	9.81	--	19	18639	卖盘
14:23:51	9.81	--	66	64746	卖盘
14:23:42	9.81	--	50	49050	卖盘
14:23:39	9.81	--	8	7848	卖盘
14:23:27	9.81	--	5	4905	卖盘
14:23:24	9.81	-0.01	40	39240	卖盘
14:23:21	9.82	0.01	102	100164	买盘
14:23:12	9.81	--	111	108891	卖盘
14:23:03	9.81	--	51	50031	卖盘
14:22:42	9.81	-0.01	17	16677	卖盘
14:22:39	9.82	0.01	50	49100	买盘
14:22:36	9.81	--	1	981	卖盘
14:22:33	9.81	--	53	51993	卖盘
14:22:21	9.81	--	46	45126	卖盘
14:22:18	9.81	--	21	20601	卖盘
14:22:09	9.81	--	6	5886	卖盘
14:21:57	9.81	--	37	36297	买盘
14:21:48	9.81	--	45	44145	买盘
14:21:45	9.81	-0.01	10	9810	买盘
14:21:42	9.82	0.01	404	396728	买盘
14:21:39	9.81	0.01	10	9810	买盘
14:21:24	9.8	-0.01	10	9800	卖盘
14:21:21	9.81	--	297	291357	买盘
14:21:12	9.81	--	31	30411	买盘
14:20:54	9.81	--	10	9810	买盘
14:20:48	9.81	--	10	9810	买盘
14:20:39	9.81	--	7	6867	买盘
14:20:36	9.81	--	1	981	买盘
14:20:15	9.81	--	112	109872	买盘
14:20:12	9.81	--	32	31392	买盘
14:20:00	9.81	--	5	4905	买盘
14:19:45	9.81	--	13	12753	买盘
14:19:39	9.81	0.01	16	15696	买盘
14:19:33	9.8	--	180	176400	卖盘
14:19:30	9.8	-0.01	10	9800	卖盘
14:19:24	9.81	0.01	22	21582	买盘
14:18:54	9.8	--	9	8820	卖盘
14:18:45	9.8	--	82	80360	卖盘
14:18:24	9.8	0.01	47	46060	买盘
14:18:21	9.79	-0.01	22	21537	卖盘
14:18:12	9.8	0.01	5	4900	买盘
14:18:03	9.79	--	1	978	卖盘
14:18:00	9.79	-0.01	28	27411	卖盘
14:17:57	9.8	0.01	15	14700	买盘
14:17:54	9.79	--	103	101023	卖盘
14:17:45	9.79	--	321	314748	卖盘
14:17:36	9.79	-0.01	25	25336	卖盘
14:17:30	9.8	0.01	20	19600	买盘
14:17:27	9.79	--	637	623623	卖盘
14:17:24	9.79	--	125	123001	卖盘
14:17:15	9.79	--	58	57320	卖盘
14:17:06	9.79	-0.01	53	52572	卖盘
14:17:00	9.8	--	100	98000	买盘
14:16:57	9.8	0.01	6	5880	买盘
14:16:54	9.79	--	44	43996	卖盘
14:16:45	9.79	--	128	126007	卖盘
14:16:42	9.79	-0.01	1	978	卖盘
14:16:30	9.8	--	69	67620	买盘
14:16:27	9.8	0.01	4	4008	买盘
14:16:15	9.79	--	10	10553	卖盘
14:16:06	9.79	-0.01	34	34059	卖盘
14:15:57	9.8	--	75	73725	买盘
14:15:51	9.8	0.01	4	3920	买盘
14:15:48	9.79	--	1	978	卖盘
14:15:42	9.79	-0.01	100	97899	卖盘
14:15:27	9.8	0.01	33	32340	买盘
14:14:57	9.79	--	1	978	卖盘
14:14:09	9.79	-0.01	1	978	卖盘
14:14:00	9.8	--	13	12740	买盘
14:13:42	9.8	0.01	5	4900	买盘
14:13:30	9.79	--	20	19580	卖盘
14:13:18	9.79	--	1	978	卖盘
14:13:15	9.79	--	7	6852	卖盘
14:13:06	9.79	-0.01	10	9790	卖盘
14:13:00	9.8	--	11	10780	买盘
14:12:48	9.8	--	50	49000	买盘
14:12:39	9.8	--	14	13720	买盘
14:12:36	9.8	-0.01	395	387100	卖盘
14:12:30	9.81	0.01	1	981	买盘
14:12:27	9.8	--	18	17640	卖盘
14:12:24	9.8	-0.01	1	980	卖盘
14:12:06	9.81	--	41	40221	卖盘
14:12:03	9.81	--	156	153036	买盘
14:11:51	9.81	--	1	981	买盘
14:11:42	9.81	-0.01	36	35316	卖盘
14:11:39	9.82	--	2	1964	买盘
14:11:36	9.82	0.01	7	6874	买盘
14:11:24	9.81	--	6	5886	卖盘
14:11:12	9.81	--	401	393381	买盘
14:11:09	9.81	--	5	4905	买盘
14:11:03	9.81	0.01	4	3924	买盘
14:10:48	9.8	--	1	980	卖盘
14:10:45	9.8	--	70	68600	卖盘
14:10:30	9.8	--	10	9800	卖盘
14:10:15	9.8	--	2	1960	卖盘
14:09:54	9.8	--	19	18620	卖盘
14:09:51	9.8	--	20	19600	卖盘
14:09:45	9.8	--	10	9800	卖盘
14:09:33	9.8	--	4	3920	卖盘
14:09:06	9.8	--	18	17640	卖盘
14:09:03	9.8	--	12	11760	卖盘
14:08:27	9.8	--	60	58800	卖盘
14:08:09	9.8	--	30	29400	卖盘
14:08:06	9.8	--	5	4900	卖盘
14:08:00	9.8	--	50	49000	卖盘
14:07:51	9.8	--	10	9800	卖盘
14:07:39	9.8	--	100	98000	卖盘
14:07:36	9.8	--	1	980	卖盘
14:07:27	9.8	0.01	79	77420	买盘
14:07:24	9.79	-0.01	1	978	卖盘
14:06:54	9.8	--	22	21560	买盘
14:06:42	9.8	--	27	26460	卖盘
14:06:33	9.8	--	51	49980	卖盘
14:06:30	9.8	--	3	2940	卖盘
14:06:21	9.8	--	2	1960	卖盘
14:06:18	9.8	--	33	32340	卖盘
14:06:03	9.8	--	15	14700	卖盘
14:05:51	9.8	--	28	27440	卖盘
14:05:42	9.8	-0.01	1	980	卖盘
14:05:27	9.81	0.01	5	4905	买盘
14:05:24	9.8	--	11	10780	买盘
14:05:18	9.8	-0.01	40	39200	卖盘
14:05:06	9.81	--	2	1962	买盘
14:05:03	9.81	0.01	4	3924	买盘
14:05:00	9.8	--	140	137200	卖盘
14:04:57	9.8	--	60	58800	卖盘
14:04:54	9.8	--	1	980	卖盘
14:04:45	9.8	--	50	49000	卖盘
14:04:42	9.8	--	40	39200	卖盘
14:04:39	9.8	--	40	39200	卖盘
14:04:30	9.8	--	80	78400	卖盘
14:04:18	9.8	--	3	2940	卖盘
14:04:03	9.8	-0.01	15	14700	卖盘
14:03:57	9.81	0.01	13	12753	买盘
14:03:48	9.8	--	2	1960	卖盘
14:03:45	9.8	--	8	7840	卖盘
14:03:42	9.8	-0.01	6	5880	卖盘
14:03:39	9.81	0.01	7	6867	买盘
14:03:33	9.8	--	50	49000	卖盘
14:03:27	9.8	--	13	12740	卖盘
14:03:18	9.8	-0.01	2	1960	卖盘
14:03:15	9.81	0.01	58	56898	买盘
14:03:09	9.8	--	21	20580	卖盘
14:02:57	9.8	-0.01	10	9800	卖盘
14:02:51	9.81	--	278	272718	卖盘
14:02:36	9.81	--	5	4905	卖盘
14:02:33	9.81	--	20	19620	卖盘
14:02:24	9.81	--	15	14715	卖盘
14:02:00	9.81	--	10	9810	卖盘
14:01:57	9.81	-0.01	20	19620	卖盘
14:01:51	9.82	0.01	6	5892	买盘
14:01:45	9.81	--	128	125568	卖盘
14:01:30	9.81	-0.01	1	981	卖盘
14:01:21	9.82	--	50	49100	买盘
14:00:54	9.82	--	50	49100	买盘
14:00:39	9.82	0.01	715	702130	买盘
14:00:30	9.81	--	26	25506	买盘
14:00:24	9.81	--	3	2943	买盘
14:00:18	9.81	--	3	2943	买盘
14:00:15	9.81	--	73	71613	卖盘
14:00:12	9.81	--	40	39240	卖盘
13:59:51	9.81	--	19	18639	买盘
13:59:48	9.81	-0.01	31	30411	中性盘
13:59:42	9.82	0.01	5	4910	买盘
13:59:39	9.81	-0.01	97	95157	卖盘
13:59:36	9.82	--	30	29460	买盘
13:59:30	9.82	--	16	15712	买盘
13:59:24	9.82	--	70	68740	买盘
13:59:18	9.82	0.01	10	9820	买盘
13:59:15	9.81	--	87	85347	卖盘
13:59:00	9.81	--	1	981	卖盘
13:58:57	9.81	--	13	12753	卖盘
13:58:51	9.81	-0.01	30	29430	卖盘
13:58:39	9.82	0.01	70	68740	买盘
13:58:36	9.81	--	20	19620	卖盘
13:58:27	9.81	-0.01	1	981	卖盘
13:58:21	9.82	--	18	17676	买盘
13:58:18	9.82	0.01	18	17676	买盘
13:58:00	9.81	--	5	4905	卖盘
13:57:57	9.81	-0.01	54	52974	卖盘
13:57:51	9.82	0.01	147	144354	买盘
13:57:45	9.81	--	10	9810	卖盘
13:57:39	9.81	-0.01	10	9810	卖盘
13:57:33	9.82	0.01	1	982	买盘
13:57:27	9.81	-0.01	9	8829	卖盘
13:57:18	9.82	--	9	8838	买盘
13:57:15	9.82	0.01	20	19640	买盘
13:57:09	9.81	-0.01	9	8829	卖盘
13:57:00	9.82	--	136	133552	买盘
13:56:48	9.82	--	9	8838	卖盘
13:56:45	9.82	--	15	14730	卖盘
13:56:42	9.82	--	152	149264	买盘
13:56:36	9.82	--	1	982	买盘
13:56:33	9.82	--	19	18658	买盘
13:56:30	9.82	--	5	4910	买盘
13:56:24	9.82	--	53	52046	买盘
13:56:21	9.82	-0.01	5	4910	中性盘
13:56:06	9.83	0.01	102	100266	买盘
13:56:03	9.82	--	6	6009	卖盘
13:55:57	9.82	--	24	23568	卖盘
13:55:54	9.82	--	10	9820	卖盘
13:55:51	9.82	--	15	14730	卖盘
13:55:48	9.82	0.01	46	46036	买盘
13:55:30	9.81	--	10	9810	卖盘
13:55:24	9.81	-0.01	10	9810	卖盘
13:55:21	9.82	0.01	542	532244	买盘
13:55:18	9.81	--	40	39240	卖盘
13:55:06	9.81	-0.01	10	9810	卖盘
13:55:00	9.82	--	43	42226	买盘
13:54:45	9.82	0.01	73	71686	买盘
13:54:42	9.81	--	5	4905	买盘
13:54:39	9.81	--	4	3924	买盘
13:54:36	9.81	--	9	8829	买盘
13:54:27	9.81	-0.01	4	3924	中性盘
13:54:24	9.82	--	1	982	买盘
13:54:21	9.82	0.02	18	17676	买盘
13:54:00	9.8	--	20	19600	卖盘
13:53:51	9.8	--	32	31360	买盘
13:53:45	9.8	--	3	2940	买盘
13:53:42	9.8	-0.02	2	1960	中性盘
13:53:36	9.82	0.02	1000	982000	买盘
13:53:30	9.8	--	20	19600	买盘
13:53:24	9.8	-0.01	10	9800	中性盘
13:53:12	9.81	0.01	393	385533	买盘
13:53:09	9.8	0.01	10	9800	买盘
13:52:57	9.79	-0.01	234	229085	卖盘
13:52:54	9.8	--	119	116620	买盘
13:52:45	9.8	0.01	38	37240	买盘
13:52:18	9.79	--	3	2936	卖盘
13:52:15	9.79	--	6	5873	买盘
13:52:09	9.79	--	20	19580	买盘
13:51:57	9.79	--	20	19580	买盘
13:51:45	9.79	--	82	80278	买盘
13:51:39	9.79	0.01	32	31327	买盘
13:51:24	9.78	--	231	225927	买盘
13:51:15	9.78	--	73	71394	买盘
13:50:42	9.78	0.01	2	1955	买盘
13:50:27	9.77	--	10	9770	卖盘
13:50:21	9.77	-0.01	140	136780	卖盘
13:50:18	9.78	0.01	20	19560	买盘
13:50:03	9.77	--	7	6839	卖盘
13:49:45	9.77	--	6	5862	买盘
13:49:39	9.77	0.01	70	68390	买盘
13:49:33	9.76	-0.01	5	4880	卖盘
13:49:30	9.77	--	20	19540	买盘
13:49:12	9.77	-0.01	58	56666	卖盘
13:49:03	9.78	0.01	56	54768	买盘
13:49:00	9.77	--	500	488500	卖盘
13:48:48	9.77	--	20	19540	卖盘
13:47:42	9.77	--	12	11724	卖盘
13:47:36	9.77	--	197	192469	卖盘
13:47:21	9.77	-0.01	1	977	卖盘
13:47:06	9.78	--	1	977	买盘
13:46:54	9.78	0.01	1	977	买盘
13:46:51	9.77	--	5	4885	卖盘
13:46:30	9.77	--	59	57643	卖盘
13:46:21	9.77	--	5	4885	卖盘
13:46:18	9.77	--	59	57643	卖盘
13:46:15	9.77	--	10	9770	卖盘
13:45:54	9.77	--	11	10747	卖盘
13:45:51	9.77	--	107	104539	卖盘
13:45:42	9.77	--	65	63505	卖盘
13:45:30	9.77	-0.01	53	51781	卖盘
13:45:21	9.78	0.01	77	75306	买盘
13:45:18	9.77	--	5	4885	卖盘
13:45:15	9.77	--	5	4885	卖盘
13:45:06	9.77	-0.01	3	2931	卖盘
13:45:00	9.78	--	124	121271	买盘
13:44:51	9.78	--	5	4890	买盘
13:44:39	9.78	--	50	48900	买盘
13:44:36	9.78	--	5	4890	买盘
13:44:27	9.78	--	9	8802	买盘
13:44:21	9.78	--	14	13692	买盘
13:44:18	9.78	--	20	19560	买盘
13:44:15	9.78	0.01	14	13692	买盘
13:44:12	9.77	-0.01	500	488500	卖盘
13:44:06	9.78	0.01	56	54768	买盘
13:44:03	9.77	-0.01	36	35172	卖盘
13:43:54	9.78	--	14	13692	买盘
13:43:51	9.78	--	50	48900	买盘
13:43:48	9.78	0.01	544	532032	买盘
13:43:45	9.77	--	15	14655	卖盘
13:43:42	9.77	--	22	21494	卖盘
13:43:33	9.77	--	283	276491	卖盘
13:43:21	9.77	-0.01	20	19540	卖盘
13:43:18	9.78	--	54	52812	买盘
13:43:03	9.78	--	10	9780	买盘
13:42:54	9.78	0.01	5	4890	买盘
13:42:42	9.77	--	2	1954	卖盘
13:42:39	9.77	--	82	80114	卖盘
13:42:21	9.77	-0.01	3	2931	卖盘
13:42:09	9.78	0.01	14	13692	买盘
13:41:57	9.77	-0.01	10	9770	卖盘
13:41:42	9.78	--	2	1955	买盘
13:41:21	9.78	0.01	12	11736	买盘
13:41:18	9.77	--	5	4885	卖盘
13:41:06	9.77	--	4	3908	卖盘
13:40:57	9.77	--	12	11724	卖盘
13:40:45	9.77	-0.01	5	4885	卖盘
13:40:36	9.78	--	20	19560	买盘
13:40:27	9.78	--	5	4890	买盘
13:40:15	9.78	0.01	2	1955	买盘
13:40:09	9.77	-0.01	2	1954	卖盘
13:40:06	9.78	--	3	2934	买盘
13:39:57	9.78	--	10	9780	买盘
13:39:54	9.78	--	34	34220	卖盘
13:39:45	9.78	--	30	29339	卖盘
13:39:21	9.78	--	40	39120	卖盘
13:39:18	9.78	--	6	5868	卖盘
13:39:09	9.78	--	9	8802	卖盘
13:39:06	9.78	-0.01	500	488999	卖盘
13:38:57	9.79	0.01	62	60697	买盘
13:38:42	9.78	-0.01	100	97800	卖盘
13:38:27	9.79	0.01	10	9790	买盘
13:38:21	9.78	--	20	19560	卖盘
13:38:18	9.78	-0.01	99	96822	卖盘
13:38:06	9.79	0.01	10	9790	买盘
13:37:39	9.78	-0.01	84	82152	卖盘
13:37:33	9.79	0.01	40	39160	买盘
13:37:24	9.78	--	10	9780	卖盘
13:37:21	9.78	--	4	3911	卖盘
13:37:09	9.78	-0.01	37	36186	卖盘
13:36:57	9.79	--	10	9790	买盘
13:36:45	9.79	0.01	40	39160	买盘
13:36:36	9.78	-0.01	10	9780	卖盘
13:36:30	9.79	0.01	10	9790	买盘
13:36:18	9.78	--	170	166260	卖盘
13:36:12	9.78	-0.01	3	2934	卖盘
13:36:09	9.79	0.01	40	39160	买盘
13:36:00	9.78	--	5	4890	卖盘
13:35:48	9.78	--	50	48900	卖盘
13:35:18	9.78	-0.01	1	977	卖盘
13:35:03	9.79	--	145	141955	卖盘
13:34:48	9.79	--	120	117479	卖盘
13:34:24	9.79	--	3	2936	买盘
13:34:21	9.79	0.01	8	7831	买盘
13:34:15	9.78	-0.01	6	5868	卖盘
13:34:09	9.79	--	70	68530	买盘
13:34:00	9.79	--	133	130206	买盘
13:33:45	9.79	--	185	181114	卖盘
13:33:42	9.79	--	159	155661	卖盘
13:33:39	9.79	-0.01	1	978	卖盘
13:33:33	9.8	0.01	5	4900	买盘
13:33:24	9.79	-0.01	48	46991	卖盘
13:33:21	9.8	--	10	9800	买盘
13:33:09	9.8	--	20	19600	买盘
13:33:00	9.8	--	48	47040	卖盘
13:32:57	9.8	--	100	98000	卖盘
13:32:33	9.8	--	168	164640	买盘
13:32:18	9.8	--	1	980	买盘
13:32:15	9.8	--	34	33320	买盘
13:32:06	9.8	0.01	10	9800	买盘
13:32:00	9.79	-0.01	5	4895	卖盘
13:31:39	9.8	--	79	77420	买盘
13:31:33	9.8	0.01	10	9800	买盘
13:31:03	9.79	--	72	70488	买盘
13:31:00	9.79	--	30	29369	买盘
13:30:48	9.79	--	1	978	买盘
13:30:45	9.79	--	50	48949	买盘
13:30:39	9.79	--	50	48949	买盘
13:30:24	9.79	0.01	7	6852	买盘
13:30:21	9.78	-0.01	7	6846	卖盘
13:30:00	9.79	--	5	4895	买盘
13:29:45	9.79	--	13	12726	买盘
13:29:33	9.79	--	10	9790	买盘
13:29:24	9.79	0.01	4	3915	买盘
13:29:15	9.78	-0.01	44	43032	卖盘
13:29:09	9.79	--	21	20559	买盘
13:29:00	9.79	-0.01	584	571736	卖盘
13:28:54	9.8	--	3	2940	买盘
13:28:48	9.8	--	5	4900	买盘
13:28:42	9.8	0.01	2	1960	买盘
13:28:39	9.79	--	168	164472	卖盘
13:28:33	9.79	-0.01	2	1957	卖盘
13:28:30	9.8	--	44	43120	买盘
13:28:03	9.8	0.01	30	29400	买盘
13:28:00	9.79	-0.01	272	266288	卖盘
13:27:54	9.8	--	10	9800	买盘
13:27:45	9.8	--	1	980	买盘
13:27:42	9.8	--	115	112700	买盘
13:27:36	9.8	0.01	1	980	买盘
13:27:21	9.79	-0.01	160	156640	卖盘
13:27:06	9.8	0.01	10	9800	买盘
13:26:51	9.79	--	25	24474	卖盘
13:26:48	9.79	--	261	255518	买盘
13:26:42	9.79	--	11	10768	买盘
13:26:39	9.79	--	59	57760	买盘
13:26:30	9.79	0.01	12	11747	买盘
13:25:51	9.78	-0.01	31	30317	卖盘
13:25:30	9.79	--	3	2936	中性盘
13:25:27	9.79	--	10	9790	买盘
13:25:18	9.79	0.01	10	9790	买盘
13:25:15	9.78	-0.01	50	48900	卖盘
13:25:06	9.79	--	81	79299	卖盘
13:24:51	9.79	0.01	3	2936	中性盘
13:24:36	9.78	-0.01	30	29339	卖盘
13:24:33	9.79	--	40	39160	卖盘
13:24:24	9.79	--	10	9790	卖盘
13:24:18	9.79	--	30	29369	卖盘
13:24:06	9.79	-0.01	160	156640	卖盘
13:23:42	9.8	--	30	29400	买盘
13:23:30	9.8	0.01	10	9800	买盘
13:23:21	9.79	-0.01	5	4895	卖盘
13:23:18	9.8	--	10	9800	买盘
13:23:15	9.8	--	40	39200	买盘
13:23:00	9.8	0.01	2	1960	买盘
13:22:57	9.79	-0.01	241	235948	卖盘
13:22:48	9.8	--	8	7840	买盘
13:22:15	9.8	--	20	19600	买盘
13:22:00	9.8	--	359	351820	卖盘
13:21:45	9.8	--	1	980	卖盘
13:21:36	9.8	--	22	21560	卖盘
13:21:33	9.8	--	10	9800	卖盘
13:21:24	9.8	--	4	3920	卖盘
13:21:21	9.8	--	100	98000	卖盘
13:21:18	9.8	--	69	67620	卖盘
13:21:09	9.8	--	17	16660	卖盘
13:21:03	9.8	--	5	4900	卖盘
13:20:57	9.8	--	17	16660	卖盘
13:20:36	9.8	--	35	34300	卖盘
13:20:33	9.8	--	4	3920	卖盘
13:20:18	9.8	--	13	12740	卖盘
13:20:15	9.8	-0.01	46	45080	卖盘
13:20:06	9.81	0.01	10	9810	买盘
13:19:54	9.8	--	20	19600	卖盘
13:19:48	9.8	--	24	23520	卖盘
13:19:42	9.8	--	28	27440	卖盘
13:19:12	9.8	-0.02	1228	1203440	卖盘
13:19:06	9.82	0.01	20	19640	买盘
13:18:54	9.81	--	10	9810	卖盘
13:18:51	9.81	--	6	5886	卖盘
13:18:45	9.81	--	2	1962	卖盘
13:18:42	9.81	--	263	258003	买盘
13:18:39	9.81	0.01	15	14715	买盘
13:18:27	9.8	-0.01	1	980	卖盘
13:18:12	9.81	--	2	1962	买盘
13:18:09	9.81	--	30	29430	买盘
13:17:54	9.81	--	5	4905	买盘
13:17:45	9.81	0.01	50	49050	买盘
13:17:42	9.8	-0.01	15	14700	卖盘
13:17:33	9.81	--	65	63765	买盘
13:17:27	9.81	--	100	98100	买盘
13:17:15	9.81	0.01	10	9810	买盘
13:17:12	9.8	-0.01	12	11760	卖盘
13:16:51	9.81	0.01	9	8829	买盘
13:16:42	9.8	-0.01	9	8820	卖盘
13:16:21	9.81	--	40	39240	买盘
13:15:57	9.81	--	98	96138	买盘
13:15:48	9.81	0.01	3	2943	买盘
13:15:36	9.8	-0.01	120	117600	卖盘
13:15:27	9.81	0.01	31	30411	买盘
13:15:21	9.8	--	34	33320	卖盘
13:15:18	9.8	--	50	49000	卖盘
13:15:15	9.8	-0.01	50	49000	卖盘
13:15:06	9.81	0.01	217	212877	买盘
13:14:51	9.8	--	11	10780	卖盘
13:14:45	9.8	-0.01	33	32340	卖盘
13:14:24	9.81	--	20	19620	买盘
13:14:21	9.81	0.01	15	14715	买盘
13:14:18	9.8	-0.01	6	5880	卖盘
13:14:15	9.81	0.01	52	51012	买盘
13:14:12	9.8	-0.01	10	9800	卖盘
13:14:06	9.81	--	40	39240	买盘
13:14:03	9.81	0.01	34	33354	买盘
13:13:57	9.8	-0.01	5	4900	卖盘
13:13:54	9.81	--	10	9810	买盘
13:13:51	9.81	0.01	50	49050	买盘
13:13:48	9.8	--	42	41160	卖盘
13:13:45	9.8	--	78	76440	卖盘
13:13:39	9.8	--	114	111720	买盘
13:13:36	9.8	--	33	32340	买盘
13:13:33	9.8	--	134	131320	买盘
13:13:30	9.8	--	36	35280	买盘
13:13:27	9.8	--	31	30380	买盘
13:13:24	9.8	0.01	35	34300	买盘
13:13:18	9.79	--	30	29369	卖盘
13:13:15	9.79	--	6	5873	卖盘
13:13:09	9.79	--	1	978	卖盘
13:13:06	9.79	--	1	978	卖盘
13:13:03	9.79	--	5	4895	卖盘
13:12:57	9.79	-0.01	14	13705	卖盘
13:12:54	9.8	0.01	28	27440	买盘
13:12:51	9.79	-0.01	3	2936	卖盘
13:12:39	9.8	--	19	18620	买盘
13:12:27	9.8	0.01	5	4900	中性盘
13:12:24	9.79	--	5	4895	卖盘
13:12:18	9.79	-0.01	6	5873	卖盘
13:12:15	9.8	--	15	14700	买盘
13:12:12	9.8	--	1	980	买盘
13:12:09	9.8	--	17	16660	卖盘
13:12:06	9.8	--	4	3920	卖盘
13:12:03	9.8	--	4	3920	卖盘
13:11:57	9.8	--	21	20580	卖盘
13:11:33	9.8	-0.01	7	6860	卖盘
13:11:24	9.81	--	10	9810	买盘
13:11:21	9.81	--	98	96138	买盘
13:11:09	9.81	--	24	23544	买盘
13:11:06	9.81	--	10	9810	买盘
13:11:03	9.81	--	9	8829	买盘
13:11:00	9.81	0.01	30	29430	买盘
13:10:57	9.8	-0.01	10	9800	中性盘
13:10:42	9.81	0.03	1100	1079100	买盘
13:10:15	9.78	--	10	9780	卖盘
13:10:00	9.78	--	10	9780	卖盘
13:09:48	9.78	--	10	9780	卖盘
13:09:45	9.78	--	4	3911	卖盘
13:09:42	9.78	--	80	78240	卖盘
13:09:33	9.78	--	1	977	卖盘
13:09:30	9.78	--	5	4890	卖盘
13:09:27	9.78	--	10	9780	卖盘
13:09:06	9.78	-0.01	5	4890	卖盘
13:08:54	9.79	--	50	48949	买盘
13:08:45	9.79	--	143	140966	卖盘
13:08:33	9.79	-0.01	50	48949	卖盘
13:08:24	9.8	0.01	20	19600	买盘
13:08:12	9.79	--	31	30348	卖盘
13:08:03	9.79	--	70	68530	卖盘
13:07:57	9.79	-0.01	70	68530	卖盘
13:07:36	9.8	--	10	9800	买盘
13:07:27	9.8	0.01	2	1960	买盘
13:07:18	9.79	--	5	4895	卖盘
13:07:06	9.79	-0.01	33	32306	卖盘
13:07:03	9.8	--	43	42140	买盘
13:06:45	9.8	--	2	1960	买盘
13:06:06	9.8	--	76	74480	买盘
13:05:51	9.8	--	50	49000	买盘
13:05:45	9.8	--	5	4900	买盘
13:05:42	9.8	--	100	98000	买盘
13:05:30	9.8	--	2	1960	买盘
13:05:24	9.8	--	434	425320	买盘
13:05:21	9.8	0.01	31	30380	买盘
13:05:00	9.79	--	48	46991	卖盘
13:04:51	9.79	--	101	98878	卖盘
13:04:18	9.79	0.01	54	52875	买盘
13:03:36	9.78	-0.01	20	19560	卖盘
13:03:24	9.79	0.01	15	14684	买盘
13:03:06	9.78	-0.01	5	4890	卖盘
13:03:03	9.79	--	100	97899	买盘
13:02:51	9.79	--	335	328934	卖盘
13:02:39	9.79	--	86	84193	卖盘
13:02:33	9.79	-0.01	10	9790	卖盘
13:02:21	9.8	--	87	85260	买盘
13:01:57	9.8	--	52	50960	买盘
13:01:54	9.8	--	96	94080	卖盘
13:01:48	9.8	--	10	9800	卖盘
13:01:39	9.8	--	19	18620	买盘
13:01:27	9.8	--	165	161700	买盘
13:01:21	9.8	--	10	9800	买盘
13:01:12	9.8	--	10	9800	买盘
13:01:09	9.8	--	30	29400	买盘
13:01:06	9.8	--	29	28420	买盘
13:00:48	9.8	--	110	107800	买盘
13:00:45	9.8	--	213	208740	买盘
13:00:36	9.8	--	3	2940	买盘
13:00:09	9.8	0.01	80	78400	买盘
13:00:06	9.79	--	92	90067	卖盘
13:00:03	9.79	--	30	29379	买盘
11:30:03	9.79	--	12	11747	买盘
11:30:00	9.79	--	6	5873	买盘
11:29:48	9.79	--	60	58739	买盘
11:29:45	9.79	--	45	44054	买盘
11:29:36	9.79	--	7	6852	买盘
11:29:33	9.79	--	5	4895	买盘
11:29:30	9.79	--	102	99857	买盘
11:29:15	9.79	--	104	101815	买盘
11:29:12	9.79	--	30	29369	买盘
11:29:09	9.79	--	33	32306	买盘
11:29:03	9.79	0.01	100	97899	买盘
11:29:00	9.78	-0.01	1	977	卖盘
11:28:54	9.79	--	5	4895	买盘
11:28:36	9.79	--	1	978	买盘
11:28:27	9.79	0.01	103	100836	买盘
11:28:15	9.78	0.01	7	6846	买盘
11:28:12	9.77	-0.01	100	97700	卖盘
11:28:06	9.78	--	25	24450	买盘
11:28:03	9.78	--	11	10758	买盘
11:28:00	9.78	--	102	99756	买盘
11:27:48	9.78	--	5	4890	买盘
11:27:39	9.78	--	2	1955	买盘
11:27:30	9.78	0.01	1	977	买盘
11:27:09	9.77	--	17	16609	卖盘
11:26:39	9.77	--	166	162182	买盘
11:26:33	9.77	--	3	2931	买盘
11:26:27	9.77	--	100	97700	买盘
11:26:24	9.77	0.01	3	2931	买盘
11:26:18	9.76	-0.01	20	19520	卖盘
11:26:03	9.77	0.01	80	78160	买盘
11:25:45	9.76	-0.01	5	4880	卖盘
11:25:39	9.77	0.01	50	48850	买盘
11:25:27	9.76	-0.01	10	9760	卖盘
11:25:00	9.77	--	10	9770	买盘
11:24:48	9.77	--	1	977	买盘
11:24:42	9.77	0.01	300	293100	买盘
11:24:27	9.76	0.01	278	271328	买盘
11:24:21	9.75	-0.01	173	168675	卖盘
11:24:12	9.76	--	3	2928	买盘
11:24:06	9.76	--	3	2928	买盘
11:24:03	9.76	--	60	58560	买盘
11:23:57	9.76	--	17	16592	买盘
11:23:42	9.76	--	20	19520	买盘
11:23:33	9.76	0.01	30	29280	买盘
11:23:30	9.75	-0.01	71	69225	卖盘
11:23:24	9.76	--	7	6832	买盘
11:22:48	9.76	--	20	19520	买盘
11:22:36	9.76	--	5	4880	买盘
11:22:21	9.76	--	110	107360	买盘
11:21:39	9.76	0.01	10	9760	买盘
11:21:36	9.75	--	11	10725	卖盘
11:21:15	9.75	--	5	4875	卖盘
11:21:09	9.75	--	47	45825	买盘
11:21:06	9.75	--	1	975	买盘
11:21:03	9.75	--	10	9750	买盘
11:20:54	9.75	--	2	1950	买盘
11:20:51	9.75	--	3	2925	买盘
11:20:45	9.75	--	197	192075	卖盘
11:20:39	9.75	--	20	19500	卖盘
11:20:30	9.75	--	28	27300	卖盘
11:20:18	9.75	--	7	6825	卖盘
11:19:54	9.75	--	14	13650	卖盘
11:19:36	9.75	-0.01	4	3900	卖盘
11:19:21	9.76	--	6	5856	买盘
11:19:18	9.76	--	200	195200	买盘
11:19:15	9.76	--	95	92720	买盘
11:18:57	9.76	0.01	6	5856	买盘
11:18:54	9.75	--	64	62400	卖盘
11:18:45	9.75	--	83	80925	卖盘
11:18:15	9.75	-0.01	62	60450	卖盘
11:18:06	9.76	0.01	3	2928	买盘
11:17:39	9.75	--	6	5850	卖盘
11:17:33	9.75	-0.01	19	18525	卖盘
11:17:30	9.76	--	7	6832	买盘
11:17:27	9.76	0.01	100	97600	买盘
11:17:15	9.75	-0.01	14	13650	卖盘
11:17:09	9.76	0.01	25	24400	买盘
11:17:03	9.75	--	6	5850	卖盘
11:16:54	9.75	-0.01	30	29250	卖盘
11:16:45	9.76	--	79	77104	买盘
11:16:39	9.76	0.01	27	26352	买盘
11:16:30	9.75	--	77	75075	卖盘
11:16:18	9.75	--	12	11700	卖盘
11:16:15	9.75	--	1	975	卖盘
11:16:09	9.75	--	5	4875	卖盘
11:15:57	9.75	--	75	73125	买盘
11:15:54	9.75	--	15	14625	买盘
11:15:42	9.75	--	41	39975	买盘
11:15:39	9.75	--	50	48750	买盘
11:15:30	9.75	--	7	6825	买盘
11:15:27	9.75	-0.01	31	30225	卖盘
11:15:21	9.76	0.01	100	97600	买盘
11:15:09	9.75	-0.01	52	50700	卖盘
11:15:03	9.76	--	2	1952	买盘
11:15:00	9.76	--	5	4880	买盘
11:14:48	9.76	--	5	4880	买盘
11:14:45	9.76	0.01	1	976	买盘
11:14:33	9.75	--	138	134550	买盘
11:14:18	9.75	0.01	10	9750	买盘
11:14:06	9.74	-0.01	10	9740	卖盘
11:14:03	9.75	--	45	43875	买盘
11:13:45	9.75	0.02	12	11700	买盘
11:13:33	9.73	-0.01	35	34055	卖盘
11:13:24	9.74	--	9	8766	买盘
11:13:21	9.74	--	60	58440	买盘
11:13:18	9.74	--	32	31168	卖盘
11:13:15	9.74	--	23	22402	卖盘
11:13:00	9.74	--	18	17532	买盘
11:12:54	9.74	--	9	8766	买盘
11:12:51	9.74	--	12	11688	买盘
11:12:48	9.74	--	22	21428	买盘
11:12:45	9.74	--	53	51622	买盘
11:12:42	9.74	--	21	20454	买盘
11:12:39	9.74	--	10	9740	买盘
11:12:30	9.74	--	20	19480	买盘
11:12:27	9.74	--	20	19480	买盘
11:12:24	9.74	--	69	67206	卖盘
11:12:18	9.74	--	4	3896	买盘
11:12:15	9.74	--	37	36038	买盘
11:12:12	9.74	--	2	1948	买盘
11:12:09	9.74	--	8	7792	买盘
11:12:06	9.74	--	20	19480	买盘
11:12:03	9.74	--	23	22402	买盘
11:11:54	9.74	--	34	33116	买盘
11:11:51	9.74	--	72	70128	卖盘
11:11:48	9.74	--	40	38960	卖盘
11:11:33	9.74	--	49	47726	买盘
11:11:21	9.74	--	6	5844	买盘
11:11:18	9.74	--	15	14610	买盘
11:11:15	9.74	0.01	10	9740	买盘
11:11:09	9.73	--	34	33082	卖盘
11:11:03	9.73	-0.01	16	15568	卖盘
11:10:57	9.74	--	3	2922	买盘
11:10:54	9.74	0.01	3	2922	买盘
11:10:51	9.73	-0.01	5	4865	卖盘
11:10:39	9.74	--	3	2922	卖盘
11:10:27	9.74	--	20	19480	卖盘
11:10:24	9.74	0.01	177	172398	买盘
11:10:18	9.73	--	3	3405	买盘
11:10:15	9.73	-0.01	22	21406	卖盘
11:10:12	9.74	0.01	70	68180	买盘
11:10:06	9.73	--	16	15568	买盘
11:10:03	9.73	--	27	26271	卖盘
11:10:00	9.73	--	85	82705	卖盘
11:09:54	9.73	--	15	14595	卖盘
11:09:51	9.73	--	10	9730	卖盘
11:09:48	9.73	-0.01	20	19460	卖盘
11:09:45	9.74	--	9	8766	买盘
11:09:42	9.74	0.01	116	112984	买盘
11:09:36	9.73	--	1	973	卖盘
11:09:33	9.73	--	3	2919	卖盘
11:09:30	9.73	--	2	1946	卖盘
11:09:24	9.73	--	20	19460	卖盘
11:09:21	9.73	--	80	77840	卖盘
11:09:18	9.73	--	5	4865	卖盘
11:09:15	9.73	--	7	6811	卖盘
11:09:12	9.73	--	26	25298	卖盘
11:09:09	9.73	--	5	4865	卖盘
11:09:06	9.73	--	20	19460	卖盘
11:09:00	9.73	--	10	9730	卖盘
11:08:57	9.73	--	50	48650	卖盘
11:08:51	9.73	--	48	46704	卖盘
11:08:48	9.73	--	27	26271	卖盘
11:08:45	9.73	-0.01	4	3892	卖盘
11:08:39	9.74	0.01	20	19480	买盘
11:08:33	9.73	--	62	60326	卖盘
11:08:30	9.73	-0.01	40	38920	卖盘
11:08:21	9.74	0.01	14	13636	买盘
11:08:18	9.73	--	10	9730	卖盘
11:08:15	9.73	--	4	3892	卖盘
11:08:12	9.73	-0.01	300	291900	卖盘
11:08:06	9.74	--	3	2922	买盘
11:07:57	9.74	--	20	19480	买盘
11:07:54	9.74	0.01	10	9740	中性盘
11:07:42	9.73	-0.01	436	424228	卖盘
11:07:39	9.74	--	2	1948	卖盘
11:07:36	9.74	--	8	7792	卖盘
11:07:33	9.74	--	200	194800	卖盘
11:07:27	9.74	--	23	22402	卖盘
11:07:24	9.74	-0.01	12	11688	卖盘
11:07:15	9.75	--	11	10725	买盘
11:07:12	9.75	--	7	6825	买盘
11:07:06	9.75	--	98	96037	卖盘
11:07:03	9.75	--	19	18525	卖盘
11:07:00	9.75	--	75	73125	卖盘
11:06:54	9.75	--	8	7800	卖盘
11:06:45	9.75	--	4	3900	卖盘
11:06:27	9.75	--	749	730762	买盘
11:06:18	9.75	--	20	19500	买盘
11:06:12	9.75	0.01	21	20475	买盘
11:06:03	9.74	--	50	48700	卖盘
11:06:00	9.74	--	20	19480	卖盘
11:05:51	9.74	--	33	32142	卖盘
11:05:36	9.74	--	1	974	卖盘
11:05:30	9.74	--	20	19480	卖盘
11:05:27	9.74	--	8	7792	卖盘
11:05:24	9.74	-0.01	16	15584	卖盘
11:05:15	9.75	0.01	15	14625	买盘
11:05:09	9.74	--	33	32142	卖盘
11:05:06	9.74	-0.01	30	29220	卖盘
11:05:00	9.75	--	5	4875	买盘
11:04:54	9.75	--	10	9750	买盘
11:04:51	9.75	--	125	122362	卖盘
11:04:48	9.75	--	13	12675	卖盘
11:04:42	9.75	-0.01	37	36075	卖盘
11:04:33	9.76	0.01	2	1952	买盘
11:04:30	9.75	--	160	156000	卖盘
11:04:27	9.75	--	10	9750	卖盘
11:04:18	9.75	--	19	18525	卖盘
11:04:12	9.75	--	600	585000	卖盘
11:04:09	9.75	-0.01	15	14625	卖盘
11:04:06	9.76	0.01	27	26352	买盘
11:04:03	9.75	--	50	48750	卖盘
11:04:00	9.75	--	100	97500	卖盘
11:03:57	9.75	--	10	9750	卖盘
11:03:45	9.75	--	10	9750	卖盘
11:03:39	9.75	-0.01	10	9750	卖盘
11:03:33	9.76	0.01	1	976	买盘
11:03:21	9.75	--	30	29250	卖盘
11:03:18	9.75	-0.01	100	97500	卖盘
11:03:15	9.76	--	14	13664	买盘
11:03:12	9.76	--	10	9760	买盘
11:03:06	9.76	--	1	976	买盘
11:03:00	9.76	--	2	1952	买盘
11:02:54	9.76	--	118	115168	卖盘
11:02:42	9.76	--	10	9760	卖盘
11:02:39	9.76	0.01	9	8784	买盘
11:02:27	9.75	-0.01	50	48750	卖盘
11:02:24	9.76	--	1	976	买盘
11:02:18	9.76	-0.01	7	6832	卖盘
11:02:15	9.77	--	2	1954	买盘
11:02:12	9.77	0.01	11	10747	买盘
11:02:09	9.76	--	70	68320	卖盘
11:02:06	9.76	-0.01	6	5856	卖盘
11:01:54	9.77	--	25	24425	买盘
11:01:48	9.77	0.01	42	41034	买盘
11:01:39	9.76	0.01	3	2928	中性盘
11:01:30	9.75	-0.01	500	487500	卖盘
11:01:24	9.76	--	46	44896	卖盘
11:01:09	9.76	--	15	14640	卖盘
11:01:06	9.76	--	9	8784	卖盘
11:01:03	9.76	--	5	4880	卖盘
11:00:48	9.76	--	17	16592	买盘
11:00:42	9.76	--	20	19520	买盘
11:00:39	9.76	--	24	23424	买盘
11:00:33	9.76	0.01	113	110288	买盘
11:00:30	9.75	-0.01	2	1950	卖盘
11:00:27	9.76	--	15	14640	买盘
11:00:24	9.76	--	20	19520	买盘
11:00:15	9.76	--	5	4880	买盘
11:00:12	9.76	--	106	103456	买盘
11:00:06	9.76	0.01	60	58560	买盘
10:59:57	9.75	--	281	274462	卖盘
10:59:54	9.75	--	100	97500	卖盘
10:59:51	9.75	-0.01	22	21450	卖盘
10:59:48	9.76	--	20	19520	买盘
10:59:39	9.76	--	423	412848	卖盘
10:59:27	9.76	--	11	10736	卖盘
10:59:24	9.76	--	5	4880	卖盘
10:59:18	9.76	--	57	55632	卖盘
10:59:12	9.76	-0.01	22	21472	卖盘
10:59:00	9.77	--	304	297496	卖盘
10:58:51	9.77	--	11	10747	卖盘
10:58:48	9.77	--	479	467983	卖盘
10:58:45	9.77	--	132	128964	卖盘
10:58:36	9.77	--	15	14655	卖盘
10:58:33	9.77	-0.01	10	9770	卖盘
10:58:21	9.78	--	10	9780	买盘
10:58:15	9.78	--	50	48900	买盘
10:58:12	9.78	--	54	52812	卖盘
10:58:09	9.78	--	20	19560	卖盘
10:58:06	9.78	--	117	114425	卖盘
10:58:00	9.78	--	40	39120	卖盘
10:57:54	9.78	--	24	23472	卖盘
10:57:51	9.78	--	200	195600	卖盘
10:57:48	9.78	--	10	9780	卖盘
10:57:42	9.78	-0.01	10	9780	卖盘
10:57:30	9.79	--	253	248656	卖盘
10:57:27	9.79	--	36	35244	卖盘
10:57:21	9.79	-0.01	691	676488	卖盘
10:57:18	9.8	0.01	20	19600	买盘
10:57:12	9.79	--	11	10768	卖盘
10:57:09	9.79	--	11	10768	卖盘
10:56:57	9.79	-0.01	6	5873	卖盘
10:56:18	9.8	0.01	66	64680	买盘
10:56:09	9.79	--	137	134123	卖盘
10:56:06	9.79	-0.01	100	97899	卖盘
10:56:03	9.8	0.01	18	17640	买盘
10:55:39	9.79	-0.01	5	4895	卖盘
10:55:27	9.8	0.01	200	196000	买盘
10:55:24	9.79	-0.01	5	4895	卖盘
10:55:12	9.8	--	10	9800	买盘
10:54:48	9.8	--	5	4900	买盘
10:54:39	9.8	--	141	138180	买盘
10:54:27	9.8	--	200	196000	买盘
10:54:15	9.8	--	20	19600	卖盘
10:54:06	9.8	--	15	14700	卖盘
10:54:03	9.8	--	40	39200	卖盘
10:54:00	9.8	--	229	224420	买盘
10:53:24	9.8	--	2	1960	买盘
10:53:15	9.8	0.01	87	85260	买盘
10:52:36	9.79	-0.01	5	4895	卖盘
10:52:30	9.8	--	30	29400	买盘
10:52:09	9.8	--	10	9800	买盘
10:52:00	9.8	0.01	15	14866	买盘
10:51:48	9.79	--	48	47422	卖盘
10:51:39	9.79	--	128	125419	卖盘
10:51:30	9.79	-0.01	1	1253	卖盘
10:51:18	9.8	--	315	308700	卖盘
10:51:15	9.8	--	8	7840	卖盘
10:51:03	9.8	--	30	29400	卖盘
10:50:51	9.8	--	2	1960	卖盘
10:50:42	9.8	0.01	57	55860	买盘
10:50:36	9.79	-0.01	15	14684	卖盘
10:50:33	9.8	--	5	4900	买盘
10:50:21	9.8	--	25	24500	卖盘
10:50:18	9.8	--	20	19600	卖盘
10:50:15	9.8	--	5	4900	卖盘
10:50:09	9.8	--	19	18620	买盘
10:49:51	9.8	--	1	980	买盘
10:49:36	9.8	--	8	7840	买盘
10:49:27	9.8	0.01	85	83300	买盘
10:49:09	9.79	-0.01	11	10768	卖盘
10:48:57	9.8	--	15	14700	买盘
10:48:48	9.8	--	7	6860	买盘
10:48:45	9.8	--	59	57820	买盘
10:48:36	9.8	0.01	97	95060	买盘
10:48:33	9.79	-0.01	5	4895	卖盘
10:48:21	9.8	--	39	38220	买盘
10:48:18	9.8	--	116	113680	买盘
10:48:12	9.8	--	50	49000	买盘
10:48:09	9.8	--	192	188160	卖盘
10:48:03	9.8	-0.01	10	9800	卖盘
10:47:54	9.81	0.01	50	49050	买盘
10:47:48	9.8	--	30	29400	卖盘
10:47:45	9.8	--	5	4900	卖盘
10:47:36	9.8	--	10	9800	卖盘
10:47:33	9.8	--	64	62720	卖盘
10:47:30	9.8	--	20	19600	卖盘
10:47:27	9.8	0.01	40	39200	中性盘
10:47:24	9.79	-0.01	144	140976	卖盘
10:47:18	9.8	--	6	5880	卖盘
10:47:12	9.8	--	1	980	卖盘
10:47:09	9.8	--	150	147000	买盘
10:47:06	9.8	0.01	3	2940	买盘
10:47:00	9.79	-0.01	0	9	卖盘
10:46:57	9.8	--	60	58800	买盘
10:46:45	9.8	0.01	50	49000	买盘
10:46:36	9.79	-0.01	40	39160	卖盘
10:46:33	9.8	--	6	5880	买盘
10:46:24	9.8	--	500	490000	买盘
10:46:21	9.8	0.01	23	22540	买盘
10:46:18	9.79	--	54	52865	卖盘
10:46:00	9.79	--	5	4895	卖盘
10:45:57	9.79	--	4	3915	卖盘
10:45:54	9.79	--	6	5873	卖盘
10:45:42	9.79	-0.01	5	4895	卖盘
10:45:39	9.8	0.01	4	3920	买盘
10:45:30	9.79	--	4	3915	卖盘
10:45:21	9.79	--	6	5873	卖盘
10:45:12	9.79	-0.01	50	48949	卖盘
10:45:09	9.8	0.01	19	18620	买盘
10:45:06	9.79	--	31	30348	卖盘
10:44:54	9.79	--	120	117479	卖盘
10:44:21	9.79	-0.01	10	9790	卖盘
10:44:03	9.8	--	10	9800	买盘
10:43:39	9.8	0.01	200	196000	买盘
10:43:36	9.79	-0.01	10	9790	卖盘
10:43:33	9.8	0.01	90	88200	买盘
10:43:30	9.79	--	600	587400	卖盘
10:43:12	9.79	-0.01	20	19580	卖盘
10:43:03	9.8	--	10	9800	买盘
10:43:00	9.8	--	298	292040	卖盘
10:42:36	9.8	--	5	4900	卖盘
10:42:24	9.8	-0.01	17	16660	卖盘
10:42:12	9.81	--	20	19620	买盘
10:42:03	9.81	0.01	2	1962	买盘
10:41:15	9.8	-0.01	1	980	卖盘
10:41:12	9.81	0.01	50	49050	买盘
10:41:09	9.8	--	50	49000	卖盘
10:41:06	9.8	--	19	18620	卖盘
10:41:03	9.8	-0.01	26	25480	卖盘
10:40:57	9.81	0.01	5	4905	买盘
10:40:54	9.8	--	31	30380	卖盘
10:40:42	9.8	--	50	49000	卖盘
10:40:39	9.8	--	3	2940	卖盘
10:40:12	9.8	--	24	23520	卖盘
10:40:03	9.8	--	81	79380	卖盘
10:39:54	9.8	-0.01	31	30380	卖盘
10:39:48	9.81	0.01	10	9810	买盘
10:39:42	9.8	--	30	29400	卖盘
10:39:18	9.8	--	37	36260	卖盘
10:39:15	9.8	--	40	39200	卖盘
10:39:03	9.8	--	200	196000	卖盘
10:39:00	9.8	--	20	19600	卖盘
10:38:45	9.8	--	6	5880	卖盘
10:38:39	9.8	--	50	49000	卖盘
10:38:36	9.8	--	128	125440	卖盘
10:38:33	9.8	--	17	16660	卖盘
10:38:15	9.8	--	30	29400	卖盘
10:38:12	9.8	--	10	9800	卖盘
10:38:00	9.8	--	76	74480	买盘
10:37:57	9.8	--	30	29400	买盘
10:37:51	9.8	--	50	49000	买盘
10:37:48	9.8	--	11	10780	买盘
10:37:45	9.8	-0.01	59	57820	卖盘
10:37:39	9.81	0.01	20	19620	买盘
10:37:36	9.8	--	77	75460	卖盘
10:37:33	9.8	--	4	3920	卖盘
10:37:06	9.8	-0.01	51	49980	卖盘
10:37:03	9.81	--	7	6867	买盘
10:36:51	9.81	0.01	10	9810	买盘
10:36:45	9.8	-0.01	70	68600	卖盘
10:36:36	9.81	0.01	50	49050	买盘
10:36:33	9.8	-0.01	190	186200	卖盘
10:36:15	9.81	--	7	6867	买盘
10:36:12	9.81	--	15	14715	买盘
10:36:09	9.81	--	5	4905	买盘
10:36:06	9.81	--	29	28449	买盘
10:35:51	9.81	--	7	6867	买盘
10:35:39	9.81	0.01	43	42183	买盘
10:35:36	9.8	-0.01	24	23520	卖盘
10:35:24	9.81	0.01	41	40221	买盘
10:35:21	9.8	-0.01	10	9800	卖盘
10:35:12	9.81	--	20	19620	买盘
10:35:09	9.81	--	50	49050	买盘
10:35:03	9.81	0.01	2	1962	买盘
10:34:51	9.8	--	4	3920	卖盘
10:34:39	9.8	0.01	1379	1351420	买盘
10:34:30	9.79	--	10	9790	卖盘
10:34:21	9.79	--	59	57760	买盘
10:34:18	9.79	--	4	3915	买盘
10:34:15	9.79	--	10	9790	买盘
10:33:45	9.79	--	6	5873	买盘
10:33:36	9.79	--	6	5873	买盘
10:33:30	9.79	0.01	20	19580	买盘
10:33:27	9.78	-0.01	28	27384	卖盘
10:33:24	9.79	0.01	40	39160	买盘
10:33:21	9.78	--	10	9780	卖盘
10:33:06	9.78	--	10	9780	卖盘
10:33:03	9.78	--	50	48900	卖盘
10:33:00	9.78	-0.01	7	6846	卖盘
10:32:54	9.79	0.01	130	127269	买盘
10:32:36	9.78	-0.01	5	4890	卖盘
10:32:30	9.79	--	4	3915	买盘
10:32:18	9.79	--	1	978	买盘
10:32:12	9.79	0.01	4	3915	买盘
10:32:00	9.78	-0.01	55	53790	卖盘
10:31:54	9.79	0.01	12	11747	买盘
10:31:45	9.78	--	35	34230	卖盘
10:31:30	9.78	--	20	19560	卖盘
10:31:27	9.78	--	103	100734	卖盘
10:31:21	9.78	--	200	195600	卖盘
10:31:06	9.78	--	9	8802	卖盘
10:31:03	9.78	--	15	14669	卖盘
10:30:48	9.78	-0.01	5	4890	卖盘
10:30:36	9.79	--	87	85172	卖盘
10:30:27	9.79	--	100	97899	卖盘
10:30:24	9.79	--	10	9790	卖盘
10:30:18	9.79	--	3	2936	卖盘
10:30:15	9.79	--	14	13705	卖盘
10:30:12	9.79	--	30	29369	卖盘
10:30:09	9.79	--	19	18601	卖盘
10:30:03	9.79	--	21	20559	卖盘
10:29:54	9.79	--	12	11747	卖盘
10:29:51	9.79	--	2	1957	卖盘
10:29:42	9.79	--	50	48949	卖盘
10:29:24	9.79	--	6	5873	卖盘
10:29:21	9.79	--	10	9790	卖盘
10:29:12	9.79	-0.01	14	13705	卖盘
10:29:09	9.8	--	20	19600	买盘
10:29:03	9.8	--	46	45080	买盘
10:28:36	9.8	--	2	1960	买盘
10:28:30	9.8	0.01	50	49000	买盘
10:28:27	9.79	-0.01	15	14684	卖盘
10:28:24	9.8	0.01	20	19600	买盘
10:28:18	9.79	-0.01	15	14684	卖盘
10:28:12	9.8	--	11	10780	买盘
10:28:09	9.8	--	25	24500	买盘
10:28:00	9.8	--	3	2940	买盘
10:27:57	9.8	--	11	10780	买盘
10:27:51	9.8	-0.01	80	78400	买盘
10:27:48	9.81	--	10	9810	买盘
10:27:45	9.81	0.01	30	29430	买盘
10:27:42	9.8	--	5	4900	卖盘
10:27:39	9.8	--	30	29400	卖盘
10:27:33	9.8	--	35	34300	卖盘
10:27:18	9.8	--	70	68600	卖盘
10:27:15	9.8	--	50	49000	卖盘
10:27:00	9.8	-0.01	26	25480	卖盘
10:26:48	9.81	--	307	301167	买盘
10:26:33	9.81	--	5	4905	买盘
10:26:30	9.81	--	1	981	买盘
10:26:27	9.81	--	20	19620	买盘
10:26:24	9.81	--	18	17658	买盘
10:26:21	9.81	-0.01	82	80442	卖盘
10:26:18	9.82	--	5	4910	买盘
10:26:09	9.82	0.01	25	24550	买盘
10:26:03	9.81	--	18	17658	卖盘
10:25:57	9.81	--	40	39240	卖盘
10:25:54	9.81	-0.01	14	13734	卖盘
10:25:51	9.82	--	12	11784	买盘
10:25:48	9.82	--	234	229788	买盘
10:25:45	9.82	--	59	57938	买盘
10:25:42	9.82	--	20	19640	买盘
10:25:39	9.82	--	69	67758	买盘
10:25:36	9.82	0.01	20	19640	买盘
10:25:27	9.81	--	100	98100	卖盘
10:25:24	9.81	--	52	51012	卖盘
10:25:21	9.81	--	12	11772	卖盘
10:25:18	9.81	--	100	98100	卖盘
10:25:12	9.81	--	220	215820	买盘
10:25:09	9.81	0.01	30	29430	买盘
10:25:06	9.8	--	117	114660	卖盘
10:24:57	9.8	--	100	98000	卖盘
10:24:51	9.8	0.01	1233	1208340	买盘
10:24:48	9.79	--	2	1957	卖盘
10:24:33	9.79	--	311	304469	买盘
10:24:18	9.79	--	16	15663	买盘
10:24:06	9.79	0.01	20	19580	买盘
10:23:51	9.78	-0.01	12	11736	卖盘
10:23:48	9.79	--	39	38181	买盘
10:23:42	9.79	--	100	97899	买盘
10:23:39	9.79	--	8	7831	买盘
10:23:36	9.79	--	10	9790	买盘
10:23:33	9.79	--	31	30348	买盘
10:23:30	9.79	0.01	2	1957	买盘
10:23:27	9.78	-0.01	6	5868	卖盘
10:23:21	9.79	--	20	19580	买盘
10:23:15	9.79	--	6	5873	买盘
10:23:09	9.79	--	86	84193	卖盘
10:22:42	9.79	--	7	6852	买盘
10:22:36	9.79	--	14	13705	买盘
10:22:33	9.79	--	85	83215	卖盘
10:22:30	9.79	--	3	2936	卖盘
10:22:15	9.79	--	315	308385	买盘
10:21:54	9.79	0.01	110	107689	买盘
10:21:42	9.78	--	14	13692	卖盘
10:21:24	9.78	-0.01	1	977	卖盘
10:21:21	9.79	--	100	97899	买盘
10:21:06	9.79	0.01	4	3915	买盘
10:21:00	9.78	-0.01	50	48900	卖盘
10:20:54	9.79	--	21	20559	买盘
10:20:51	9.79	--	129	126290	买盘
10:20:42	9.79	--	35	34265	买盘
10:20:21	9.79	--	31	30348	买盘
10:20:18	9.79	--	14	13705	买盘
10:20:00	9.79	0.01	100	97899	买盘
10:19:54	9.78	-0.01	20	19560	卖盘
10:19:51	9.79	--	1	978	买盘
10:19:39	9.79	--	10	9790	买盘
10:19:33	9.79	--	5	4895	买盘
10:19:24	9.79	--	10	9790	买盘
10:19:18	9.79	0.01	118	115521	买盘
10:19:03	9.78	--	14	13692	卖盘
10:18:54	9.78	-0.01	1	977	卖盘
10:18:42	9.79	0.01	103	100836	买盘
10:18:39	9.78	-0.01	30	29339	卖盘
10:18:24	9.79	--	6	5873	买盘
10:18:21	9.79	--	2	1957	买盘
10:18:18	9.79	--	27	26432	买盘
10:18:15	9.79	--	165	161535	买盘
10:17:51	9.79	--	8	7831	买盘
10:17:48	9.79	0.01	1	978	买盘
10:17:45	9.78	--	10	9780	卖盘
10:17:39	9.78	--	11	10758	卖盘
10:17:30	9.78	-0.01	9	8802	卖盘
10:17:21	9.79	0.01	21	20559	买盘
10:17:15	9.78	--	12	11736	卖盘
10:17:12	9.78	--	53	51834	卖盘
10:17:03	9.78	0.01	8	7823	中性盘
10:16:57	9.77	--	25	24913	卖盘
10:16:51	9.77	-0.01	23	22471	卖盘
10:16:48	9.78	--	27	26895	卖盘
10:16:45	9.78	--	2	2445	买盘
10:16:39	9.78	--	54	52812	买盘
10:16:30	9.78	--	10	9780	买盘
10:15:57	9.78	--	9	9291	卖盘
10:15:54	9.78	--	113	110514	卖盘
10:15:51	9.78	--	163	159903	买盘
10:15:42	9.78	0.01	73	71394	买盘
10:15:39	9.77	-0.01	50	48850	卖盘
10:15:33	9.78	--	5	4890	买盘
10:15:30	9.78	--	22	21516	买盘
10:15:21	9.78	--	3	2934	买盘
10:15:18	9.78	0.01	3	2934	买盘
10:15:12	9.77	-0.01	313	305801	卖盘
10:15:06	9.78	0.01	10	9780	买盘
10:15:00	9.77	-0.01	19	18563	卖盘
10:14:57	9.78	--	23	22494	买盘
10:14:54	9.78	--	6	5868	买盘
10:14:33	9.78	--	1	977	买盘
10:14:24	9.78	--	4	3911	买盘
10:14:18	9.78	--	5	4890	买盘
10:14:12	9.78	--	11	10758	买盘
10:13:54	9.78	--	20	19560	买盘
10:13:51	9.78	0.01	136	133008	买盘
10:13:45	9.77	-0.01	8	7816	卖盘
10:13:39	9.78	0.01	30	29339	买盘
10:13:03	9.77	--	10	9770	买盘
10:13:00	9.77	--	20	19540	买盘
10:12:57	9.77	--	3	2931	买盘
10:12:45	9.77	0.01	13	12701	买盘
10:12:42	9.76	-0.02	35	34160	卖盘
10:12:30	9.78	--	10	9780	买盘
10:12:24	9.78	0.01	70	68460	买盘
10:12:21	9.77	--	20	19540	卖盘
10:12:18	9.77	--	16	15632	卖盘
10:12:15	9.77	--	24	23448	卖盘
10:12:06	9.77	--	4	3908	卖盘
10:12:00	9.77	0.01	169	165113	买盘
10:11:54	9.76	-0.01	518	505568	卖盘
10:11:51	9.77	0.01	200	195400	买盘
10:11:45	9.76	-0.01	20	19520	卖盘
10:11:33	9.77	--	2	1954	买盘
10:11:21	9.77	--	1	977	卖盘
10:11:18	9.77	--	31	30287	买盘
10:11:12	9.77	0.01	50	48850	买盘
10:11:06	9.76	-0.01	28	27328	卖盘
10:11:00	9.77	--	10	9770	买盘
10:10:54	9.77	--	28	27356	买盘
10:10:45	9.77	--	5	4885	买盘
10:10:30	9.77	--	2	1954	买盘
10:10:24	9.77	0.01	10	9770	买盘
10:10:21	9.76	-0.01	55	53680	卖盘
10:10:18	9.77	--	20	19540	买盘
10:10:15	9.77	0.01	2	1954	买盘
10:10:12	9.76	--	5	4880	卖盘
10:10:09	9.76	--	7	6832	卖盘
10:10:03	9.76	-0.01	515	502640	卖盘
10:10:00	9.77	0.01	4	3908	买盘
10:09:54	9.76	--	4	3904	卖盘
10:09:48	9.76	-0.01	42	40992	卖盘
10:09:42	9.77	--	3	2931	买盘
10:09:39	9.77	0.01	10	9770	买盘
10:09:36	9.76	-0.01	100	97600	卖盘
10:09:30	9.77	--	58	56666	买盘
10:09:24	9.77	0.01	50	48850	买盘
10:09:18	9.76	--	28	27328	卖盘
10:09:15	9.76	-0.01	300	292800	卖盘
10:09:12	9.77	--	100	97700	买盘
10:09:09	9.77	0.01	5	4885	买盘
10:09:00	9.76	--	30	29280	卖盘
10:08:57	9.76	--	17	16592	卖盘
10:08:54	9.76	-0.01	50	48800	卖盘
10:08:48	9.77	0.01	10	9770	买盘
10:08:39	9.76	-0.01	16	15616	卖盘
10:08:33	9.77	--	100	97700	买盘
10:08:24	9.77	-0.01	234	228618	卖盘
10:08:15	9.78	0.01	100	97800	买盘
10:08:06	9.77	-0.01	500	488500	卖盘
10:07:57	9.78	--	109	107482	卖盘
10:07:51	9.78	--	50	48900	卖盘
10:07:48	9.78	--	28	27384	卖盘
10:07:42	9.78	--	10	9780	卖盘
10:07:39	9.78	-0.01	40	39120	卖盘
10:07:36	9.79	--	6	5873	买盘
10:07:30	9.79	--	5	4895	买盘
10:07:21	9.79	0.01	7	6852	买盘
10:07:18	9.78	-0.01	40	39120	卖盘
10:07:09	9.79	0.01	38	37202	买盘
10:07:03	9.78	--	74	72372	卖盘
10:06:57	9.78	--	10	9780	卖盘
10:06:54	9.78	--	22	21516	卖盘
10:06:48	9.78	--	5	4890	卖盘
10:06:45	9.78	-0.01	60	58679	卖盘
10:06:42	9.79	0.01	45	44054	买盘
10:06:36	9.78	--	4	3911	卖盘
10:06:30	9.78	-0.01	5	4890	卖盘
10:06:27	9.79	--	27	26432	买盘
10:06:24	9.79	0.01	7	6852	买盘
10:06:15	9.78	-0.01	12	11736	卖盘
10:06:12	9.79	0.01	1	978	买盘
10:06:09	9.78	-0.01	10	9780	卖盘
10:06:03	9.79	0.01	200	195799	买盘
10:05:57	9.78	--	10	9780	卖盘
10:05:42	9.78	--	50	48900	卖盘
10:05:33	9.78	--	777	760003	买盘
10:05:21	9.78	--	8	7823	买盘
10:05:18	9.78	--	200	195600	买盘
10:05:09	9.78	--	50	48900	买盘
10:05:06	9.78	--	11	10758	买盘
10:05:03	9.78	-0.01	85	83130	卖盘
10:05:00	9.79	0.01	10	9790	买盘
10:04:57	9.78	--	66	64547	卖盘
10:04:45	9.78	-0.01	26	25428	卖盘
10:04:42	9.79	0.01	10	9790	买盘
10:04:39	9.78	--	1	977	卖盘
10:04:36	9.78	--	286	279708	卖盘
10:04:30	9.78	-0.01	20	19560	卖盘
10:04:27	9.79	--	2	1957	买盘
10:04:24	9.79	--	20	19580	买盘
10:04:18	9.79	-0.01	3	2936	卖盘
10:04:15	9.8	--	37	36260	买盘
10:04:12	9.8	--	122	119560	买盘
10:03:54	9.8	0.01	56	54880	买盘
10:03:51	9.79	--	31	30348	卖盘
10:03:45	9.79	-0.01	15	14684	卖盘
10:03:39	9.8	--	8	7840	买盘
10:03:33	9.8	0.01	5	4900	买盘
10:03:24	9.79	-0.01	20	19580	卖盘
10:03:15	9.8	--	30	29400	买盘
10:03:12	9.8	0.01	8	7840	买盘
10:03:09	9.79	-0.01	7	6852	卖盘
10:03:06	9.8	0.01	1	980	买盘
10:02:57	9.79	--	84	82236	卖盘
10:02:51	9.79	0.01	47	46012	买盘
10:02:42	9.78	-0.01	26	25428	卖盘
10:02:39	9.79	--	38	37202	买盘
10:02:33	9.79	--	1	978	买盘
10:02:30	9.79	0.01	40	39160	买盘
10:02:12	9.78	--	1	977	买盘
10:02:06	9.78	--	1	977	买盘
10:02:03	9.78	0.01	3	2934	买盘
10:02:00	9.77	0.01	524	511948	买盘
10:01:57	9.76	-0.01	5	4880	卖盘
10:01:45	9.77	--	5	4885	买盘
10:01:36	9.77	0.01	2	1954	买盘
10:01:33	9.76	--	31	30256	卖盘
10:01:27	9.76	-0.01	5	4880	卖盘
10:01:24	9.77	--	51	49827	买盘
10:01:18	9.77	--	5	4885	买盘
10:01:15	9.77	--	15	14655	买盘
10:01:12	9.77	--	16	15632	买盘
10:01:06	9.77	--	1	977	买盘
10:01:03	9.77	--	4	3908	买盘
10:00:48	9.77	0.01	32	31264	买盘
10:00:45	9.76	--	51	49776	买盘
10:00:42	9.76	--	5	4880	买盘
10:00:39	9.76	-0.01	94	91744	卖盘
10:00:36	9.77	0.01	127	124079	买盘
10:00:27	9.76	--	125	122000	卖盘
10:00:21	9.76	--	4	3904	买盘
10:00:18	9.76	--	318	310368	买盘
10:00:12	9.76	--	10	9760	买盘
10:00:09	9.76	--	100	97600	买盘
10:00:06	9.76	0.01	11	10736	买盘
10:00:03	9.75	-0.01	141	137475	卖盘
10:00:00	9.76	--	101	98576	买盘
09:59:57	9.76	--	20	19520	买盘
09:59:51	9.76	--	140	136640	卖盘
09:59:48	9.76	--	3	2928	卖盘
09:59:42	9.76	-0.01	10	9760	卖盘
09:59:36	9.77	0.01	2	1954	买盘
09:59:24	9.76	--	30	29280	卖盘
09:59:15	9.76	-0.01	10	9760	卖盘
09:59:12	9.77	--	53	51781	买盘
09:59:03	9.77	0.01	51	49827	买盘
09:59:00	9.76	--	10	9760	卖盘
09:58:54	9.76	-0.01	30	29280	卖盘
09:58:51	9.77	0.01	57	55689	买盘
09:58:42	9.76	-0.01	1	976	卖盘
09:58:39	9.77	--	33	32241	买盘
09:58:36	9.77	0.01	1	977	买盘
09:58:33	9.76	-0.01	63	61488	卖盘
09:58:30	9.77	0.01	1	977	买盘
09:58:27	9.76	-0.01	80	78080	卖盘
09:58:21	9.77	0.01	7	6839	买盘
09:58:18	9.76	-0.01	29	28304	卖盘
09:58:09	9.77	--	4	3908	卖盘
09:58:03	9.77	-0.01	36	35172	卖盘
09:58:00	9.78	0.01	61	59657	买盘
09:57:57	9.77	--	101	98677	卖盘
09:57:54	9.77	--	143	139711	卖盘
09:57:51	9.77	--	117	114309	卖盘
09:57:48	9.77	--	39	38103	卖盘
09:57:45	9.77	-0.01	10	9770	卖盘
09:57:42	9.78	--	17	16626	买盘
09:57:39	9.78	0.01	244	238631	买盘
09:57:33	9.77	--	306	298962	卖盘
09:57:30	9.77	-0.01	1	977	卖盘
09:57:27	9.78	--	120	117359	买盘
09:57:24	9.78	--	41	40098	卖盘
09:57:18	9.78	--	4	3911	卖盘
09:57:09	9.78	-0.01	12	11736	卖盘
09:57:06	9.79	--	13	12726	买盘
09:57:03	9.79	--	7	6852	买盘
09:57:00	9.79	--	31	30348	买盘
09:56:57	9.79	--	6	5873	买盘
09:56:51	9.79	--	22	21537	买盘
09:56:48	9.79	-0.01	15	14684	中性盘
09:56:42	9.8	0.01	104	101920	买盘
09:56:36	9.79	--	77	75383	买盘
09:56:33	9.79	0.01	9	8811	买盘
09:56:30	9.78	--	79	77262	卖盘
09:56:21	9.78	-0.01	8	7823	卖盘
09:56:15	9.79	0.01	2	1957	买盘
09:56:09	9.78	--	22	21516	卖盘
09:56:03	9.78	-0.02	103	100734	卖盘
09:56:00	9.8	--	277	271460	买盘
09:55:54	9.8	0.01	31	30380	买盘
09:55:45	9.79	-0.01	110	107689	卖盘
09:55:42	9.8	--	19	18620	买盘
09:55:36	9.8	--	1	980	买盘
09:55:33	9.8	--	14	13720	买盘
09:55:30	9.8	0.01	10	9800	买盘
09:55:27	9.79	-0.01	105	102794	卖盘
09:55:24	9.8	--	10	9800	买盘
09:55:21	9.8	--	40	39200	买盘
09:55:18	9.8	--	1	980	买盘
09:55:06	9.8	--	100	98000	买盘
09:55:03	9.8	0.01	101	98980	买盘
09:54:54	9.79	-0.01	231	226148	卖盘
09:54:51	9.8	--	5	4900	买盘
09:54:45	9.8	--	30	29400	买盘
09:54:36	9.8	--	20	19600	买盘
09:54:33	9.8	--	3	2940	买盘
09:54:15	9.8	--	10	9800	买盘
09:54:09	9.8	--	78	76440	卖盘
09:54:03	9.8	--	37	36260	卖盘
09:53:57	9.8	--	40	39200	卖盘
09:53:54	9.8	-0.01	50	49000	卖盘
09:53:51	9.81	0.01	5	4905	买盘
09:53:48	9.8	--	73	71540	卖盘
09:53:42	9.8	--	45	44100	卖盘
09:53:36	9.8	-0.01	12	11760	卖盘
09:53:33	9.81	--	11	10791	买盘
09:53:30	9.81	--	10	9810	买盘
09:53:27	9.81	0.01	2	1962	买盘
09:53:24	9.8	--	5	4900	卖盘
09:53:21	9.8	--	51	49980	卖盘
09:53:18	9.8	--	10	9800	卖盘
09:53:12	9.8	-0.01	28	27440	卖盘
09:53:09	9.81	--	3	2943	买盘
09:53:06	9.81	0.01	41	40221	买盘
09:53:03	9.8	--	3	2940	卖盘
09:53:00	9.8	-0.01	41	40180	卖盘
09:52:57	9.81	0.01	10	9810	买盘
09:52:54	9.8	--	275	269500	买盘
09:52:51	9.8	--	4	3920	买盘
09:52:48	9.8	--	10	9800	卖盘
09:52:39	9.8	--	18	17640	买盘
09:52:36	9.8	-0.01	3	2940	中性盘
09:52:18	9.81	0.01	20	19620	买盘
09:52:15	9.8	-0.01	50	49000	卖盘
09:52:12	9.81	--	39	38259	买盘
09:52:06	9.81	0.01	20	19620	买盘
09:52:00	9.8	0.01	251	245980	买盘
09:51:54	9.79	--	20	19580	买盘
09:51:48	9.79	--	20	19580	卖盘
09:51:39	9.79	--	5	4895	卖盘
09:51:33	9.79	--	8	7831	买盘
09:51:24	9.79	--	25	24474	买盘
09:51:18	9.79	0.01	8	7831	买盘
09:51:15	9.78	--	1	977	买盘
09:51:12	9.78	-0.01	100	97800	卖盘
09:51:09	9.79	--	49	47970	卖盘
09:51:06	9.79	--	10	9790	卖盘
09:51:03	9.79	0.01	50	48949	买盘
09:51:00	9.78	--	12	11736	卖盘
09:50:51	9.78	-0.01	100	97800	卖盘
09:50:48	9.79	--	24	23495	买盘
09:50:45	9.79	--	18	17622	买盘
09:50:36	9.79	--	175	171324	卖盘
09:50:33	9.79	-0.01	7	6852	卖盘
09:50:30	9.8	--	48	47040	买盘
09:50:21	9.8	--	20	19600	买盘
09:50:18	9.8	--	1	980	买盘
09:50:09	9.8	-0.02	21	20580	卖盘
09:50:06	9.82	0.01	10	9820	买盘
09:50:03	9.81	0.01	253	248193	买盘
09:50:00	9.8	--	251	245980	卖盘
09:49:51	9.8	-0.01	20	19600	卖盘
09:49:48	9.81	0.01	10	9810	买盘
09:49:45	9.8	--	90	88200	卖盘
09:49:42	9.8	-0.01	28	27440	卖盘
09:49:36	9.81	--	5	4905	买盘
09:49:30	9.81	0.01	21	20601	买盘
09:49:27	9.8	-0.01	5	4900	卖盘
09:49:24	9.81	--	36	35316	买盘
09:49:15	9.81	--	36	35316	买盘
09:49:12	9.81	-0.01	7	6867	卖盘
09:49:09	9.82	0.01	103	101146	买盘
09:49:06	9.81	-0.01	26	25506	卖盘
09:49:03	9.82	0.01	50	49100	买盘
09:48:57	9.81	--	60	58860	卖盘
09:48:54	9.81	-0.01	84	82404	卖盘
09:48:51	9.82	0.01	34	33388	买盘
09:48:48	9.81	--	10	9810	卖盘
09:48:45	9.81	--	21	20601	卖盘
09:48:42	9.81	--	30	29430	卖盘
09:48:36	9.81	--	5	4905	卖盘
09:48:33	9.81	--	389	381609	卖盘
09:48:30	9.81	0.02	567	556227	买盘
09:48:27	9.79	-0.01	4	3915	卖盘
09:48:21	9.8	--	6	5880	买盘
09:48:15	9.8	--	14	13720	买盘
09:48:12	9.8	-0.01	61	59780	卖盘
09:48:09	9.81	0.01	32	31392	买盘
09:48:06	9.8	--	72	70560	卖盘
09:48:03	9.8	-0.01	20	19600	卖盘
09:48:00	9.81	--	2	1962	买盘
09:47:54	9.81	0.01	15	14715	买盘
09:47:51	9.8	--	10	9800	卖盘
09:47:48	9.8	-0.01	61	59780	卖盘
09:47:45	9.81	--	7	6867	买盘
09:47:42	9.81	--	46	45126	买盘
09:47:39	9.81	--	69	67689	卖盘
09:47:36	9.81	-0.01	13	12753	卖盘
09:47:33	9.82	0.01	180	176760	买盘
09:47:30	9.81	--	132	129492	卖盘
09:47:27	9.81	-0.01	40	39240	卖盘
09:47:21	9.82	0.01	118	115876	买盘
09:47:18	9.81	--	279	273699	买盘
09:47:15	9.81	0.01	11	10791	买盘
09:47:12	9.8	-0.01	44	43120	卖盘
09:47:09	9.81	--	12	11772	买盘
09:47:06	9.81	--	182	178542	买盘
09:47:00	9.81	--	5	4905	卖盘
09:46:57	9.81	--	4	3924	卖盘
09:46:54	9.81	--	25	24525	买盘
09:46:51	9.81	--	43	42183	买盘
09:46:48	9.81	--	55	53955	买盘
09:46:45	9.81	--	101	99081	买盘
09:46:42	9.81	--	52	51012	买盘
09:46:39	9.81	--	113	110853	卖盘
09:46:36	9.81	--	51	50031	卖盘
09:46:33	9.81	-0.01	35	34335	卖盘
09:46:30	9.82	0.01	556	545992	买盘
09:46:27	9.81	-0.01	92	90252	卖盘
09:46:24	9.82	--	9	8838	买盘
09:46:21	9.82	--	167	163994	买盘
09:46:18	9.82	--	143	140426	买盘
09:46:15	9.82	--	35	34370	买盘
09:46:12	9.82	-0.01	51	50082	卖盘
09:46:09	9.83	0.01	38	37354	买盘
09:46:03	9.82	-0.01	13	12766	卖盘
09:46:00	9.83	--	20	19660	买盘
09:45:54	9.83	--	11	10813	买盘
09:45:51	9.83	0.02	533	523939	买盘
09:45:48	9.81	-0.01	31	30411	卖盘
09:45:45	9.82	--	110	108020	买盘
09:45:42	9.82	0.01	10	9820	买盘
09:45:39	9.81	-0.01	5	4905	卖盘
09:45:33	9.82	0.01	35	34370	买盘
09:45:30	9.81	--	5	4905	卖盘
09:45:27	9.81	--	148	145188	买盘
09:45:24	9.81	--	19	18639	买盘
09:45:21	9.81	--	121	118701	买盘
09:45:15	9.81	0.01	24	23544	买盘
09:45:12	9.8	--	5	4900	卖盘
09:45:09	9.8	--	48	47040	卖盘
09:45:00	9.8	--	47	46060	卖盘
09:44:54	9.8	--	304	297920	买盘
09:44:51	9.8	0.01	68	66640	买盘
09:44:48	9.79	--	75	73425	卖盘
09:44:45	9.79	-0.01	100	97899	卖盘
09:44:42	9.8	--	50	49000	买盘
09:44:33	9.8	0.02	3	2940	买盘
09:44:21	9.78	-0.01	100	97800	卖盘
09:44:18	9.79	--	82	80278	买盘
09:44:15	9.79	--	303	296637	买盘
09:44:12	9.79	--	1	978	买盘
09:44:09	9.79	0.01	84	82236	买盘
09:44:06	9.78	--	45	44010	卖盘
09:43:57	9.78	--	10	9780	卖盘
09:43:51	9.78	--	10	9780	卖盘
09:43:48	9.78	--	232	226895	买盘
09:43:45	9.78	0.01	133	130073	买盘
09:43:42	9.77	--	11	10747	买盘
09:43:39	9.77	-0.01	9	8793	卖盘
09:43:36	9.78	--	29	28361	卖盘
09:43:33	9.78	0.02	2	1955	中性盘
09:43:27	9.76	-0.01	159	155184	卖盘
09:43:24	9.77	--	57	55689	卖盘
09:43:21	9.77	--	29	28333	卖盘
09:43:18	9.77	--	88	85976	卖盘
09:43:15	9.77	-0.01	21	20517	卖盘
09:43:12	9.78	--	16	15647	买盘
09:43:06	9.78	0.02	60	58679	买盘
09:43:03	9.76	-0.01	11	10736	卖盘
09:43:00	9.77	-0.01	43	42011	卖盘
09:42:57	9.78	0.01	96	93888	买盘
09:42:54	9.77	0.01	52	50804	买盘
09:42:51	9.76	--	43	41968	卖盘
09:42:48	9.76	-0.01	60	58560	卖盘
09:42:45	9.77	0.01	80	78160	买盘
09:42:39	9.76	-0.01	3	2928	卖盘
09:42:36	9.77	0.01	10	9770	买盘
09:42:24	9.76	0.02	258	251808	买盘
09:42:21	9.74	--	36	35064	卖盘
09:42:18	9.74	--	74	72076	买盘
09:42:15	9.74	0.01	62	60388	买盘
09:42:12	9.73	--	2	1946	卖盘
09:42:00	9.73	-0.01	10	9730	卖盘
09:41:57	9.74	0.01	20	19480	买盘
09:41:54	9.73	--	38	36974	买盘
09:41:51	9.73	--	15	14595	买盘
09:41:48	9.73	--	5	4865	买盘
09:41:45	9.73	0.01	22	21406	买盘
09:41:42	9.72	-0.01	18	17496	卖盘
09:41:39	9.73	--	40	38920	买盘
09:41:36	9.73	0.01	204	198492	买盘
09:41:33	9.72	--	68	66096	卖盘
09:41:30	9.72	--	5	4860	卖盘
09:41:21	9.72	--	87	84564	卖盘
09:41:15	9.72	--	540	524880	买盘
09:41:12	9.72	--	60	58320	买盘
09:41:09	9.72	--	9	8748	买盘
09:41:06	9.72	--	119	115668	买盘
09:41:03	9.72	--	30	29160	买盘
09:41:00	9.72	--	49	47628	买盘
09:40:54	9.72	--	17	16524	买盘
09:40:51	9.72	--	40	38880	买盘
09:40:48	9.72	--	139	135108	买盘
09:40:45	9.72	0.01	77	74844	买盘
09:40:42	9.71	-0.01	22	21362	卖盘
09:40:39	9.72	--	105	102060	买盘
09:40:36	9.72	--	25	24300	买盘
09:40:33	9.72	--	20	19440	买盘
09:40:30	9.72	--	60	58320	买盘
09:40:18	9.72	--	42	40824	买盘
09:40:15	9.72	0.01	42	40824	买盘
09:40:09	9.71	-0.01	14	13594	卖盘
09:40:06	9.72	--	30	29160	买盘
09:40:00	9.72	--	57	55404	买盘
09:39:54	9.72	--	86	83592	买盘
09:39:51	9.72	0.01	19	18468	买盘
09:39:48	9.71	--	69	66999	卖盘
09:39:42	9.71	--	30	29130	卖盘
09:39:39	9.71	-0.01	50	48550	卖盘
09:39:36	9.72	0.01	406	394632	买盘
09:39:33	9.71	--	469	455399	卖盘
09:39:30	9.71	--	8	7768	卖盘
09:39:27	9.71	--	2	1942	卖盘
09:39:21	9.71	-0.01	170	165070	卖盘
09:39:18	9.72	0.01	15	14580	买盘
09:39:15	9.71	-0.01	10	9710	卖盘
09:39:12	9.72	--	16	15552	买盘
09:39:09	9.72	0.01	1	972	买盘
09:39:06	9.71	--	7	6797	卖盘
09:39:00	9.71	-0.01	15	14565	卖盘
09:38:54	9.72	0.01	94	91368	买盘
09:38:51	9.71	--	21	20391	卖盘
09:38:45	9.71	-0.01	34	33014	卖盘
09:38:42	9.72	--	5	4860	买盘
09:38:39	9.72	0.01	5	4860	买盘
09:38:36	9.71	--	104	100984	卖盘
09:38:33	9.71	--	9	8739	卖盘
09:38:30	9.71	-0.01	2	1942	卖盘
09:38:21	9.72	0.01	30	29160	买盘
09:38:18	9.71	--	177	171867	买盘
09:38:15	9.71	--	50	48550	买盘
09:38:09	9.71	--	54	52434	买盘
09:38:06	9.71	-0.01	75	72825	中性盘
09:38:00	9.72	0.01	443	430596	买盘
09:37:57	9.71	--	166	161186	卖盘
09:37:51	9.71	--	70	67970	卖盘
09:37:45	9.71	--	131	127201	卖盘
09:37:42	9.71	-0.01	100	97100	卖盘
09:37:39	9.72	0.01	150	145800	买盘
09:37:36	9.71	--	9	8739	卖盘
09:37:33	9.71	--	49	47579	卖盘
09:37:27	9.71	-0.01	69	66999	卖盘
09:37:21	9.72	--	1	972	买盘
09:37:18	9.72	0.01	5	4860	买盘
09:37:15	9.71	--	24	23304	卖盘
09:37:12	9.71	--	34	33014	卖盘
09:37:06	9.71	-0.01	7	6797	卖盘
09:37:03	9.72	0.01	41	39852	买盘
09:37:00	9.71	-0.01	5	4855	卖盘
09:36:57	9.72	--	59	57348	买盘
09:36:51	9.72	--	109	105948	卖盘
09:36:45	9.72	--	65	63180	卖盘
09:36:33	9.72	--	500	486000	卖盘
09:36:30	9.72	--	8	7776	卖盘
09:36:27	9.72	--	10	9720	卖盘
09:36:24	9.72	--	5	4860	卖盘
09:36:21	9.72	--	109	105948	卖盘
09:36:18	9.72	-0.01	12	11664	卖盘
09:36:12	9.73	0.01	102	99246	买盘
09:36:03	9.72	--	23	22356	卖盘
09:35:48	9.72	-0.01	10	9720	卖盘
09:35:45	9.73	0.01	16	15568	买盘
09:35:36	9.72	-0.01	27	26244	卖盘
09:35:27	9.73	0.01	177	172221	买盘
09:35:12	9.72	-0.01	81	78732	卖盘
09:35:00	9.73	--	7	6811	买盘
09:34:54	9.73	--	15	14595	卖盘
09:34:51	9.73	-0.01	114	110922	卖盘
09:34:48	9.74	0.01	46	44804	买盘
09:34:45	9.73	--	12	11676	卖盘
09:34:42	9.73	-0.01	149	144977	卖盘
09:34:39	9.74	--	10	9740	买盘
09:34:36	9.74	0.01	18	17532	买盘
09:34:33	9.73	-0.01	13	12649	卖盘
09:34:30	9.74	--	2	1948	买盘
09:34:24	9.74	--	20	19480	买盘
09:34:21	9.74	--	60	58440	买盘
09:34:12	9.74	--	31	30194	买盘
09:34:06	9.74	0.01	86	83764	买盘
09:34:03	9.73	--	80	77840	卖盘
09:33:51	9.73	--	36	35028	买盘
09:33:48	9.73	0.01	22	21406	买盘
09:33:45	9.72	-0.01	50	48600	卖盘
09:33:42	9.73	-0.01	1	973	买盘
09:33:39	9.74	0.01	19	18506	买盘
09:33:36	9.73	--	86	83678	卖盘
09:33:30	9.73	--	138	134274	卖盘
09:33:27	9.73	--	6	5838	卖盘
09:33:24	9.73	--	60	58380	卖盘
09:33:21	9.73	--	5	4865	卖盘
09:33:18	9.73	--	33	32109	买盘
09:33:15	9.73	0.01	81	78813	买盘
09:33:06	9.72	-0.02	33	32076	卖盘
09:33:03	9.74	0.03	51	49674	买盘
09:33:00	9.71	-0.01	30	29130	卖盘
09:32:57	9.72	0.01	35	34020	中性盘
09:32:54	9.71	-0.01	169	164099	卖盘
09:32:51	9.72	--	106	103032	买盘
09:32:48	9.72	--	19	18468	买盘
09:32:45	9.72	--	20	19440	买盘
09:32:42	9.72	-0.01	91	88452	卖盘
09:32:39	9.73	0.01	44	42812	买盘
09:32:36	9.72	-0.01	86	83592	卖盘
09:32:33	9.73	0.01	38	36974	买盘
09:32:30	9.72	-0.01	50	48600	卖盘
09:32:27	9.73	--	32	31136	买盘
09:32:24	9.73	--	6	5838	买盘
09:32:21	9.73	--	6	5838	买盘
09:32:18	9.73	--	102	99246	买盘
09:32:15	9.73	--	177	172221	买盘
09:32:09	9.73	0.01	2	1946	买盘
09:32:00	9.72	--	20	19440	卖盘
09:31:57	9.72	-0.01	14	13608	卖盘
09:31:54	9.73	0.01	31	30163	买盘
09:31:51	9.72	--	135	131220	买盘
09:31:45	9.72	--	118	114696	买盘
09:31:42	9.72	--	3	2916	买盘
09:31:39	9.72	--	20	19440	买盘
09:31:36	9.72	--	25	24300	买盘
09:31:30	9.72	--	41	39852	买盘
09:31:27	9.72	--	32	31104	卖盘
09:31:24	9.72	--	8	7776	卖盘
09:31:21	9.72	--	74	71928	卖盘
09:31:18	9.72	--	24	23328	卖盘
09:31:12	9.72	--	460	447120	卖盘
09:31:09	9.72	-0.01	53	51516	卖盘
09:31:06	9.73	--	32	31136	买盘
09:31:03	9.73	0.01	226	219898	买盘
09:30:57	9.72	--	100	97200	卖盘
09:30:54	9.72	--	2	1944	卖盘
09:30:48	9.72	--	10	9720	卖盘
09:30:42	9.72	--	20	19440	卖盘
09:30:39	9.72	--	40	38880	卖盘
09:30:33	9.72	--	200	194400	卖盘
09:30:27	9.72	-0.01	3	2916	卖盘
09:30:24	9.73	0.01	130	126490	买盘
09:30:18	9.72	-0.01	53	51516	卖盘
09:30:15	9.73	--	2	1946	买盘
09:30:12	9.73	--	12	11676	买盘
09:30:09	9.73	--	249	242277	买盘
09:30:06	9.73	-0.02	714	694722	卖盘
09:30:03	9.75	-0.01	137	133575	卖盘
09:25:03	9.76	9.76	668	651968	买盘
