成交时间	成交价	价格变动	成交量(手)	成交额(元)	性质
15:00:03	10.56	-0.03	3771	3982176	卖盘
14:57:03	10.59	--	0	0	买盘
14:56:57	10.59	--	23	24357	买盘
14:56:54	10.59	--	100	105900	买盘
14:56:51	10.59	--	239	254149	卖盘
14:56:48	10.59	--	10	10590	卖盘
14:56:45	10.59	--	5	5295	卖盘
14:56:36	10.59	-0.01	19	20121	卖盘
14:56:33	10.6	0.01	79	83740	买盘
14:56:30	10.59	--	26	27534	卖盘
14:56:24	10.59	--	40	42370	买盘
14:56:21	10.59	-0.01	80	85768	卖盘
14:56:18	10.6	0.01	50	53000	买盘
14:56:15	10.59	--	20	21180	卖盘
14:56:12	10.59	--	1	1059	卖盘
14:56:09	10.59	-0.01	50	52950	卖盘
14:56:06	10.6	0.01	65	68900	买盘
14:56:03	10.59	--	20	21190	买盘
14:56:00	10.59	--	5	5295	买盘
14:55:57	10.59	--	8	9520	卖盘
14:55:54	10.59	--	19	20121	卖盘
14:55:51	10.59	--	5	5295	卖盘
14:55:48	10.59	--	55	58245	卖盘
14:55:45	10.59	--	35	37065	卖盘
14:55:36	10.59	--	63	66717	卖盘
14:55:33	10.59	--	27	28593	卖盘
14:55:30	10.59	--	20	21180	卖盘
14:55:27	10.59	--	8	8472	卖盘
14:55:24	10.59	--	10	10590	卖盘
14:55:21	10.59	--	27	28593	卖盘
14:55:18	10.59	-0.01	18	19062	卖盘
14:55:15	10.6	0.01	56	59360	买盘
14:55:12	10.59	--	22	23308	卖盘
14:55:09	10.59	-0.01	11	11649	卖盘
14:55:06	10.6	--	2	2120	买盘
14:55:00	10.6	--	253	268180	买盘
14:54:57	10.6	--	59	62540	买盘
14:54:51	10.6	--	52	55120	买盘
14:54:45	10.6	--	284	301040	卖盘
14:54:39	10.6	-0.01	20	21200	卖盘
14:54:30	10.61	-0.01	11	11671	买盘
14:54:27	10.62	--	420	446039	买盘
14:54:24	10.62	--	267	283554	买盘
14:54:21	10.62	--	10	10620	买盘
14:54:18	10.62	-0.01	127	134874	卖盘
14:53:57	10.63	--	151	160513	买盘
14:53:51	10.63	0.01	1	1063	买盘
14:53:48	10.62	-0.01	39	41418	卖盘
14:53:42	10.63	0.01	93	98859	买盘
14:53:33	10.62	-0.01	3	3185	卖盘
14:53:27	10.63	0.01	9	9567	买盘
14:53:18	10.62	--	50	53099	卖盘
14:53:15	10.62	--	40	42480	卖盘
14:53:12	10.62	--	14	14867	卖盘
14:53:06	10.62	--	17	18054	卖盘
14:52:57	10.62	--	4	4248	卖盘
14:52:48	10.62	0.01	32	33984	买盘
14:52:42	10.61	--	1	1061	卖盘
14:52:39	10.61	-0.02	14	14854	卖盘
14:52:33	10.63	--	19	20197	卖盘
14:52:30	10.63	0.01	267	283821	买盘
14:52:27	10.62	0.01	58	61595	买盘
14:52:18	10.61	-0.01	20	21220	卖盘
14:52:15	10.62	--	101	107261	买盘
14:52:06	10.62	0.01	8	8496	买盘
14:52:00	10.61	-0.01	29	30769	卖盘
14:51:54	10.62	0.01	219	232577	买盘
14:51:45	10.61	--	112	118832	卖盘
14:51:42	10.61	--	2	2122	卖盘
14:51:27	10.61	--	20	21220	卖盘
14:51:21	10.61	--	260	275860	卖盘
14:51:15	10.61	--	20	21220	卖盘
14:51:12	10.61	-0.01	3	3183	卖盘
14:51:09	10.62	0.01	15	15929	买盘
14:50:57	10.61	--	4	4244	卖盘
14:50:54	10.61	--	75	79575	卖盘
14:50:51	10.61	-0.01	13	13793	卖盘
14:50:42	10.62	--	205	217709	买盘
14:50:33	10.62	--	20	21240	买盘
14:50:30	10.62	--	120	127439	买盘
14:50:21	10.62	--	10	10620	买盘
14:50:18	10.62	--	10	10620	买盘
14:50:12	10.62	--	28	29735	卖盘
14:50:09	10.62	--	19	20178	卖盘
14:49:54	10.62	--	3	3185	卖盘
14:49:48	10.62	-0.01	30	31859	卖盘
14:49:45	10.63	--	30	31890	买盘
14:49:39	10.63	0.01	1	1063	买盘
14:49:33	10.62	-0.01	58	61595	卖盘
14:49:27	10.63	-0.01	20	21260	中性盘
14:49:21	10.64	0.01	37	39368	买盘
14:49:18	10.63	0.01	71	75473	中性盘
14:49:03	10.62	-0.01	38	40356	卖盘
14:48:57	10.63	0.01	168	178584	中性盘
14:48:48	10.62	--	100	106199	卖盘
14:48:45	10.62	--	920	977039	卖盘
14:48:21	10.62	-0.01	2	2570	卖盘
14:48:18	10.63	--	30	31890	买盘
14:48:15	10.63	-0.01	270	287010	卖盘
14:48:09	10.64	0.01	9	9576	买盘
14:48:06	10.63	--	10	10630	卖盘
14:48:03	10.63	-0.01	10	10630	卖盘
14:48:00	10.64	--	15	15960	买盘
14:47:54	10.64	--	2	2128	买盘
14:47:51	10.64	--	5	5320	买盘
14:47:48	10.64	0.01	4	4256	买盘
14:47:39	10.63	-0.01	15	15945	卖盘
14:47:36	10.64	--	179	190456	买盘
14:47:30	10.64	--	20	21280	买盘
14:47:24	10.64	0.01	29	30856	买盘
14:47:18	10.63	--	7	7441	卖盘
14:46:54	10.63	-0.01	10	10630	卖盘
14:46:51	10.64	--	36	38304	中性盘
14:46:45	10.64	--	10	10640	卖盘
14:46:39	10.64	--	20	21280	卖盘
14:46:33	10.64	--	15	15960	卖盘
14:46:30	10.64	--	27	28728	卖盘
14:46:18	10.64	0.01	46	48944	买盘
14:46:03	10.63	--	15	15945	卖盘
14:45:57	10.63	-0.02	9	9567	卖盘
14:45:48	10.65	0.02	8	8520	买盘
14:45:42	10.63	-0.01	87	92481	卖盘
14:45:33	10.64	--	30	31920	卖盘
14:45:30	10.64	--	32	34048	买盘
14:45:27	10.64	--	2	2128	买盘
14:45:21	10.64	--	51	54264	买盘
14:45:18	10.64	--	38	40432	买盘
14:45:12	10.64	0.01	9	9576	买盘
14:45:03	10.63	--	20	21260	卖盘
14:45:00	10.63	-0.01	29	30827	卖盘
14:44:54	10.64	-0.01	30	31920	买盘
14:44:36	10.65	0.02	300	319500	买盘
14:44:21	10.63	-0.01	1	1063	卖盘
14:44:18	10.64	-0.01	2	2128	中性盘
14:43:51	10.65	0.01	196	208740	买盘
14:43:39	10.64	--	6	6384	卖盘
14:43:36	10.64	--	4	4256	买盘
14:43:27	10.64	-0.01	1	1064	中性盘
14:43:15	10.65	0.02	120	127800	买盘
14:43:12	10.63	--	10	10630	卖盘
14:43:09	10.63	0.01	57	60591	买盘
14:43:06	10.62	-0.01	302	320724	卖盘
14:42:57	10.63	0.01	10	10630	买盘
14:42:51	10.62	-0.01	121	128501	卖盘
14:42:48	10.63	--	10	10630	买盘
14:42:36	10.63	--	104	110552	买盘
14:42:30	10.63	0.01	50	53150	买盘
14:42:27	10.62	-0.01	23	24426	卖盘
14:42:18	10.63	--	200	212600	买盘
14:42:09	10.63	0.01	153	163255	买盘
14:42:06	10.62	--	10	10620	买盘
14:41:54	10.62	--	0	446	卖盘
14:41:51	10.62	--	3	3185	卖盘
14:41:48	10.62	--	1	1677	买盘
14:41:45	10.62	--	1	1062	买盘
14:41:42	10.62	--	2	2570	卖盘
14:41:39	10.62	-0.01	200	212399	卖盘
14:41:36	10.63	0.01	3	3189	买盘
14:41:27	10.62	--	5	5310	卖盘
14:41:15	10.62	-0.01	20	21240	卖盘
14:41:09	10.63	0.01	172	182836	买盘
14:41:03	10.62	-0.01	9	9558	卖盘
14:40:51	10.63	0.01	20	21260	买盘
14:40:21	10.62	--	25	26549	卖盘
14:40:18	10.62	--	10	10620	卖盘
14:40:06	10.62	--	50	53099	卖盘
14:40:03	10.62	--	5	5310	卖盘
14:39:54	10.62	--	11	11682	卖盘
14:39:45	10.62	--	86	91332	卖盘
14:39:30	10.62	--	1	1062	卖盘
14:39:21	10.62	--	10	11235	买盘
14:39:18	10.62	--	20	21240	买盘
14:39:15	10.62	0.01	5	5310	买盘
14:39:12	10.61	-0.01	147	155967	卖盘
14:39:09	10.62	0.01	58	61595	买盘
14:39:03	10.61	--	50	53050	卖盘
14:39:00	10.61	--	20	21220	卖盘
14:38:54	10.61	--	5	5305	卖盘
14:38:45	10.61	--	100	106100	卖盘
14:38:33	10.61	-0.01	11	11671	卖盘
14:38:30	10.62	--	1	1062	买盘
14:38:24	10.62	--	11	12128	卖盘
14:38:15	10.62	--	14	15483	卖盘
14:37:48	10.62	--	40	42480	卖盘
14:37:33	10.62	-0.01	9	9558	卖盘
14:37:27	10.63	--	20	21260	买盘
14:37:12	10.63	--	20	21260	买盘
14:37:00	10.63	-0.01	327	347601	卖盘
14:36:54	10.64	--	5	5320	卖盘
14:36:48	10.64	--	1	1064	卖盘
14:36:45	10.64	0.01	181	192584	买盘
14:36:42	10.63	--	10	10630	卖盘
14:36:39	10.63	--	5	5315	卖盘
14:36:33	10.63	--	71	75473	卖盘
14:36:27	10.63	--	9	9567	卖盘
14:36:18	10.63	-0.01	10	10630	卖盘
14:36:12	10.64	--	61	64904	买盘
14:36:09	10.64	--	1	1064	买盘
14:36:03	10.64	--	10	10640	买盘
14:36:00	10.64	--	1	1064	买盘
14:35:57	10.64	--	8	8512	买盘
14:35:51	10.64	--	1	1064	买盘
14:35:39	10.64	--	50	53200	买盘
14:35:21	10.64	--	17	18088	买盘
14:35:15	10.64	0.01	4	4256	买盘
14:35:09	10.63	--	147	156261	卖盘
14:35:06	10.63	--	20	21260	卖盘
14:34:54	10.63	--	9	9567	卖盘
14:34:33	10.63	0.01	105	111615	买盘
14:34:24	10.62	-0.01	4	4248	卖盘
14:34:09	10.63	--	20	21260	卖盘
14:33:54	10.63	0.01	56	59528	买盘
14:33:48	10.62	--	20	21240	卖盘
14:33:45	10.62	--	48	50975	卖盘
14:33:42	10.62	--	20	21240	卖盘
14:33:36	10.62	--	17	18054	买盘
14:33:33	10.62	0.01	16	16992	买盘
14:33:30	10.61	--	9	9549	卖盘
14:33:27	10.61	-0.01	7	7427	卖盘
14:33:24	10.62	--	140	148680	卖盘
14:33:18	10.62	--	40	42480	卖盘
14:33:15	10.62	0.01	1	1062	中性盘
14:32:57	10.61	--	120	127320	卖盘
14:32:54	10.61	--	20	21220	卖盘
14:32:51	10.61	-0.01	1	1061	卖盘
14:32:48	10.62	0.01	300	318600	买盘
14:32:45	10.61	--	40	42440	卖盘
14:32:42	10.61	-0.01	30	31830	卖盘
14:32:36	10.62	0.01	18	19116	买盘
14:32:33	10.61	-0.01	105	111405	卖盘
14:32:27	10.62	--	80	84960	买盘
14:32:24	10.62	0.01	30	31859	买盘
14:32:18	10.61	-0.01	24	25464	卖盘
14:32:09	10.62	0.01	220	233639	买盘
14:32:06	10.61	-0.01	20	21220	卖盘
14:32:00	10.62	--	3	3185	买盘
14:31:57	10.62	--	30	31859	买盘
14:31:54	10.62	--	456	484271	卖盘
14:31:51	10.62	--	5	5310	卖盘
14:31:48	10.62	--	20	21240	卖盘
14:31:45	10.62	--	43	45666	卖盘
14:31:42	10.62	--	76	80712	卖盘
14:31:39	10.62	-0.01	14	14867	卖盘
14:31:36	10.63	0.01	83	88229	买盘
14:31:30	10.62	-0.01	9	9558	卖盘
14:31:15	10.63	--	3	3189	买盘
14:31:12	10.63	--	65	69095	卖盘
14:31:00	10.63	--	105	111615	卖盘
14:30:48	10.63	--	35	37205	卖盘
14:30:42	10.63	-0.01	19	20197	卖盘
14:30:36	10.64	0.01	125	133000	买盘
14:30:27	10.63	--	30	31890	卖盘
14:30:24	10.63	-0.01	73	77599	卖盘
14:30:21	10.64	0.01	6	6384	买盘
14:30:06	10.63	--	1	1063	卖盘
14:30:00	10.63	-0.02	40	42520	卖盘
14:29:57	10.65	--	315	335475	卖盘
14:29:54	10.65	-0.01	47	50055	卖盘
14:29:51	10.66	0.01	154	164164	买盘
14:29:45	10.65	-0.01	7	7455	卖盘
14:29:36	10.66	--	5	5330	买盘
14:29:33	10.66	-0.01	485	517010	卖盘
14:29:24	10.67	--	178	189926	卖盘
14:29:21	10.67	0.01	212	226204	买盘
14:29:18	10.66	--	10	10660	卖盘
14:29:15	10.66	-0.01	20	21320	卖盘
14:28:51	10.67	--	1	1067	买盘
14:28:39	10.67	--	23	24541	买盘
14:28:33	10.67	--	50	53350	买盘
14:28:27	10.67	0.01	30	32010	买盘
14:28:18	10.66	-0.01	30	31980	卖盘
14:28:00	10.67	--	3	3201	卖盘
14:27:57	10.67	--	1	1067	买盘
14:27:51	10.67	--	9	9603	卖盘
14:27:48	10.67	--	5	5335	卖盘
14:27:45	10.67	--	58	61886	卖盘
14:27:30	10.67	--	21	22407	卖盘
14:27:27	10.67	--	13	13871	买盘
14:27:24	10.67	0.01	20	21340	买盘
14:27:09	10.66	-0.01	9	9594	卖盘
14:26:39	10.67	-0.01	52	55484	卖盘
14:26:36	10.68	0.01	2	2136	买盘
14:26:30	10.67	--	10	10670	卖盘
14:26:27	10.67	--	57	60819	卖盘
14:26:24	10.67	0.01	10	10670	买盘
14:26:06	10.66	--	6	6396	卖盘
14:26:00	10.66	--	5	5330	买盘
14:25:54	10.66	-0.02	5	5330	中性盘
14:25:51	10.68	0.03	210	224280	买盘
14:25:39	10.65	-0.01	12	12780	卖盘
14:25:21	10.66	--	6	6396	买盘
14:25:18	10.66	--	100	106600	买盘
14:25:15	10.66	0.01	10	10660	买盘
14:24:57	10.65	-0.01	10	10650	卖盘
14:24:33	10.66	0.01	20	21320	买盘
14:24:30	10.65	-0.01	9	9585	卖盘
14:24:21	10.66	--	5	5330	买盘
14:24:18	10.66	--	19	20254	卖盘
14:24:15	10.66	--	76	81016	卖盘
14:24:03	10.66	-0.01	200	213200	卖盘
14:23:57	10.67	0.01	1	1067	买盘
14:23:48	10.66	--	54	57564	卖盘
14:23:42	10.66	--	21	22386	卖盘
14:23:27	10.66	-0.01	17	18122	卖盘
14:23:12	10.67	--	1	1067	买盘
14:23:06	10.67	--	10	10670	买盘
14:22:57	10.67	--	5	5335	买盘
14:22:54	10.67	--	10	10670	买盘
14:22:27	10.67	--	5	5335	买盘
14:22:21	10.67	--	100	106700	卖盘
14:22:12	10.67	-0.01	54	57618	卖盘
14:22:09	10.68	0.01	3	3204	买盘
14:21:51	10.67	--	145	154715	卖盘
14:21:48	10.67	--	15	16005	卖盘
14:21:39	10.67	--	9	9603	卖盘
14:21:33	10.67	--	130	138710	卖盘
14:21:24	10.67	--	30	32010	卖盘
14:21:18	10.67	--	50	53350	卖盘
14:21:06	10.67	--	3	3201	卖盘
14:21:03	10.67	--	20	21340	卖盘
14:20:51	10.67	-0.01	10	10670	卖盘
14:20:45	10.68	--	10	10680	买盘
14:20:33	10.68	0.01	5	5340	买盘
14:20:30	10.67	-0.01	9	9603	卖盘
14:20:27	10.68	--	117	124956	买盘
14:20:24	10.68	0.01	5	5340	买盘
14:20:21	10.67	-0.01	3	3201	卖盘
14:20:12	10.68	--	90	96120	卖盘
14:20:09	10.68	--	9	9612	卖盘
14:19:54	10.68	--	20	21360	卖盘
14:19:51	10.68	--	10	10680	卖盘
14:19:45	10.68	--	261	278748	卖盘
14:19:39	10.68	--	22	23496	卖盘
14:19:36	10.68	-0.01	79	84372	卖盘
14:19:27	10.69	0.01	80	85520	买盘
14:19:24	10.68	--	20	21360	卖盘
14:19:12	10.68	-0.01	9	9612	卖盘
14:19:03	10.69	--	114	122806	卖盘
14:19:00	10.69	--	10	10690	卖盘
14:18:57	10.69	--	15	16035	卖盘
14:18:54	10.69	--	112	119856	买盘
14:18:45	10.69	0.01	118	126142	买盘
14:18:33	10.68	-0.01	50	53400	卖盘
14:18:30	10.69	--	50	53450	买盘
14:18:27	10.69	0.01	2	2138	买盘
14:18:21	10.68	-0.01	85	90780	卖盘
14:18:18	10.69	--	64	68416	买盘
14:18:09	10.69	0.01	9	9621	买盘
14:18:06	10.68	-0.01	10	10680	卖盘
14:18:00	10.69	--	93	99417	买盘
14:17:48	10.69	0.01	202	215938	买盘
14:17:42	10.68	-0.01	5	5340	卖盘
14:17:39	10.69	0.01	172	183868	买盘
14:17:21	10.68	--	10	10680	卖盘
14:17:18	10.68	--	53	56604	买盘
14:17:12	10.68	--	5	5340	买盘
14:17:06	10.68	--	259	276612	买盘
14:16:45	10.68	0.01	30	32040	买盘
14:16:42	10.67	-0.01	5	5335	卖盘
14:16:39	10.68	--	48	51264	卖盘
14:16:36	10.68	--	461	492348	买盘
14:16:33	10.68	--	9	9612	买盘
14:16:30	10.68	--	10	10680	买盘
14:16:24	10.68	--	24	25632	买盘
14:16:18	10.68	-0.01	310	331080	卖盘
14:16:15	10.69	--	2	2138	买盘
14:16:06	10.69	--	6	6414	买盘
14:16:03	10.69	0.01	312	333528	买盘
14:16:00	10.68	--	10	10680	卖盘
14:15:54	10.68	--	5	5340	卖盘
14:15:51	10.68	-0.01	11	11748	卖盘
14:15:45	10.69	0.01	1	1069	买盘
14:15:39	10.68	--	228	243504	卖盘
14:15:36	10.68	--	10	10680	卖盘
14:15:33	10.68	--	23	24564	卖盘
14:15:27	10.68	--	25	26700	买盘
14:15:24	10.68	--	99	105732	买盘
14:15:18	10.68	--	200	213600	买盘
14:15:06	10.68	--	100	106800	买盘
14:15:03	10.68	--	50	53400	买盘
14:14:51	10.68	0.01	100	106800	买盘
14:14:36	10.67	-0.01	11	11737	卖盘
14:14:33	10.68	0.01	24	25632	买盘
14:14:30	10.67	--	34	36278	卖盘
14:14:27	10.67	--	50	53350	卖盘
14:14:24	10.67	-0.01	70	74690	卖盘
14:14:21	10.68	--	22	23496	买盘
14:13:39	10.68	--	14	14952	买盘
14:13:30	10.68	0.01	10	10680	买盘
14:13:24	10.67	-0.01	80	85360	卖盘
14:13:18	10.68	--	20	21360	卖盘
14:13:06	10.68	--	5	5340	卖盘
14:13:03	10.68	--	1	1068	卖盘
14:12:48	10.68	--	20	21360	卖盘
14:12:39	10.68	--	9	9612	卖盘
14:12:21	10.68	-0.01	68	72624	卖盘
14:12:09	10.69	0.01	30	32070	买盘
14:12:06	10.68	--	175	186900	买盘
14:11:57	10.68	--	30	32040	买盘
14:11:51	10.68	--	68	72624	买盘
14:11:45	10.68	0.01	10	10680	买盘
14:11:36	10.67	-0.01	19	20273	中性盘
14:11:27	10.68	0.02	228	243504	买盘
14:11:21	10.66	--	20	21320	卖盘
14:11:15	10.66	0.01	7	7462	买盘
14:11:09	10.65	-0.01	1	1065	卖盘
14:11:06	10.66	0.01	170	181220	买盘
14:10:33	10.65	--	18	19170	卖盘
14:10:18	10.65	--	1	1065	卖盘
14:10:03	10.65	--	5	5325	卖盘
14:10:00	10.65	--	20	21300	卖盘
14:09:57	10.65	--	5	5325	卖盘
14:08:42	10.65	-0.01	9	9585	卖盘
14:08:30	10.66	--	10	10660	买盘
14:08:27	10.66	--	1	1066	买盘
14:08:21	10.66	--	50	53300	买盘
14:08:18	10.66	--	33	35178	卖盘
14:08:09	10.66	--	30	31980	卖盘
14:07:54	10.66	--	100	106600	卖盘
14:07:36	10.66	--	5	5330	卖盘
14:07:30	10.66	--	20	21320	卖盘
14:07:27	10.66	--	20	21320	卖盘
14:07:24	10.66	--	10	10660	卖盘
14:07:21	10.66	--	10	10660	卖盘
14:07:18	10.66	--	10	10660	卖盘
14:06:57	10.66	--	5	5330	卖盘
14:06:54	10.66	--	10	10660	卖盘
14:06:51	10.66	--	5	5330	卖盘
14:06:42	10.66	--	38	40508	买盘
14:06:36	10.66	--	5	5330	买盘
14:06:33	10.66	0.01	15	15990	买盘
14:06:24	10.65	--	2	2130	卖盘
14:06:21	10.65	--	9	9585	卖盘
14:06:09	10.65	--	7	7455	卖盘
14:06:03	10.65	-0.01	15	15975	卖盘
14:06:00	10.66	0.01	10	10660	买盘
14:05:45	10.65	-0.01	60	63900	卖盘
14:05:42	10.66	0.01	40	42640	买盘
14:05:30	10.65	-0.01	10	10650	卖盘
14:05:27	10.66	0.01	12	12792	买盘
14:05:24	10.65	-0.01	1	1065	卖盘
14:05:21	10.66	0.01	1	1066	中性盘
14:04:57	10.65	-0.01	30	31950	卖盘
14:04:54	10.66	0.01	10	10660	买盘
14:04:48	10.65	-0.01	5	5325	卖盘
14:04:33	10.66	0.01	40	42640	买盘
14:04:30	10.65	--	20	21300	卖盘
14:03:57	10.65	--	12	12780	买盘
14:03:51	10.65	0.01	100	106500	买盘
14:03:30	10.64	--	1	1064	卖盘
14:03:27	10.64	--	38	40432	卖盘
14:03:24	10.64	0.01	19	20216	买盘
14:03:21	10.63	-0.01	2	2126	卖盘
14:03:18	10.64	--	50	53200	买盘
14:03:15	10.64	0.01	80	85120	买盘
14:03:09	10.63	-0.01	35	37205	卖盘
14:03:06	10.64	--	41	43624	买盘
14:03:00	10.64	0.01	5	5320	买盘
14:02:57	10.63	-0.01	16	17008	卖盘
14:02:45	10.64	--	38	40432	买盘
14:02:39	10.64	--	39	41496	卖盘
14:02:36	10.64	--	100	106400	卖盘
14:02:33	10.64	--	6	6384	卖盘
14:02:30	10.64	-0.01	2	2128	卖盘
14:02:24	10.65	--	10	10650	买盘
14:02:03	10.65	--	9	9585	买盘
14:01:51	10.65	--	15	15975	卖盘
14:01:39	10.65	0.01	13	13845	买盘
14:01:36	10.64	--	1	1064	卖盘
14:01:30	10.64	--	5	5320	卖盘
14:01:24	10.64	0.01	11	11704	买盘
14:01:12	10.63	--	5	5315	卖盘
14:01:09	10.63	0.01	5	5315	买盘
14:00:54	10.62	--	9	9558	卖盘
14:00:48	10.62	--	50	53099	卖盘
14:00:45	10.62	--	389	413117	买盘
14:00:42	10.62	--	9	9558	买盘
14:00:39	10.62	--	895	950489	买盘
14:00:36	10.62	--	290	307980	买盘
14:00:30	10.62	--	69	73278	买盘
14:00:24	10.62	--	46	48852	买盘
14:00:18	10.62	-0.03	475	504449	卖盘
14:00:09	10.65	-0.02	264	281160	卖盘
14:00:06	10.67	--	10	10670	买盘
14:00:03	10.67	--	297	316899	卖盘
13:59:48	10.67	-0.01	67	71489	卖盘
13:59:42	10.68	--	6	6408	买盘
13:59:36	10.68	0.01	20	21360	买盘
13:59:33	10.67	-0.01	4	4268	卖盘
13:59:24	10.68	--	50	53400	买盘
13:59:15	10.68	--	93	99324	卖盘
13:59:12	10.68	--	50	53400	卖盘
13:59:03	10.68	-0.01	17	18156	卖盘
13:58:54	10.69	--	49	52381	买盘
13:58:51	10.69	0.01	75	80175	买盘
13:58:48	10.68	-0.01	5	5340	卖盘
13:58:45	10.69	--	19	20311	买盘
13:58:42	10.69	0.02	20	21380	买盘
13:58:39	10.67	-0.01	160	170720	卖盘
13:58:36	10.68	-0.01	2	2136	中性盘
13:58:21	10.69	0.01	333	355977	买盘
13:58:18	10.68	--	15	16020	买盘
13:58:15	10.68	--	294	314931	卖盘
13:58:12	10.68	--	80	85440	卖盘
13:58:03	10.68	--	30	32040	卖盘
13:57:48	10.68	--	22	23496	卖盘
13:57:45	10.68	--	41	43916	买盘
13:57:42	10.68	--	10	10680	买盘
13:57:36	10.68	--	24	26571	卖盘
13:57:18	10.68	--	200	213600	卖盘
13:57:06	10.68	--	1	1068	卖盘
13:57:00	10.68	--	23	24692	买盘
13:56:57	10.68	--	50	53400	买盘
13:56:54	10.68	--	52	55536	买盘
13:56:45	10.68	--	20	21360	买盘
13:56:12	10.68	--	20	21360	买盘
13:56:09	10.68	0.01	8	8544	买盘
13:56:03	10.67	-0.01	10	10670	卖盘
13:55:54	10.68	--	56	59808	买盘
13:55:51	10.68	-0.01	5	5340	中性盘
13:55:30	10.69	--	54	57726	买盘
13:55:21	10.69	0.01	93	99417	买盘
13:55:18	10.68	-0.01	24	25632	卖盘
13:55:12	10.69	0.01	4	4276	买盘
13:55:09	10.68	--	20	21360	卖盘
13:55:06	10.68	--	9	9612	卖盘
13:55:03	10.68	--	9	9612	买盘
13:54:57	10.68	0.01	28	29904	买盘
13:54:42	10.67	-0.01	10	10670	卖盘
13:54:33	10.68	--	40	42720	买盘
13:54:24	10.68	--	53	56604	卖盘
13:54:21	10.68	--	120	128160	卖盘
13:54:15	10.68	-0.01	3	3204	卖盘
13:54:12	10.69	--	11	11759	买盘
13:54:03	10.69	0.01	7	7483	买盘
13:54:00	10.68	-0.02	44	46992	卖盘
13:53:57	10.7	0.01	19	20330	买盘
13:53:51	10.69	--	64	68416	买盘
13:53:48	10.69	--	20	21380	买盘
13:53:42	10.69	0.01	99	105831	买盘
13:53:39	10.68	--	5	5340	卖盘
13:53:33	10.68	--	10	10680	卖盘
13:53:30	10.68	-0.01	27	28836	卖盘
13:53:27	10.69	0.01	30	32070	买盘
13:53:24	10.68	-0.01	60	64080	卖盘
13:53:21	10.69	0.01	48	51312	买盘
13:53:18	10.68	-0.01	173	184764	卖盘
13:53:15	10.69	--	1	1069	买盘
13:53:09	10.69	--	2	2138	买盘
13:53:06	10.69	--	20	21380	买盘
13:53:03	10.69	--	45	48105	买盘
13:52:57	10.69	-0.01	15	16035	卖盘
13:52:51	10.7	--	384	410976	卖盘
13:52:48	10.7	--	241	258832	卖盘
13:52:45	10.7	--	79	84530	卖盘
13:52:42	10.7	--	802	858140	卖盘
13:52:39	10.7	--	540	577800	卖盘
13:52:36	10.7	-0.01	20	21400	卖盘
13:52:30	10.71	--	15	16065	买盘
13:52:27	10.71	0.01	1	1071	中性盘
13:52:24	10.7	-0.01	152	162640	卖盘
13:52:21	10.71	--	10	10710	卖盘
13:52:18	10.71	0.01	582	623322	买盘
13:52:15	10.7	-0.01	20	21400	卖盘
13:52:12	10.71	0.01	234	250614	买盘
13:52:09	10.7	--	10	10700	卖盘
13:52:06	10.7	--	20	21400	卖盘
13:52:03	10.7	-0.01	30	32099	卖盘
13:52:00	10.71	--	163	174573	买盘
13:51:57	10.71	--	46	49266	买盘
13:51:54	10.71	--	5	5355	买盘
13:51:51	10.71	0.01	14	14994	中性盘
13:51:45	10.7	-0.01	685	732950	卖盘
13:51:42	10.71	--	60	64260	卖盘
13:51:39	10.71	-0.01	11	11781	卖盘
13:51:36	10.72	0.01	48	51456	买盘
13:51:33	10.71	--	50	53550	卖盘
13:51:30	10.71	-0.02	60	64260	卖盘
13:51:27	10.73	--	1	1073	买盘
13:51:21	10.73	0.01	227	243571	买盘
13:51:18	10.72	-0.01	527	564944	卖盘
13:51:15	10.73	--	173	185629	卖盘
13:51:12	10.73	-0.01	10	10730	卖盘
13:51:09	10.74	0.01	65	69810	买盘
13:51:06	10.73	-0.01	475	509675	卖盘
13:51:03	10.74	--	575	617550	买盘
13:51:00	10.74	0.01	115	123510	买盘
13:50:57	10.73	-0.01	58	62234	卖盘
13:50:54	10.74	-0.01	50	53700	中性盘
13:50:51	10.75	0.02	292	313900	买盘
13:50:48	10.73	--	47	50431	卖盘
13:50:45	10.73	--	116	124468	卖盘
13:50:42	10.73	--	149	159877	卖盘
13:50:39	10.73	--	45	48285	卖盘
13:50:36	10.73	--	192	206016	买盘
13:50:33	10.73	--	113	121249	买盘
13:50:30	10.73	--	8	8584	买盘
13:50:27	10.73	0.01	45	48285	买盘
13:50:24	10.72	0.01	34	36448	中性盘
13:50:21	10.71	-0.02	45	48195	卖盘
13:50:18	10.73	0.01	257	275761	买盘
13:50:15	10.72	0.01	123	131856	买盘
13:50:12	10.71	--	218	233478	买盘
13:50:09	10.71	--	58	62118	买盘
13:50:06	10.71	0.01	18	19278	买盘
13:50:03	10.7	--	97	103790	卖盘
13:50:00	10.7	--	9	9630	卖盘
13:49:57	10.7	0.01	119	127340	买盘
13:49:54	10.69	-0.01	33	35277	卖盘
13:49:51	10.7	0.02	410	438699	买盘
13:49:48	10.68	-0.02	264	281952	卖盘
13:49:45	10.7	0.01	467	499689	买盘
13:49:42	10.69	0.01	20	21380	买盘
13:49:39	10.68	--	15	16020	卖盘
13:49:36	10.68	-0.01	16	17088	卖盘
13:49:33	10.69	--	91	97279	买盘
13:49:30	10.69	0.01	82	87658	买盘
13:49:27	10.68	0.01	296	316128	买盘
13:49:24	10.67	0.01	48	51216	买盘
13:49:21	10.66	-0.01	95	101270	中性盘
13:49:15	10.67	0.01	520	554840	买盘
13:49:09	10.66	0.01	221	235586	买盘
13:49:03	10.65	--	140	149100	买盘
13:49:00	10.65	--	735	782775	买盘
13:48:57	10.65	0.01	115	122475	买盘
13:48:54	10.64	--	120	127680	卖盘
13:48:51	10.64	0.01	305	324520	买盘
13:48:48	10.63	-0.01	15	15945	卖盘
13:48:45	10.64	0.01	25	26600	买盘
13:48:36	10.63	--	10	10630	卖盘
13:48:33	10.63	--	7	7441	买盘
13:48:30	10.63	0.01	800	850400	买盘
13:48:09	10.62	0.01	46	48852	买盘
13:48:06	10.61	--	1	1061	卖盘
13:48:00	10.61	--	15	15915	卖盘
13:47:54	10.61	--	20	21220	卖盘
13:47:48	10.61	--	17	18037	卖盘
13:47:36	10.61	--	5	5305	卖盘
13:47:27	10.61	--	17	18037	卖盘
13:47:18	10.61	-0.01	10	10610	中性盘
13:47:09	10.62	0.01	135	143370	买盘
13:47:03	10.61	--	40	42440	卖盘
13:46:57	10.61	-0.01	20	21220	卖盘
13:46:48	10.62	0.01	5	5310	买盘
13:46:45	10.61	-0.01	10	10610	卖盘
13:46:39	10.62	--	11	11682	卖盘
13:46:36	10.62	--	10	10620	卖盘
13:46:33	10.62	-0.01	106	112571	卖盘
13:46:30	10.63	0.01	5	5315	买盘
13:46:27	10.62	-0.01	7	7433	卖盘
13:46:24	10.63	0.01	149	158387	买盘
13:46:18	10.62	--	63	66906	卖盘
13:46:15	10.62	--	12	12743	卖盘
13:46:06	10.62	-0.01	1	1062	卖盘
13:46:03	10.63	0.01	30	31890	买盘
13:46:00	10.62	--	163	173106	买盘
13:45:54	10.62	--	20	21240	买盘
13:45:51	10.62	--	15	15929	买盘
13:45:42	10.62	--	20	21240	买盘
13:45:36	10.62	--	50	53099	买盘
13:45:33	10.62	--	137	145494	买盘
13:45:24	10.62	--	40	42480	买盘
13:45:18	10.62	0.01	254	269748	买盘
13:45:15	10.61	-0.01	236	250852	卖盘
13:45:12	10.62	0.01	90	95580	买盘
13:45:09	10.61	--	30	31830	卖盘
13:45:03	10.61	--	100	106100	卖盘
13:45:00	10.61	-0.01	45	47745	卖盘
13:44:57	10.62	0.01	474	503387	买盘
13:44:51	10.61	0.01	163	172943	买盘
13:44:48	10.6	-0.01	107	113420	卖盘
13:44:45	10.61	0.01	24	25464	买盘
13:44:42	10.6	--	168	178080	买盘
13:44:39	10.6	--	420	445200	买盘
13:44:36	10.6	--	100	106000	买盘
13:44:33	10.6	--	20	21200	买盘
13:44:30	10.6	0.01	208	220480	买盘
13:44:27	10.59	-0.01	12	12708	卖盘
13:44:24	10.6	--	47	49820	买盘
13:44:21	10.6	--	137	145220	买盘
13:44:18	10.6	0.01	100	106000	买盘
13:44:12	10.59	--	20	21180	卖盘
13:44:03	10.59	0.01	6	6354	卖盘
13:43:54	10.58	--	80	84640	卖盘
13:43:51	10.58	-0.01	192	203559	卖盘
13:43:48	10.59	--	2	2118	买盘
13:43:36	10.59	--	15	15885	买盘
13:43:33	10.59	0.01	238	252042	买盘
13:43:30	10.58	-0.01	5	5290	卖盘
13:43:21	10.59	0.01	3	3177	买盘
13:42:54	10.58	0.01	229	242282	买盘
13:42:51	10.57	-0.01	30	31710	卖盘
13:42:36	10.58	--	1	1058	买盘
13:42:24	10.58	--	2	2116	卖盘
13:42:18	10.58	--	5	5290	卖盘
13:42:03	10.58	-0.01	30	31740	卖盘
13:42:00	10.59	--	21	22239	买盘
13:41:54	10.59	0.01	10	10590	买盘
13:41:48	10.58	-0.01	100	105800	卖盘
13:41:39	10.59	--	50	52950	买盘
13:41:21	10.59	--	10	10590	买盘
13:41:12	10.59	--	35	37065	买盘
13:40:48	10.59	--	100	105900	买盘
13:40:45	10.59	0.01	20	21180	买盘
13:40:36	10.58	-0.01	20	21160	卖盘
13:40:30	10.59	0.01	72	76248	买盘
13:40:24	10.58	-0.01	50	52900	卖盘
13:40:21	10.59	--	34	36006	买盘
13:40:18	10.59	0.01	4	4236	买盘
13:40:15	10.58	-0.01	102	107916	卖盘
13:40:09	10.59	--	9	9531	买盘
13:39:39	10.59	--	3	3177	买盘
13:39:30	10.59	0.01	200	211800	买盘
13:39:18	10.58	--	10	10580	卖盘
13:39:15	10.58	--	50	52900	卖盘
13:39:00	10.58	--	76	80408	卖盘
13:38:24	10.58	--	10	10580	卖盘
13:37:54	10.58	0.01	129	136482	买盘
13:37:51	10.57	-0.01	37	39109	卖盘
13:37:48	10.58	--	5	5290	买盘
13:37:45	10.58	0.01	50	52900	买盘
13:37:33	10.57	-0.01	10	10570	卖盘
13:37:18	10.58	0.01	11	11638	买盘
13:37:03	10.57	--	6	6342	卖盘
13:36:54	10.57	--	30	31710	卖盘
13:36:51	10.57	--	9	9513	卖盘
13:36:39	10.57	--	2	2114	卖盘
13:36:36	10.57	--	4	4228	卖盘
13:36:30	10.57	--	20	21140	卖盘
13:36:12	10.57	0.01	41	43337	买盘
13:36:06	10.56	--	14	14784	卖盘
13:36:03	10.56	-0.01	15	15840	卖盘
13:35:57	10.57	--	10	10570	买盘
13:35:42	10.57	--	16	16912	卖盘
13:35:33	10.57	--	10	10570	卖盘
13:35:30	10.57	--	15	15855	卖盘
13:35:15	10.57	-0.01	3	3171	卖盘
13:34:57	10.58	--	4	4232	买盘
13:34:39	10.58	--	1	1058	买盘
13:34:21	10.58	0.01	58	61364	买盘
13:34:09	10.57	--	100	105700	卖盘
13:34:06	10.57	-0.01	8	8456	卖盘
13:34:03	10.58	--	10	10580	买盘
13:34:00	10.58	0.01	30	31740	买盘
13:33:54	10.57	-0.01	40	42280	卖盘
13:33:45	10.58	--	20	21160	买盘
13:33:30	10.58	--	1	1058	买盘
13:33:27	10.58	-0.01	40	42320	卖盘
13:33:24	10.59	0.01	5	5295	买盘
13:33:12	10.58	--	30	31740	卖盘
13:33:09	10.58	-0.01	4	4232	卖盘
13:33:00	10.59	--	8	8472	买盘
13:32:36	10.59	--	7	7413	买盘
13:32:24	10.59	--	29	30711	卖盘
13:32:21	10.59	--	5	5295	卖盘
13:32:18	10.59	--	160	169440	卖盘
13:32:15	10.59	--	5	5295	卖盘
13:32:12	10.59	--	10	10590	卖盘
13:31:57	10.59	--	5	5295	卖盘
13:31:51	10.59	--	6	6354	卖盘
13:31:45	10.59	-0.02	2	2118	卖盘
13:31:42	10.61	0.02	9	9549	买盘
13:31:30	10.59	--	21	22239	卖盘
13:31:27	10.59	-0.01	160	169440	卖盘
13:31:24	10.6	--	119	126140	卖盘
13:31:21	10.6	--	21	22260	卖盘
13:31:09	10.6	0.01	70	74200	卖盘
13:31:06	10.59	-0.01	50	52950	卖盘
13:31:03	10.6	--	17	18020	买盘
13:31:00	10.6	--	200	212000	买盘
13:30:57	10.6	--	13	13780	买盘
13:30:51	10.6	--	23	24380	买盘
13:30:45	10.6	0.01	10	10600	买盘
13:30:42	10.59	--	9	9531	卖盘
13:30:36	10.59	--	8	8472	卖盘
13:30:33	10.59	-0.01	20	21180	卖盘
13:30:30	10.6	0.01	20	21200	买盘
13:30:27	10.59	--	5	5295	卖盘
13:30:21	10.59	--	50	52950	卖盘
13:30:18	10.59	--	5	5295	卖盘
13:30:15	10.59	--	18	19062	卖盘
13:30:06	10.59	--	187	198033	买盘
13:30:00	10.59	--	2	2118	买盘
13:29:51	10.59	--	1	1059	买盘
13:29:45	10.59	-0.01	188	199092	卖盘
13:29:42	10.6	--	55	58300	卖盘
13:29:39	10.6	--	5	5300	卖盘
13:29:36	10.6	--	65	68900	买盘
13:29:33	10.6	--	5	5300	买盘
13:29:30	10.6	--	5	5300	买盘
13:29:27	10.6	--	21	22260	买盘
13:29:24	10.6	--	121	128260	卖盘
13:29:21	10.6	--	44	46640	卖盘
13:29:18	10.6	--	10	10600	卖盘
13:29:15	10.6	-0.01	76	80560	卖盘
13:29:06	10.61	-0.01	9	9549	买盘
13:29:00	10.62	0.01	28	29735	买盘
13:28:57	10.61	--	126	133686	卖盘
13:28:51	10.61	--	75	79575	卖盘
13:28:48	10.61	--	10	10610	卖盘
13:28:45	10.61	0.01	276	292836	买盘
13:28:39	10.6	0.01	10	10600	中性盘
13:28:36	10.59	-0.01	17	18003	卖盘
13:28:33	10.6	0.01	21	22260	买盘
13:28:21	10.59	-0.01	10	10590	卖盘
13:28:15	10.6	0.01	25	26500	买盘
13:28:12	10.59	0.01	15	15885	中性盘
13:28:03	10.58	0.01	61	64538	买盘
13:28:00	10.57	--	3	3171	买盘
13:27:57	10.57	--	37	39109	买盘
13:27:51	10.57	--	11	11627	买盘
13:27:48	10.57	--	2	2114	买盘
13:27:42	10.57	--	50	52850	买盘
13:27:39	10.57	--	5	5285	买盘
13:27:36	10.57	-0.02	140	147980	卖盘
13:27:24	10.59	0.01	40	42360	买盘
13:27:18	10.58	-0.01	3	3174	卖盘
13:27:15	10.59	0.01	55	58245	买盘
13:27:12	10.58	--	21	22218	卖盘
13:27:09	10.58	--	2	2116	卖盘
13:27:06	10.58	0.01	2	2116	中性盘
13:26:57	10.57	-0.02	50	52850	卖盘
13:26:54	10.59	0.02	10	10590	买盘
13:26:48	10.57	--	2	2114	卖盘
13:26:45	10.57	--	46	48622	卖盘
13:26:36	10.57	-0.05	55	58135	卖盘
13:26:33	10.62	0.01	242	257003	买盘
13:26:30	10.61	--	80	84880	卖盘
13:26:27	10.61	--	58	61538	卖盘
13:26:24	10.61	0.01	303	321483	买盘
13:26:21	10.6	--	1188	1259280	卖盘
13:26:18	10.6	-0.01	53	56180	卖盘
13:26:15	10.61	--	1	1061	买盘
13:26:09	10.61	--	110	116710	买盘
13:26:06	10.61	--	534	566574	买盘
13:26:03	10.61	-0.01	32	33952	卖盘
13:26:00	10.62	0.01	55	58409	买盘
13:25:57	10.61	--	559	593099	卖盘
13:25:54	10.61	--	32	33952	卖盘
13:25:48	10.61	--	14	14854	卖盘
13:25:45	10.61	--	100	106100	卖盘
13:25:42	10.61	--	137	145357	买盘
13:25:39	10.61	--	83	88063	买盘
13:25:36	10.61	--	34	36074	买盘
13:25:33	10.61	--	175	185675	买盘
13:25:27	10.61	-0.01	50	53050	买盘
13:25:24	10.62	--	10	10620	买盘
13:25:21	10.62	0.02	125	132750	买盘
13:25:18	10.6	-0.01	100	106000	卖盘
13:25:15	10.61	--	10	10610	卖盘
13:25:12	10.61	0.01	105	111405	买盘
13:25:09	10.6	-0.01	2	2120	买盘
13:25:03	10.61	0.03	10	10610	买盘
13:24:57	10.58	-0.02	5	5290	卖盘
13:24:51	10.6	--	56	59360	卖盘
13:24:48	10.6	0.03	1984	2103040	买盘
13:24:42	10.57	--	45	47565	卖盘
13:24:33	10.57	--	10	10570	卖盘
13:24:24	10.57	--	50	52850	卖盘
13:24:18	10.57	--	93	98301	买盘
13:24:15	10.57	0.01	129	136353	买盘
13:23:33	10.56	--	41	43296	买盘
13:23:27	10.56	0.01	16	16896	买盘
13:23:21	10.55	--	10	10550	卖盘
13:23:03	10.55	--	10	10550	卖盘
13:22:54	10.55	-0.01	17	17935	卖盘
13:22:51	10.56	--	3	3168	买盘
13:22:48	10.56	0.01	1	1056	买盘
13:22:39	10.55	-0.01	50	52750	卖盘
13:22:36	10.56	--	57	60192	买盘
13:22:21	10.56	--	4	4224	卖盘
13:22:18	10.56	--	20	21120	卖盘
13:22:12	10.56	--	6	6336	卖盘
13:22:06	10.56	--	20	21120	卖盘
13:21:48	10.56	--	25	26400	卖盘
13:21:39	10.56	--	147	155232	买盘
13:21:33	10.56	--	20	21120	买盘
13:21:18	10.56	0.01	1	1056	买盘
13:21:15	10.55	-0.01	20	21100	卖盘
13:21:06	10.56	0.01	2	2112	买盘
13:21:00	10.55	--	5	5275	卖盘
13:20:54	10.55	--	20	21100	卖盘
13:20:48	10.55	--	4	4220	卖盘
13:20:42	10.55	--	15	15825	卖盘
13:20:39	10.55	0.01	146	154030	买盘
13:20:27	10.54	-0.01	10	10540	卖盘
13:20:24	10.55	0.01	34	35870	买盘
13:20:12	10.54	-0.01	6	6323	卖盘
13:20:09	10.55	0.01	30	31650	买盘
13:19:42	10.54	--	52	54807	买盘
13:19:39	10.54	--	10	10540	买盘
13:19:27	10.54	-0.01	138	145452	卖盘
13:19:24	10.55	--	3	3165	买盘
13:19:21	10.55	--	105	110775	买盘
13:19:12	10.55	--	15	15825	卖盘
13:19:03	10.55	--	20	21100	卖盘
13:18:54	10.55	--	7	7385	卖盘
13:18:33	10.55	--	5	5275	卖盘
13:18:30	10.55	--	512	540160	买盘
13:18:27	10.55	--	4	4220	买盘
13:18:12	10.55	0.01	70	73850	买盘
13:18:09	10.54	-0.01	2	2108	卖盘
13:18:00	10.55	0.01	50	52750	买盘
13:17:45	10.54	-0.01	2	2108	卖盘
13:17:30	10.55	0.01	10	10550	买盘
13:17:18	10.54	--	2	2108	卖盘
13:17:15	10.54	--	52	54807	卖盘
13:17:12	10.54	--	50	52699	卖盘
13:17:09	10.54	-0.01	11	11593	卖盘
13:17:06	10.55	--	2	2110	买盘
13:17:03	10.55	0.02	40	42200	买盘
13:16:51	10.53	-0.02	61	64232	卖盘
13:16:45	10.55	0.01	50	52750	买盘
13:16:36	10.54	--	319	336226	买盘
13:16:24	10.54	0.01	300	316200	买盘
13:16:21	10.53	--	200	210600	卖盘
13:15:54	10.53	-0.01	10	10530	卖盘
13:15:39	10.54	0.01	88	92751	买盘
13:15:33	10.53	-0.01	7	7371	卖盘
13:15:30	10.54	--	1	1054	买盘
13:15:27	10.54	--	3	3161	买盘
13:14:54	10.54	--	6	6323	买盘
13:14:45	10.54	--	14	14755	买盘
13:14:27	10.54	--	8	8432	买盘
13:14:21	10.54	-0.01	15	15809	卖盘
13:14:18	10.55	0.01	1	1055	买盘
13:14:00	10.54	--	70	73780	卖盘
13:13:48	10.54	--	15	15809	买盘
13:13:42	10.54	0.01	3	3161	中性盘
13:13:21	10.53	-0.01	30	32600	卖盘
13:13:18	10.54	0.01	97	102237	买盘
13:13:12	10.53	-0.01	11	11583	卖盘
13:13:09	10.54	--	3	3161	买盘
13:13:03	10.54	0.01	17	17918	买盘
13:13:00	10.53	-0.01	30	31589	卖盘
13:12:48	10.54	--	67	70618	买盘
13:12:45	10.54	--	21	22134	买盘
13:12:42	10.54	--	91	95913	买盘
13:12:39	10.54	--	16	16864	买盘
13:12:27	10.54	0.01	100	105399	买盘
13:12:21	10.53	-0.01	50	52650	卖盘
13:12:15	10.54	0.01	61	64293	买盘
13:11:51	10.53	--	62	65285	买盘
13:11:48	10.53	--	15	15794	买盘
13:11:42	10.53	--	20	21060	买盘
13:11:36	10.53	--	55	57915	卖盘
13:11:24	10.53	0.02	167	175851	买盘
13:11:09	10.51	--	40	42040	卖盘
13:10:51	10.51	--	76	79876	买盘
13:10:45	10.51	-0.01	20	21020	买盘
13:10:39	10.52	--	4	4208	卖盘
13:10:36	10.52	--	1	1052	买盘
13:10:27	10.52	0.02	50	52600	买盘
13:10:21	10.5	-0.01	50	52500	卖盘
13:10:06	10.51	--	10	10510	卖盘
13:10:03	10.51	-0.01	30	31530	卖盘
13:10:00	10.52	0.01	34	35768	买盘
13:09:57	10.51	-0.01	100	105100	卖盘
13:09:48	10.52	0.01	10	10520	买盘
13:09:45	10.51	--	7	7357	卖盘
13:09:39	10.51	--	15	15765	卖盘
13:09:18	10.51	--	63	66213	卖盘
13:09:12	10.51	-0.01	2	2102	卖盘
13:09:03	10.52	--	28	29456	买盘
13:08:48	10.52	--	1	1052	买盘
13:08:42	10.52	--	8	8416	买盘
13:08:39	10.52	--	50	52600	买盘
13:08:27	10.52	--	2	2104	买盘
13:08:06	10.52	--	39	41028	卖盘
13:08:00	10.52	--	10	10520	卖盘
13:07:51	10.52	0.01	282	296664	买盘
13:07:30	10.51	-0.01	100	105100	卖盘
13:07:24	10.52	0.01	20	21040	买盘
13:07:12	10.51	0.01	48	50448	中性盘
13:07:03	10.5	--	16	16800	卖盘
13:06:57	10.5	--	96	100800	卖盘
13:06:00	10.5	-0.02	95	99750	卖盘
13:05:51	10.52	--	47	49444	买盘
13:05:45	10.52	0.02	9	9468	买盘
13:05:30	10.5	--	1	1050	卖盘
13:05:24	10.5	--	23	24150	买盘
13:05:12	10.5	-0.02	27	28350	卖盘
13:04:54	10.52	--	16	16832	卖盘
13:04:45	10.52	--	4	4208	中性盘
13:04:21	10.52	-0.01	10	10520	中性盘
13:03:54	10.53	--	20	21060	买盘
13:03:48	10.53	--	3	3159	中性盘
13:02:48	10.53	--	4	4212	卖盘
13:02:42	10.53	--	83	87399	买盘
13:01:27	10.53	--	38	40014	卖盘
13:01:24	10.53	--	10	10530	卖盘
13:01:18	10.53	0.02	152	160056	买盘
13:01:15	10.51	-0.01	10	10510	卖盘
13:01:12	10.52	--	3	3156	买盘
13:01:09	10.52	0.01	60	63120	买盘
13:00:42	10.51	--	2	2102	买盘
13:00:39	10.51	0.01	65	68315	买盘
13:00:30	10.5	0.01	10	10500	买盘
13:00:27	10.49	--	10	10490	买盘
13:00:12	10.49	--	97	101753	卖盘
13:00:09	10.49	--	123	129027	买盘
13:00:06	10.49	--	256	268544	卖盘
13:00:03	10.49	-0.01	5	5245	卖盘
11:30:03	10.5	--	0	0	买盘
11:29:45	10.5	--	6	6300	买盘
11:29:30	10.5	0.01	4	4200	买盘
11:29:21	10.49	-0.01	480	503520	卖盘
11:29:18	10.5	--	23	24150	买盘
11:29:06	10.5	--	20	21000	买盘
11:28:57	10.5	--	2	2100	中性盘
11:28:48	10.5	--	8	8400	买盘
11:28:27	10.5	--	195	204750	买盘
11:28:24	10.5	0.01	20	21000	买盘
11:28:12	10.49	-0.01	6	6294	卖盘
11:27:54	10.5	0.01	77	80850	中性盘
11:27:30	10.49	-0.01	215	225535	卖盘
11:27:24	10.5	--	26	27300	买盘
11:27:21	10.5	0.01	30	31500	买盘
11:27:12	10.49	-0.01	14	14686	卖盘
11:27:03	10.5	--	5	5250	买盘
11:26:54	10.5	--	2	2100	买盘
11:26:51	10.5	--	19	19950	卖盘
11:26:33	10.5	-0.01	60	63000	卖盘
11:25:54	10.51	0.01	1	1051	买盘
11:25:45	10.5	--	12	12600	卖盘
11:25:39	10.5	0.02	19	19950	买盘
11:25:27	10.48	-0.01	10	10480	卖盘
11:25:21	10.49	0.01	32	33568	买盘
11:25:15	10.48	-0.01	150	157200	卖盘
11:25:12	10.49	--	42	44058	买盘
11:25:09	10.49	-0.01	484	507716	中性盘
11:25:03	10.5	--	27	28350	买盘
11:25:00	10.5	0.02	41	43050	买盘
11:24:57	10.48	-0.02	1418	1486064	卖盘
11:24:54	10.5	0.01	14	14700	买盘
11:24:51	10.49	-0.01	100	104900	卖盘
11:24:48	10.5	--	148	155400	买盘
11:24:45	10.5	0.01	5	5250	买盘
11:24:33	10.49	-0.01	50	52450	卖盘
11:24:27	10.5	0.01	23	24150	买盘
11:24:09	10.49	--	180	188820	买盘
11:24:06	10.49	--	5	5245	买盘
11:24:03	10.49	--	5	5245	买盘
11:24:00	10.49	--	5	5245	买盘
11:23:54	10.49	--	15	15735	买盘
11:23:51	10.49	--	50	52450	买盘
11:23:48	10.49	--	27	28323	买盘
11:23:45	10.49	-0.01	308	323092	卖盘
11:23:42	10.5	0.01	13	13650	买盘
11:23:39	10.49	-0.01	20	20980	卖盘
11:23:36	10.5	--	20	21000	买盘
11:23:33	10.5	--	208	218400	买盘
11:23:30	10.5	--	20	21000	买盘
11:23:24	10.5	--	324	340200	买盘
11:23:15	10.5	--	20	21000	买盘
11:23:12	10.5	--	8	8400	买盘
11:23:06	10.5	0.01	4	4200	买盘
11:23:00	10.49	-0.01	30	31470	中性盘
11:22:51	10.5	0.01	1	1050	买盘
11:22:48	10.49	0.01	10	10490	中性盘
11:22:45	10.48	-0.02	40	41920	卖盘
11:22:39	10.5	0.01	2	2100	买盘
11:22:36	10.49	--	381	399669	卖盘
11:22:33	10.49	0.01	49	51401	买盘
11:22:27	10.48	-0.01	84	88032	卖盘
11:22:24	10.49	-0.01	70	73430	卖盘
11:22:03	10.5	0.01	43	45150	买盘
11:22:00	10.49	-0.01	208	218192	卖盘
11:21:57	10.5	--	10	10500	买盘
11:21:54	10.5	--	2	2100	买盘
11:21:42	10.5	-0.01	8	8400	卖盘
11:21:36	10.51	--	47	49397	买盘
11:21:33	10.51	0.01	160	168160	买盘
11:21:30	10.5	--	632	663600	卖盘
11:21:18	10.5	-0.01	1	1050	卖盘
11:21:09	10.51	--	40	42040	卖盘
11:21:06	10.51	--	12	12612	卖盘
11:21:03	10.51	--	12	12612	卖盘
11:20:54	10.51	--	14	14714	卖盘
11:20:51	10.51	--	7	7357	卖盘
11:20:45	10.51	-0.01	20	21020	卖盘
11:20:24	10.52	0.01	158	166216	买盘
11:20:18	10.51	-0.01	108	113508	卖盘
11:20:15	10.52	--	211	221972	买盘
11:20:12	10.52	--	2	2104	买盘
11:20:00	10.52	--	43	45236	卖盘
11:19:57	10.52	--	108	113616	卖盘
11:19:45	10.52	--	200	210400	卖盘
11:19:36	10.52	-0.01	10	10520	卖盘
11:19:12	10.53	--	2	2106	买盘
11:19:09	10.53	--	236	248507	卖盘
11:19:06	10.53	--	40	42120	卖盘
11:19:00	10.53	-0.01	60	63179	卖盘
11:17:57	10.54	0.01	1	1054	买盘
11:17:36	10.53	-0.01	13	13689	卖盘
11:17:27	10.54	--	11	11593	买盘
11:17:06	10.54	--	2	2108	买盘
11:16:51	10.54	--	28	29511	买盘
11:16:36	10.54	--	11	11593	卖盘
11:16:21	10.54	-0.01	16	16864	卖盘
11:16:09	10.55	0.01	21	22155	买盘
11:16:06	10.54	-0.01	4	4216	卖盘
11:16:00	10.55	--	160	168800	买盘
11:15:51	10.55	--	2	2110	买盘
11:15:39	10.55	--	3	3165	买盘
11:15:12	10.55	--	5	5275	买盘
11:14:54	10.55	0.01	5	5275	买盘
11:14:42	10.54	--	61	64293	卖盘
11:14:21	10.54	-0.01	10	10540	卖盘
11:14:12	10.55	--	10	10550	买盘
11:14:03	10.55	--	52	54860	买盘
11:14:00	10.55	--	3	3165	买盘
11:13:54	10.55	0.01	22	23210	买盘
11:13:51	10.54	-0.01	10	10540	中性盘
11:13:33	10.55	--	1	1055	买盘
11:13:27	10.55	0.01	20	21100	买盘
11:13:21	10.54	-0.01	17	17918	中性盘
11:13:06	10.55	0.01	400	422000	买盘
11:13:00	10.54	--	1	1054	买盘
11:12:45	10.54	--	37	38998	买盘
11:12:42	10.54	0.01	12	12647	买盘
11:12:30	10.53	-0.01	55	57915	卖盘
11:12:24	10.54	0.01	78	82212	买盘
11:12:15	10.53	-0.01	100	105300	卖盘
11:12:06	10.54	0.01	2	2108	买盘
11:12:03	10.53	--	40	42120	卖盘
11:11:45	10.53	--	44	46332	买盘
11:11:42	10.53	--	95	100035	买盘
11:11:27	10.53	--	10	10530	买盘
11:11:24	10.53	0.01	13	13689	买盘
11:11:18	10.52	-0.01	48	50496	卖盘
11:11:03	10.53	0.01	53	55809	买盘
11:11:00	10.52	--	52	54704	卖盘
11:10:57	10.52	--	26	27352	卖盘
11:10:39	10.52	--	2	2104	卖盘
11:10:33	10.52	0.01	4	4208	买盘
11:10:24	10.51	-0.01	10	10510	卖盘
11:10:18	10.52	--	107	112564	卖盘
11:10:15	10.52	--	80	84160	卖盘
11:09:48	10.52	--	7	7364	卖盘
11:09:36	10.52	--	20	21040	卖盘
11:09:27	10.52	--	3	3156	卖盘
11:09:21	10.52	--	10	10520	卖盘
11:09:15	10.52	-0.01	15	15780	卖盘
11:09:12	10.53	0.01	1	1053	买盘
11:09:00	10.52	-0.01	149	156748	卖盘
11:08:54	10.53	0.01	2	2106	买盘
11:08:48	10.52	--	20	21040	卖盘
11:08:30	10.52	--	91	95732	卖盘
11:08:18	10.52	--	3	3156	卖盘
11:08:15	10.52	--	20	21040	卖盘
11:08:09	10.52	--	10	10520	卖盘
11:08:06	10.52	--	148	155696	卖盘
11:08:03	10.52	--	30	31560	卖盘
11:07:54	10.52	-0.01	12	12624	卖盘
11:07:51	10.53	0.01	1	1053	买盘
11:07:36	10.52	-0.01	18	18936	卖盘
11:07:30	10.53	0.01	26	27378	买盘
11:07:24	10.52	--	10	10520	卖盘
11:07:21	10.52	-0.01	30	31560	卖盘
11:07:00	10.53	--	3	3159	买盘
11:06:57	10.53	--	30	31589	卖盘
11:06:45	10.53	--	8	8424	卖盘
11:06:39	10.53	--	3	3159	卖盘
11:06:24	10.53	0.01	129	135837	买盘
11:06:21	10.52	-0.01	5	5260	卖盘
11:06:15	10.53	--	11	11583	买盘
11:06:00	10.53	--	12	12636	买盘
11:05:57	10.53	--	1	1053	买盘
11:05:48	10.53	--	21	22113	卖盘
11:05:36	10.53	--	15	15794	卖盘
11:05:33	10.53	--	66	69498	卖盘
11:05:06	10.53	--	23	24219	卖盘
11:04:57	10.53	-0.01	10	10530	卖盘
11:04:48	10.54	0.01	2	2108	买盘
11:04:42	10.53	-0.01	7	7371	卖盘
11:04:24	10.54	0.01	5	5270	买盘
11:04:21	10.53	--	90	94770	卖盘
11:04:15	10.53	-0.01	1	1053	卖盘
11:04:09	10.54	0.01	2	2108	买盘
11:04:03	10.53	--	5	5265	卖盘
11:03:51	10.53	--	26	27378	卖盘
11:03:45	10.53	--	100	105300	卖盘
11:03:30	10.53	--	20	21060	卖盘
11:03:27	10.53	--	10	10530	卖盘
11:03:12	10.53	-0.01	15	15794	卖盘
11:03:03	10.54	0.01	1	1054	买盘
11:02:57	10.53	--	30	31589	卖盘
11:02:54	10.53	--	5	5265	卖盘
11:02:48	10.53	-0.01	5	5265	卖盘
11:02:45	10.54	0.01	2	2108	买盘
11:02:30	10.53	--	300	315900	卖盘
11:02:18	10.53	--	10	10530	卖盘
11:02:03	10.53	-0.01	69	72657	卖盘
11:02:00	10.54	--	2	2108	买盘
11:01:48	10.54	-0.01	51	53753	卖盘
11:01:45	10.55	0.01	142	149810	买盘
11:01:42	10.54	--	10	10540	卖盘
11:01:36	10.54	-0.01	10	10540	卖盘
11:01:33	10.55	0.01	5	5275	买盘
11:01:30	10.54	-0.01	5	5270	卖盘
11:01:09	10.55	--	1	1055	买盘
11:00:54	10.55	--	1	1055	买盘
11:00:45	10.55	--	10	10550	买盘
11:00:39	10.55	0.01	21	22155	买盘
11:00:33	10.54	--	20	21080	卖盘
11:00:27	10.54	-0.01	20	21080	卖盘
11:00:18	10.55	--	7	7385	买盘
11:00:12	10.55	--	3	3165	买盘
11:00:03	10.55	0.01	2	2110	买盘
11:00:00	10.54	--	58	61131	卖盘
10:59:42	10.54	-0.01	9	9486	卖盘
10:59:39	10.55	0.01	35	36925	买盘
10:59:30	10.54	--	29	30565	卖盘
10:59:06	10.54	-0.01	17	17918	卖盘
10:59:03	10.55	0.01	2	2110	买盘
10:58:45	10.54	--	38	40052	卖盘
10:58:00	10.54	-0.01	1	1054	卖盘
10:57:54	10.55	--	1	1055	买盘
10:57:24	10.55	--	45	47475	买盘
10:57:21	10.55	--	10	10550	买盘
10:57:12	10.55	0.01	1	1055	买盘
10:56:57	10.54	--	21	22134	卖盘
10:56:39	10.54	-0.01	7	7377	卖盘
10:56:33	10.55	0.01	4	4220	买盘
10:56:30	10.54	0.01	4	4216	卖盘
10:55:57	10.53	-0.02	20	21060	卖盘
10:55:51	10.55	0.01	100	105500	买盘
10:55:45	10.54	--	7	7377	买盘
10:55:36	10.54	--	5	5270	买盘
10:55:30	10.54	--	30	31619	买盘
10:55:21	10.54	--	1	1054	买盘
10:55:12	10.54	0.01	1	1054	买盘
10:54:48	10.53	-0.01	35	36855	卖盘
10:54:27	10.54	-0.01	123	129641	卖盘
10:53:57	10.55	--	2	2110	买盘
10:53:48	10.55	0.01	50	52750	买盘
10:53:45	10.54	--	300	316200	卖盘
10:53:27	10.54	--	9	9486	卖盘
10:53:18	10.54	--	15	15809	卖盘
10:53:15	10.54	--	5	5270	卖盘
10:53:12	10.54	--	115	121209	买盘
10:53:03	10.54	--	1	1054	买盘
10:52:51	10.54	--	30	31619	买盘
10:52:36	10.54	0.01	8	8432	买盘
10:52:15	10.53	0.01	3	3159	买盘
10:52:09	10.52	-0.01	39	41028	卖盘
10:52:06	10.53	0.01	60	63179	买盘
10:52:03	10.52	--	1	1052	卖盘
10:51:12	10.52	--	6	6312	卖盘
10:51:09	10.52	-0.01	13	13676	卖盘
10:51:03	10.53	0.01	17	17901	买盘
10:51:00	10.52	-0.01	22	23144	卖盘
10:50:42	10.53	--	18	18954	卖盘
10:50:39	10.53	--	82	86346	卖盘
10:50:15	10.53	-0.01	4	4212	卖盘
10:50:12	10.54	--	1	1054	买盘
10:50:09	10.54	0.01	5	5270	买盘
10:50:06	10.53	0.01	10	10530	卖盘
10:50:00	10.52	-0.02	3	3156	卖盘
10:49:51	10.54	0.01	100	105399	买盘
10:49:48	10.53	--	20	21060	买盘
10:49:45	10.53	--	8	8424	卖盘
10:49:42	10.53	--	100	105300	卖盘
10:49:36	10.53	--	4	4212	卖盘
10:49:30	10.53	0.01	10	10530	卖盘
10:49:27	10.52	--	100	105200	卖盘
10:49:24	10.52	-0.01	101	106252	卖盘
10:49:18	10.53	--	116	122147	买盘
10:49:15	10.53	--	4	4212	买盘
10:49:00	10.53	--	2	2106	买盘
10:48:45	10.53	--	52	54756	卖盘
10:48:36	10.53	--	10	10530	卖盘
10:48:33	10.53	--	1	1053	卖盘
10:48:30	10.53	-0.01	9	9477	卖盘
10:48:24	10.54	0.02	37	38998	买盘
10:48:09	10.52	-0.02	10	10520	卖盘
10:48:06	10.54	0.02	1	1054	买盘
10:47:54	10.52	--	5	5260	卖盘
10:47:42	10.52	-0.01	62	65224	卖盘
10:47:18	10.53	-0.01	8	8424	卖盘
10:47:15	10.54	0.01	10	10540	买盘
10:47:12	10.53	-0.01	6	6318	卖盘
10:47:03	10.54	0.01	1	1054	买盘
10:46:54	10.53	--	10	10530	卖盘
10:46:51	10.53	0.01	16	16848	买盘
10:46:42	10.52	--	10	10520	卖盘
10:46:39	10.52	-0.01	21	22092	卖盘
10:46:24	10.53	--	1	1053	买盘
10:46:18	10.53	--	73	76869	买盘
10:46:12	10.53	0.01	2	2106	买盘
10:46:03	10.52	0.01	1	1052	中性盘
10:45:54	10.51	--	30	31530	卖盘
10:45:21	10.51	--	13	13663	卖盘
10:45:15	10.51	--	20	21020	卖盘
10:45:06	10.51	-0.04	732	769332	卖盘
10:45:00	10.55	0.01	1	1055	买盘
10:44:57	10.54	--	98	103291	卖盘
10:44:54	10.54	--	2	2108	卖盘
10:44:51	10.54	--	2	2108	卖盘
10:44:39	10.54	-0.01	5	5270	卖盘
10:44:36	10.55	--	100	105500	买盘
10:44:24	10.55	--	15	15825	买盘
10:44:03	10.55	--	2	2110	买盘
10:43:03	10.55	0.01	1	1055	买盘
10:42:57	10.54	--	10	10540	卖盘
10:42:54	10.54	--	3	3161	卖盘
10:42:30	10.54	--	71	74834	买盘
10:42:03	10.54	--	1	1054	买盘
10:41:57	10.54	0.01	11	11593	买盘
10:41:51	10.53	--	44	46332	卖盘
10:41:30	10.53	--	23	24219	卖盘
10:41:24	10.53	-0.02	5	5265	卖盘
10:41:12	10.55	--	20	21100	买盘
10:41:09	10.55	--	30	31650	买盘
10:41:00	10.55	0.02	5	5275	买盘
10:40:57	10.53	-0.02	50	52650	卖盘
10:40:51	10.55	--	2	2110	买盘
10:40:39	10.55	-0.01	8	8440	中性盘
10:40:18	10.56	--	30	31680	买盘
10:40:15	10.56	--	5	5280	买盘
10:40:06	10.56	--	63	66528	买盘
10:40:03	10.56	--	72	76032	买盘
10:40:00	10.56	--	1	1056	买盘
10:39:48	10.56	--	160	168960	买盘
10:39:39	10.56	--	10	10560	买盘
10:39:18	10.56	0.02	11	11616	买盘
10:39:12	10.54	-0.01	20	21080	卖盘
10:39:06	10.55	--	5	5275	卖盘
10:39:03	10.55	--	1	1055	卖盘
10:38:54	10.55	-0.01	20	21100	卖盘
10:38:51	10.56	0.01	2	2112	买盘
10:38:48	10.55	-0.01	20	21100	卖盘
10:38:45	10.56	--	93	98208	买盘
10:38:39	10.56	0.01	2	2112	买盘
10:38:30	10.55	--	80	84400	中性盘
10:38:03	10.55	--	1	1055	买盘
10:37:57	10.55	--	1	1055	卖盘
10:37:45	10.55	--	49	51695	卖盘
10:37:39	10.55	--	100	105500	卖盘
10:37:36	10.55	0.01	5	5275	中性盘
10:37:33	10.54	0.01	20	21080	中性盘
10:37:24	10.53	-0.02	432	454896	卖盘
10:37:15	10.55	0.02	1	1055	买盘
10:37:12	10.53	--	1	1053	卖盘
10:37:09	10.53	-0.02	1	1053	卖盘
10:37:06	10.55	0.02	4	4220	买盘
10:37:00	10.53	--	14	14742	卖盘
10:36:54	10.53	--	67	70551	卖盘
10:36:36	10.53	-0.02	92	96876	卖盘
10:36:33	10.55	--	10	10550	卖盘
10:36:30	10.55	--	8	8440	卖盘
10:36:27	10.55	--	5	5275	卖盘
10:36:24	10.55	--	1	1055	买盘
10:36:21	10.55	0.02	76	80180	买盘
10:36:09	10.53	-0.01	101	106353	卖盘
10:36:06	10.54	--	3	3161	卖盘
10:36:03	10.54	0.01	24	25295	买盘
10:35:51	10.53	--	106	111618	买盘
10:35:48	10.53	0.01	2	2106	买盘
10:35:39	10.52	--	25	26300	买盘
10:35:36	10.52	--	203	213556	买盘
10:35:33	10.52	0.01	36	37872	买盘
10:35:30	10.51	--	60	63060	卖盘
10:35:27	10.51	-0.01	13	13663	卖盘
10:35:24	10.52	--	33	34716	买盘
10:35:21	10.52	--	101	106252	买盘
10:35:18	10.52	0.01	15	15780	买盘
10:35:15	10.51	-0.01	68	71468	卖盘
10:35:12	10.52	--	25	26300	买盘
10:35:09	10.52	0.01	29	30508	买盘
10:35:06	10.51	-0.01	5	5255	卖盘
10:35:03	10.52	0.01	246	258792	买盘
10:35:00	10.51	--	449	471899	买盘
10:34:54	10.51	--	20	21020	买盘
10:34:48	10.51	--	20	21020	买盘
10:34:42	10.51	--	350	367850	卖盘
10:34:36	10.51	-0.01	20	21020	卖盘
10:34:33	10.52	--	1	1052	买盘
10:34:30	10.52	--	203	213556	买盘
10:34:27	10.52	--	12	12624	买盘
10:34:24	10.52	--	2	2104	买盘
10:34:09	10.52	-0.01	288	302976	卖盘
10:33:57	10.53	--	9	9477	买盘
10:33:54	10.53	-0.01	256	269568	卖盘
10:33:51	10.54	--	12	12647	买盘
10:33:48	10.54	--	19	20026	买盘
10:33:39	10.54	-0.01	5	5270	买盘
10:33:27	10.55	0.01	67	70685	买盘
10:33:21	10.54	-0.01	495	521729	卖盘
10:33:09	10.55	--	31	32705	卖盘
10:33:03	10.55	--	16	16880	卖盘
10:33:00	10.55	--	329	347095	卖盘
10:32:57	10.55	-0.01	50	52750	卖盘
10:32:54	10.56	--	24	25344	买盘
10:32:48	10.56	0.01	50	52800	买盘
10:32:42	10.55	-0.01	57	60135	卖盘
10:32:39	10.56	--	57	60192	卖盘
10:32:36	10.56	--	201	212256	卖盘
10:32:33	10.56	-0.01	120	126720	卖盘
10:32:30	10.57	0.01	44	46508	买盘
10:32:27	10.56	-0.01	20	21120	卖盘
10:32:24	10.57	0.01	2	2114	买盘
10:32:21	10.56	--	10	10560	卖盘
10:32:18	10.56	-0.01	8	8448	卖盘
10:32:00	10.57	--	15	15855	买盘
10:31:57	10.57	--	1	1057	买盘
10:31:54	10.57	--	131	138467	卖盘
10:31:45	10.57	--	20	21140	卖盘
10:31:39	10.57	-0.01	2	2114	卖盘
10:31:36	10.58	--	1	1058	买盘
10:31:30	10.58	0.01	9	9522	买盘
10:31:27	10.57	-0.02	88	93016	卖盘
10:30:57	10.59	--	2	2118	买盘
10:30:48	10.59	0.01	20	21180	买盘
10:30:39	10.58	--	5	5290	卖盘
10:30:33	10.58	--	5	5290	卖盘
10:30:27	10.58	0.02	278	294134	买盘
10:30:18	10.56	--	90	95040	卖盘
10:30:00	10.56	--	5	5280	卖盘
10:29:57	10.56	-0.01	9	9504	卖盘
10:29:51	10.57	--	1	1057	买盘
10:29:27	10.57	-0.01	880	931206	卖盘
10:29:21	10.58	--	2	2116	卖盘
10:29:06	10.58	--	62	65596	卖盘
10:29:03	10.58	--	5	5290	卖盘
10:29:00	10.58	--	18	19044	卖盘
10:28:51	10.58	-0.01	8	8464	卖盘
10:28:48	10.59	0.01	2	2118	买盘
10:28:45	10.58	-0.01	3	3174	卖盘
10:28:36	10.59	--	9	9531	中性盘
10:28:21	10.59	-0.01	20	21180	中性盘
10:27:57	10.6	--	1	1060	买盘
10:27:51	10.6	0.02	3	3180	买盘
10:27:39	10.58	-0.02	15	15870	卖盘
10:27:21	10.6	0.03	338	358280	买盘
10:27:18	10.57	--	40	42280	卖盘
10:27:15	10.57	-0.02	18	19026	卖盘
10:26:57	10.59	-0.01	2	2118	中性盘
10:26:24	10.6	0.03	10	10600	买盘
10:26:15	10.57	-0.01	179	189203	卖盘
10:26:12	10.58	0.01	2	2116	中性盘
10:26:06	10.57	-0.03	174	183918	卖盘
10:26:03	10.6	--	2	2120	买盘
10:26:00	10.6	0.03	45	47700	买盘
10:25:42	10.57	-0.02	458	484106	卖盘
10:25:24	10.59	-0.01	10	10590	卖盘
10:25:21	10.6	0.02	4	4240	买盘
10:25:12	10.58	-0.02	510	539580	卖盘
10:24:57	10.6	0.01	16	16960	买盘
10:24:39	10.59	-0.01	5	5295	卖盘
10:24:21	10.6	0.01	30	31800	买盘
10:24:09	10.59	-0.01	50	52950	卖盘
10:24:00	10.6	--	2	2120	买盘
10:23:54	10.6	0.01	50	53000	买盘
10:23:30	10.59	-0.01	5	5295	卖盘
10:23:27	10.6	--	35	37100	买盘
10:23:24	10.6	0.01	2	2120	买盘
10:23:18	10.59	-0.01	77	81543	卖盘
10:23:15	10.6	--	40	42400	买盘
10:23:09	10.6	0.01	20	21200	买盘
10:23:00	10.59	-0.01	32	33888	卖盘
10:22:57	10.6	0.01	1	1060	买盘
10:22:45	10.59	--	6	6354	买盘
10:22:30	10.59	--	26	27534	买盘
10:22:21	10.59	--	2	2118	买盘
10:22:15	10.59	--	29	30711	卖盘
10:22:03	10.59	--	63	66717	卖盘
10:21:57	10.59	--	6	6354	买盘
10:21:54	10.59	--	157	166263	买盘
10:21:51	10.59	--	3	3177	买盘
10:21:24	10.59	0.01	13	13767	买盘
10:21:21	10.58	--	29	30682	卖盘
10:21:18	10.58	-0.01	162	171396	卖盘
10:21:15	10.59	0.01	100	105900	买盘
10:21:03	10.58	-0.01	111	117438	卖盘
10:21:00	10.59	0.02	2	2118	买盘
10:20:54	10.57	-0.01	200	211400	卖盘
10:20:51	10.58	0.01	30	31740	买盘
10:20:42	10.57	-0.01	15	15855	卖盘
10:20:39	10.58	--	25	26450	买盘
10:20:33	10.58	--	30	31740	买盘
10:20:30	10.58	--	36	38088	卖盘
10:20:27	10.58	--	73	77234	买盘
10:20:15	10.58	--	55	58190	买盘
10:19:54	10.58	-0.01	21	22218	卖盘
10:19:51	10.59	--	1	1059	买盘
10:19:36	10.59	0.01	3	3177	买盘
10:19:24	10.58	--	20	21160	卖盘
10:19:21	10.58	0.01	28	29624	买盘
10:19:15	10.57	--	10	10570	卖盘
10:19:12	10.57	-0.02	10	10570	卖盘
10:18:54	10.59	0.01	4	4236	买盘
10:18:51	10.58	-0.01	10	10580	卖盘
10:18:48	10.59	0.01	23	24357	买盘
10:18:42	10.58	-0.01	3	3174	中性盘
10:18:27	10.59	--	20	21180	买盘
10:18:24	10.59	0.01	190	201210	买盘
10:18:15	10.58	--	17	17986	卖盘
10:17:57	10.58	--	11	11638	卖盘
10:17:54	10.58	-0.01	10	10580	卖盘
10:17:48	10.59	0.01	1	1059	买盘
10:17:45	10.58	--	40	42320	卖盘
10:17:36	10.58	--	35	37030	卖盘
10:17:33	10.58	--	5	5290	卖盘
10:17:27	10.58	--	12	12696	卖盘
10:17:24	10.58	-0.01	20	21160	卖盘
10:17:21	10.59	0.01	5	5295	买盘
10:17:09	10.58	-0.01	7	7406	卖盘
10:16:54	10.59	0.01	92	97428	买盘
10:16:51	10.58	-0.01	10	10580	卖盘
10:16:48	10.59	0.01	1	1059	买盘
10:16:45	10.58	0.01	42	44436	中性盘
10:16:24	10.57	-0.01	66	69762	卖盘
10:16:21	10.58	--	40	42320	卖盘
10:16:18	10.58	--	55	58190	买盘
10:16:12	10.58	--	30	31740	买盘
10:16:06	10.58	--	40	42320	买盘
10:16:03	10.58	--	14	14812	买盘
10:16:00	10.58	--	5	5290	买盘
10:15:51	10.58	--	10	10580	买盘
10:15:48	10.58	--	10	10580	买盘
10:15:42	10.58	0.01	2	2116	买盘
10:15:36	10.57	-0.01	10	10570	卖盘
10:15:30	10.58	--	25	26450	买盘
10:15:21	10.58	--	60	63480	买盘
10:15:06	10.58	0.01	1	1058	买盘
10:15:03	10.57	--	10	10570	卖盘
10:15:00	10.57	--	1	1057	卖盘
10:14:57	10.57	--	7	7399	卖盘
10:14:54	10.57	--	1	1057	卖盘
10:14:48	10.57	-0.01	100	105700	卖盘
10:14:42	10.58	0.01	9	9522	买盘
10:14:39	10.57	-0.01	100	105700	卖盘
10:14:36	10.58	0.01	20	21160	买盘
10:14:30	10.57	--	10	10570	卖盘
10:14:27	10.57	-0.01	2	2114	卖盘
10:14:24	10.58	--	44	46552	买盘
10:14:12	10.58	-0.01	99	104742	卖盘
10:14:09	10.59	0.02	5	5295	买盘
10:14:06	10.57	-0.01	51	53907	卖盘
10:13:57	10.58	-0.02	209	221122	卖盘
10:13:51	10.6	--	1	1060	买盘
10:13:48	10.6	0.01	10	10600	买盘
10:13:45	10.59	--	20	21180	卖盘
10:13:33	10.59	-0.01	3	3177	卖盘
10:13:30	10.6	--	3	3180	买盘
10:13:27	10.6	0.01	105	111300	买盘
10:13:21	10.59	--	3	3177	卖盘
10:13:12	10.59	-0.01	247	261573	卖盘
10:12:57	10.6	--	2	2120	买盘
10:12:51	10.6	--	38	40280	买盘
10:12:48	10.6	--	25	26500	卖盘
10:12:45	10.6	--	56	59360	卖盘
10:12:42	10.6	--	50	53000	卖盘
10:12:39	10.6	--	11	11660	卖盘
10:12:27	10.6	0.01	57	60420	买盘
10:12:24	10.59	-0.01	45	47665	卖盘
10:12:21	10.6	0.01	45	47700	买盘
10:12:18	10.59	-0.01	1	1059	卖盘
10:12:15	10.6	0.01	40	42400	买盘
10:12:12	10.59	-0.01	5	5295	卖盘
10:11:51	10.6	--	32	33920	卖盘
10:11:48	10.6	-0.01	10	10600	卖盘
10:11:42	10.61	--	10	10610	买盘
10:11:36	10.61	--	118	125198	买盘
10:11:33	10.61	--	113	120943	卖盘
10:11:30	10.61	-0.01	111	117771	卖盘
10:11:27	10.62	0.01	25	26549	买盘
10:11:24	10.61	--	15	15915	卖盘
10:11:21	10.61	-0.01	6	6366	卖盘
10:11:18	10.62	--	129	136998	买盘
10:11:12	10.62	0.01	5	5310	买盘
10:11:09	10.61	-0.01	26	27586	卖盘
10:11:03	10.62	-0.01	3	3185	中性盘
10:10:45	10.63	0.02	2	2126	买盘
10:10:39	10.61	-0.01	108	114588	卖盘
10:10:30	10.62	--	9	9558	卖盘
10:10:24	10.62	0.01	56	59471	买盘
10:10:21	10.61	--	9	9549	卖盘
10:10:18	10.61	--	1	1061	卖盘
10:10:09	10.61	-0.01	14	14854	卖盘
10:10:03	10.62	0.01	120	127439	买盘
10:10:00	10.61	--	90	95490	卖盘
10:09:57	10.61	0.01	164	174014	买盘
10:09:48	10.6	-0.01	12	12720	卖盘
10:09:42	10.61	0.02	1	1061	买盘
10:09:39	10.59	-0.02	30	31770	卖盘
10:09:36	10.61	0.01	60	63660	买盘
10:09:30	10.6	-0.01	10	10600	买盘
10:09:15	10.61	0.01	226	239786	买盘
10:09:12	10.6	--	28	29680	卖盘
10:09:09	10.6	--	118	125080	卖盘
10:09:06	10.6	-0.01	33	34980	卖盘
10:09:03	10.61	0.01	22	23342	买盘
10:09:00	10.6	-0.01	3	3180	卖盘
10:08:57	10.61	0.01	4	4244	买盘
10:08:54	10.6	-0.01	50	53000	卖盘
10:08:51	10.61	--	6	6366	买盘
10:08:42	10.61	--	1	1061	买盘
10:08:39	10.61	--	14	14854	买盘
10:08:33	10.61	--	10	10610	买盘
10:08:27	10.61	--	25	26525	买盘
10:08:15	10.61	-0.01	7	8477	卖盘
10:08:12	10.62	0.01	92	97704	买盘
10:08:09	10.61	--	34	36084	买盘
10:08:03	10.61	0.01	308	327838	买盘
10:07:57	10.6	--	2	2120	卖盘
10:07:51	10.6	--	220	233210	买盘
10:07:48	10.6	--	10	10600	买盘
10:07:42	10.6	0.01	2	2120	买盘
10:07:33	10.59	--	43	45537	买盘
10:07:30	10.59	--	5	5295	买盘
10:07:27	10.59	--	106	112254	买盘
10:07:24	10.59	--	20	21180	买盘
10:07:15	10.59	0.02	45	47655	买盘
10:07:06	10.57	-0.01	19	20083	卖盘
10:07:03	10.58	--	57	60306	买盘
10:07:00	10.58	--	19	20102	买盘
10:06:54	10.58	0.01	7	7406	买盘
10:06:51	10.57	-0.01	19	20083	卖盘
10:06:45	10.58	--	1	1058	买盘
10:06:42	10.58	0.01	10	10580	买盘
10:06:36	10.57	-0.01	102	107814	卖盘
10:06:33	10.58	-0.01	5	5290	卖盘
10:06:30	10.59	0.01	20	21180	买盘
10:06:27	10.58	--	2	2116	卖盘
10:06:24	10.58	-0.01	80	84640	卖盘
10:06:12	10.59	--	1	1059	买盘
10:06:09	10.59	--	5	5295	买盘
10:06:06	10.59	--	55	58245	卖盘
10:06:03	10.59	--	110	116490	卖盘
10:06:00	10.59	-0.01	2	2118	卖盘
10:05:54	10.6	--	47	49820	买盘
10:05:48	10.6	--	2	2120	买盘
10:05:45	10.6	--	3	3180	买盘
10:05:42	10.6	--	83	89029	卖盘
10:05:39	10.6	--	30	31800	卖盘
10:05:36	10.6	--	21	22260	卖盘
10:05:33	10.6	--	213	225780	卖盘
10:05:30	10.6	-0.02	37	39220	卖盘
10:05:27	10.62	0.01	444	471527	买盘
10:05:24	10.61	-0.01	94	99734	卖盘
10:05:21	10.62	--	556	590472	买盘
10:05:18	10.62	--	6	6371	买盘
10:05:12	10.62	-0.01	131	139122	买盘
10:05:09	10.63	0.01	114	121182	买盘
10:05:06	10.62	--	10	10620	买盘
10:05:03	10.62	-0.01	215	228329	卖盘
10:05:00	10.63	0.01	74	78662	买盘
10:04:57	10.62	-0.01	151	160362	卖盘
10:04:54	10.63	--	149	158387	买盘
10:04:51	10.63	--	48	51024	买盘
10:04:48	10.63	0.01	33	35079	买盘
10:04:45	10.62	--	10	10620	卖盘
10:04:42	10.62	0.01	85	90270	买盘
10:04:36	10.61	-0.01	90	95490	卖盘
10:04:30	10.62	--	22	23364	买盘
10:04:27	10.62	0.01	30	31859	买盘
10:04:24	10.61	--	40	42440	买盘
10:04:21	10.61	--	10	10610	买盘
10:04:18	10.61	0.01	67	71087	买盘
10:04:15	10.6	-0.01	22	23320	卖盘
10:04:12	10.61	--	90	95490	买盘
10:04:09	10.61	0.01	427	453047	买盘
10:04:06	10.6	--	10	10600	卖盘
10:04:03	10.6	--	20	21200	卖盘
10:04:00	10.6	--	338	358290	买盘
10:03:48	10.6	0.01	44	46640	买盘
10:03:42	10.59	-0.01	16	16944	卖盘
10:03:39	10.6	--	143	151580	买盘
10:03:36	10.6	--	3	3180	买盘
10:03:33	10.6	0.01	6	6360	买盘
10:03:30	10.59	--	39	41301	卖盘
10:03:27	10.59	--	115	121785	卖盘
10:03:24	10.59	--	10	10590	卖盘
10:03:21	10.59	--	36	38124	买盘
10:03:18	10.59	--	79	83661	买盘
10:03:15	10.59	0.01	15	15885	买盘
10:03:12	10.58	-0.01	38	40204	卖盘
10:03:06	10.59	--	16	16944	买盘
10:03:03	10.59	--	10	10590	买盘
10:03:00	10.59	--	25	26475	买盘
10:02:57	10.59	0.01	30	31770	买盘
10:02:54	10.58	-0.01	10	10580	卖盘
10:02:51	10.59	0.01	17	18003	买盘
10:02:48	10.58	--	74	78292	买盘
10:02:45	10.58	--	179	189382	卖盘
10:02:42	10.58	--	120	126960	卖盘
10:02:39	10.58	0.01	105	111090	买盘
10:02:36	10.57	-0.01	10	10570	卖盘
10:02:33	10.58	--	16	16928	买盘
10:02:30	10.58	0.01	15	15870	买盘
10:02:27	10.57	--	30	31710	卖盘
10:02:24	10.57	-0.01	40	42280	中性盘
10:02:18	10.58	0.01	233	246514	买盘
10:02:15	10.57	--	100	105700	买盘
10:02:12	10.57	--	49	51793	买盘
10:02:06	10.57	0.01	2	2114	买盘
10:02:00	10.56	-0.01	99	104544	卖盘
10:01:57	10.57	--	82	86674	买盘
10:01:54	10.57	--	29	30653	买盘
10:01:51	10.57	--	3	3171	买盘
10:01:45	10.57	--	10	10570	买盘
10:01:42	10.57	0.01	14	14798	买盘
10:01:39	10.56	-0.01	20	21120	卖盘
10:01:36	10.57	0.01	4	4228	买盘
10:01:30	10.56	-0.01	173	182688	中性盘
10:01:24	10.57	--	129	136353	买盘
10:01:15	10.57	0.01	180	190260	买盘
10:01:06	10.56	--	12	12672	买盘
10:01:03	10.56	--	52	54912	卖盘
10:00:48	10.56	--	116	122496	买盘
10:00:45	10.56	0.01	91	96096	买盘
10:00:42	10.55	-0.01	5	5275	卖盘
10:00:39	10.56	0.01	22	23232	买盘
10:00:36	10.55	-0.01	2	2110	卖盘
10:00:33	10.56	0.01	50	52800	买盘
10:00:30	10.55	--	5	5275	卖盘
10:00:27	10.55	--	1	1055	卖盘
10:00:21	10.55	--	9	9495	卖盘
10:00:15	10.55	--	71	74905	买盘
10:00:12	10.55	0.01	3	3165	买盘
10:00:09	10.54	-0.01	114	120155	卖盘
10:00:06	10.55	--	5	5275	买盘
10:00:03	10.55	0.01	7	7385	买盘
09:59:54	10.54	-0.01	43	45321	卖盘
09:59:51	10.55	--	18	18990	买盘
09:59:48	10.55	--	2	2110	买盘
09:59:39	10.55	0.01	10	10550	买盘
09:59:30	10.54	--	140	147560	卖盘
09:59:21	10.54	--	183	193082	卖盘
09:59:15	10.54	--	36	37944	中性盘
09:59:12	10.54	-0.01	2	2108	买盘
09:59:09	10.55	0.01	110	116050	买盘
09:59:06	10.54	--	24	25295	卖盘
09:59:03	10.54	--	130	137020	卖盘
09:59:00	10.54	--	5	5270	卖盘
09:58:57	10.54	--	46	48483	卖盘
09:58:54	10.54	--	8	8432	卖盘
09:58:51	10.54	--	5	5270	卖盘
09:58:48	10.54	-0.01	4	4216	卖盘
09:58:42	10.55	-0.01	235	247925	卖盘
09:58:33	10.56	--	6	6336	买盘
09:58:30	10.56	--	134	141504	买盘
09:58:27	10.56	--	20	21120	买盘
09:58:24	10.56	-0.01	50	52800	卖盘
09:58:18	10.57	--	358	378406	买盘
09:58:15	10.57	--	43	45451	买盘
09:58:12	10.57	--	13	13741	买盘
09:58:09	10.57	--	4	4228	买盘
09:58:06	10.57	--	15	15855	买盘
09:58:03	10.57	--	39	41223	买盘
09:58:00	10.57	0.01	35	36995	买盘
09:57:57	10.56	--	10	10560	卖盘
09:57:54	10.56	-0.01	50	52800	卖盘
09:57:51	10.57	--	79	83503	买盘
09:57:48	10.57	0.01	13	13741	买盘
09:57:45	10.56	-0.01	54	57024	卖盘
09:57:42	10.57	0.01	11	11627	买盘
09:57:39	10.56	--	15	15840	卖盘
09:57:36	10.56	--	6	6336	买盘
09:57:33	10.56	--	33	34848	买盘
09:57:27	10.56	0.01	10	10560	买盘
09:57:18	10.55	--	49	51695	买盘
09:57:12	10.55	0.01	256	270080	买盘
09:57:00	10.54	0.01	222	233987	买盘
09:56:45	10.53	0.01	29	30536	买盘
09:56:42	10.52	-0.01	40	42080	卖盘
09:56:39	10.53	0.01	29	30536	买盘
09:56:36	10.52	--	7	7364	买盘
09:56:21	10.52	0.01	29	30508	买盘
09:56:15	10.51	-0.01	266	279566	卖盘
09:56:06	10.52	--	5	5260	买盘
09:56:03	10.52	0.02	5	5260	买盘
09:56:00	10.5	--	500	525000	卖盘
09:55:51	10.5	-0.01	29	30450	卖盘
09:55:48	10.51	--	22	23122	买盘
09:55:45	10.51	0.01	350	367850	买盘
09:55:36	10.5	--	3	3150	卖盘
09:55:30	10.5	--	58	60900	卖盘
09:55:18	10.5	--	32	33600	卖盘
09:55:15	10.5	--	62	65100	卖盘
09:55:06	10.5	--	140	147000	卖盘
09:55:00	10.5	-0.01	4	4200	卖盘
09:54:57	10.51	0.01	10	10510	买盘
09:54:51	10.5	-0.01	3	3150	卖盘
09:54:45	10.51	0.01	11	11561	买盘
09:54:42	10.5	-0.01	41	43050	卖盘
09:54:39	10.51	0.01	105	110355	买盘
09:54:36	10.5	--	100	105000	卖盘
09:54:33	10.5	--	7	7350	卖盘
09:54:27	10.5	--	77	80850	卖盘
09:54:24	10.5	--	10	10500	卖盘
09:54:21	10.5	--	266	279793	买盘
09:54:18	10.5	--	10	10500	买盘
09:54:15	10.5	--	20	21000	买盘
09:54:12	10.5	--	30	31500	买盘
09:54:06	10.5	--	38	39900	买盘
09:53:54	10.5	--	20	21000	买盘
09:53:51	10.5	--	168	176400	买盘
09:53:45	10.5	--	44	46200	买盘
09:53:42	10.5	--	15	15750	买盘
09:53:36	10.5	--	12	12600	买盘
09:53:30	10.5	0.01	61	64050	买盘
09:53:27	10.49	-0.01	30	31470	卖盘
09:53:21	10.5	0.01	10	10500	买盘
09:53:15	10.49	-0.01	5	5245	卖盘
09:53:12	10.5	0.01	4	4200	买盘
09:53:09	10.49	--	1	1049	卖盘
09:53:06	10.49	--	5	5245	卖盘
09:53:00	10.49	--	42	44058	卖盘
09:52:54	10.49	--	12	12588	卖盘
09:52:42	10.49	0.01	200	209800	中性盘
09:52:33	10.48	-0.02	1	1048	卖盘
09:52:27	10.5	0.02	659	691950	买盘
09:52:24	10.48	-0.01	100	104800	卖盘
09:52:21	10.49	--	5	5245	买盘
09:52:12	10.49	--	3	3147	买盘
09:52:09	10.49	-0.01	413	433237	卖盘
09:52:06	10.5	0.01	210	220500	买盘
09:52:03	10.49	-0.01	72	75528	卖盘
09:52:00	10.5	--	20	21000	买盘
09:51:45	10.5	0.01	1	1050	买盘
09:51:39	10.49	--	50	52450	卖盘
09:51:33	10.49	--	30	31470	卖盘
09:51:30	10.49	--	34	35666	卖盘
09:51:21	10.49	--	51	53499	买盘
09:51:18	10.49	0.01	116	121684	买盘
09:51:15	10.48	-0.01	40	41920	卖盘
09:51:06	10.49	--	20	20980	买盘
09:51:03	10.49	--	158	165742	买盘
09:50:57	10.49	--	15	15735	买盘
09:50:54	10.49	--	32	33568	买盘
09:50:48	10.49	--	5	5245	买盘
09:50:45	10.49	--	10	10490	买盘
09:50:42	10.49	--	290	304210	卖盘
09:50:30	10.49	--	29	30421	卖盘
09:50:24	10.49	--	3	3147	卖盘
09:50:09	10.49	-0.01	16	16784	卖盘
09:50:03	10.5	--	235	246750	买盘
09:49:57	10.5	--	65	68250	买盘
09:49:39	10.5	--	126	132300	买盘
09:49:36	10.5	--	1	1050	买盘
09:49:30	10.5	0.01	15	15750	买盘
09:49:24	10.49	-0.01	100	104900	卖盘
09:49:21	10.5	0.01	5	5250	买盘
09:49:06	10.49	--	12	12588	买盘
09:49:03	10.49	0.01	56	58744	买盘
09:49:00	10.48	-0.01	53	55544	卖盘
09:48:54	10.49	--	30	31470	卖盘
09:48:51	10.49	0.01	170	178330	中性盘
09:48:45	10.48	-0.01	100	104800	卖盘
09:48:42	10.49	-0.01	110	115390	卖盘
09:48:39	10.5	0.01	1	1050	买盘
09:48:33	10.49	--	80	83920	卖盘
09:48:30	10.49	--	54	56646	买盘
09:48:24	10.49	--	105	110145	买盘
09:48:12	10.49	--	14	14686	卖盘
09:48:09	10.49	0.01	158	165742	买盘
09:48:03	10.48	--	34	35632	卖盘
09:48:00	10.48	-0.01	42	44016	卖盘
09:47:57	10.49	--	10	10490	买盘
09:47:54	10.49	--	31	32519	买盘
09:47:42	10.49	0.01	5	5245	买盘
09:47:39	10.48	-0.01	10	10480	卖盘
09:47:36	10.49	--	9	9441	买盘
09:47:33	10.49	--	10	10490	买盘
09:47:30	10.49	--	20	20980	买盘
09:47:24	10.49	--	5	5245	买盘
09:47:15	10.49	--	640	671360	卖盘
09:47:09	10.49	--	152	159448	卖盘
09:47:06	10.49	--	14	14686	卖盘
09:46:54	10.49	--	12	12588	卖盘
09:46:51	10.49	-0.01	30	31470	卖盘
09:46:45	10.5	--	1	1050	买盘
09:46:42	10.5	0.01	2	2100	买盘
09:46:33	10.49	--	4	4196	卖盘
09:46:21	10.49	--	146	153154	买盘
09:46:15	10.49	0.01	13	13637	买盘
09:45:57	10.48	-0.01	90	94320	卖盘
09:45:51	10.49	--	66	69234	买盘
09:45:45	10.49	--	10	10490	买盘
09:45:39	10.49	--	4	4196	买盘
09:45:36	10.49	-0.01	108	113292	卖盘
09:45:33	10.5	--	10	10500	买盘
09:45:30	10.5	0.01	100	105000	买盘
09:45:24	10.49	--	26	27274	卖盘
09:45:21	10.49	--	135	141615	卖盘
09:45:12	10.49	--	9	9441	卖盘
09:45:09	10.49	--	28	29372	卖盘
09:45:06	10.49	--	29	30421	卖盘
09:45:03	10.49	-0.01	2	2098	卖盘
09:45:00	10.5	0.01	63	66150	买盘
09:44:57	10.49	--	2	2098	卖盘
09:44:54	10.49	--	2	2098	卖盘
09:44:51	10.49	-0.01	10	10490	卖盘
09:44:45	10.5	0.02	10	10500	买盘
09:44:42	10.48	-0.01	301	315448	卖盘
09:44:39	10.49	--	204	213996	卖盘
09:44:36	10.49	-0.01	56	58744	卖盘
09:44:33	10.5	--	20	21000	买盘
09:44:27	10.5	0.01	25	26250	买盘
09:44:21	10.49	-0.01	48	50352	卖盘
09:44:15	10.5	--	5	5250	买盘
09:44:09	10.5	--	5	5250	买盘
09:43:57	10.5	0.01	30	31500	买盘
09:43:54	10.49	--	238	249662	卖盘
09:43:51	10.49	-0.01	60	62940	卖盘
09:43:48	10.5	--	183	192150	买盘
09:43:42	10.5	0.01	1	1050	买盘
09:43:39	10.49	-0.01	10	10490	卖盘
09:43:36	10.5	0.01	14	14700	买盘
09:43:33	10.49	-0.01	25	26225	卖盘
09:43:30	10.5	0.01	12	12600	中性盘
09:43:24	10.49	--	132	138468	卖盘
09:43:21	10.49	--	28	29372	卖盘
09:43:18	10.49	-0.02	3	3147	卖盘
09:43:12	10.51	0.01	110	115610	买盘
09:43:06	10.5	--	10	10500	买盘
09:43:03	10.5	--	56	58800	卖盘
09:43:00	10.5	--	6	6300	卖盘
09:42:57	10.5	--	2	2100	卖盘
09:42:54	10.5	-0.01	10	10500	卖盘
09:42:51	10.51	--	2	2102	买盘
09:42:45	10.51	--	9	9459	卖盘
09:42:39	10.51	--	18	18918	买盘
09:42:36	10.51	--	30	31530	买盘
09:42:33	10.51	-0.01	2	2102	中性盘
09:42:21	10.52	0.01	19	19988	买盘
09:42:18	10.51	0.01	178	187078	买盘
09:42:15	10.5	-0.02	20	21000	卖盘
09:42:12	10.52	0.02	1	1052	买盘
09:42:03	10.5	--	7	7350	卖盘
09:42:00	10.5	0.01	48	50400	买盘
09:41:57	10.49	--	33	34617	卖盘
09:41:54	10.49	-0.01	26	27274	卖盘
09:41:48	10.5	--	10	10500	买盘
09:41:45	10.5	0.01	50	52500	买盘
09:41:39	10.49	--	1	1049	卖盘
09:41:36	10.49	0.01	48	50352	买盘
09:41:24	10.48	--	25	26200	买盘
09:41:18	10.48	--	6	6288	买盘
09:41:15	10.48	--	10	10480	买盘
09:41:09	10.48	--	9	9432	买盘
09:41:06	10.48	-0.01	50	52400	卖盘
09:40:57	10.49	0.01	20	20980	买盘
09:40:54	10.48	-0.01	3	3144	中性盘
09:40:48	10.49	--	1	1049	买盘
09:40:42	10.49	--	187	196163	买盘
09:40:39	10.49	0.02	2	2098	买盘
09:40:30	10.47	--	184	192648	买盘
09:40:27	10.47	--	7	7329	买盘
09:40:24	10.47	--	9	9423	买盘
09:40:21	10.47	--	20	20940	买盘
09:40:12	10.47	0.01	20	20940	买盘
09:40:03	10.46	-0.01	60	62760	卖盘
09:40:00	10.47	--	80	83760	买盘
09:39:51	10.47	--	2	2094	买盘
09:39:48	10.47	-0.01	65	68055	卖盘
09:39:45	10.48	--	64	67072	买盘
09:39:42	10.48	0.02	20	20960	买盘
09:39:39	10.46	-0.02	869	908974	卖盘
09:39:36	10.48	0.01	46	48208	买盘
09:39:30	10.47	--	15	15705	卖盘
09:39:27	10.47	0.01	140	146580	买盘
09:39:24	10.46	--	7	7322	卖盘
09:39:21	10.46	--	25	26150	卖盘
09:39:15	10.46	--	20	20920	卖盘
09:39:12	10.46	--	30	31380	卖盘
09:39:06	10.46	0.03	62	64852	买盘
09:39:00	10.43	-0.03	584	609112	卖盘
09:38:57	10.46	--	20	20920	买盘
09:38:54	10.46	--	5	5230	买盘
09:38:51	10.46	--	17	17782	买盘
09:38:48	10.46	0.01	24	25104	买盘
09:38:45	10.45	-0.01	10	10450	卖盘
09:38:42	10.46	--	24	25104	买盘
09:38:39	10.46	--	24	25104	买盘
09:38:33	10.46	0.01	164	171544	买盘
09:38:30	10.45	--	11	11495	卖盘
09:38:24	10.45	--	12	12540	卖盘
09:38:21	10.45	--	5	5225	卖盘
09:38:18	10.45	--	5	5517	买盘
09:38:15	10.45	0.01	184	192280	买盘
09:38:12	10.44	--	201	209844	卖盘
09:38:09	10.44	-0.01	33	34452	卖盘
09:38:06	10.45	0.01	85	88825	买盘
09:38:03	10.44	--	14	14616	卖盘
09:38:00	10.44	-0.01	145	151380	卖盘
09:37:57	10.45	--	91	95095	买盘
09:37:51	10.45	--	457	477564	买盘
09:37:48	10.45	--	50	52250	买盘
09:37:45	10.45	--	27	28214	买盘
09:37:42	10.45	--	2	2090	买盘
09:37:39	10.45	0.01	10	10450	买盘
09:37:36	10.44	-0.01	4	4176	卖盘
09:37:30	10.45	0.01	7	7314	买盘
09:37:27	10.44	-0.01	28	29232	卖盘
09:37:24	10.45	0.01	214	223629	买盘
09:37:21	10.44	-0.01	246	256824	卖盘
09:37:15	10.45	--	2	2090	买盘
09:37:09	10.45	-0.01	102	106590	卖盘
09:37:06	10.46	--	6	6276	买盘
09:37:03	10.46	-0.01	48	50208	卖盘
09:37:00	10.47	0.01	12	12564	中性盘
09:36:45	10.46	-0.01	205	214430	卖盘
09:36:39	10.47	--	30	31410	买盘
09:36:36	10.47	-0.01	89	93183	卖盘
09:36:27	10.48	--	6	6288	买盘
09:36:24	10.48	--	95	100314	卖盘
09:36:21	10.48	-0.01	126	132048	卖盘
09:36:18	10.49	0.01	85	89165	买盘
09:36:15	10.48	--	133	139677	卖盘
09:36:12	10.48	-0.01	200	209600	卖盘
09:36:03	10.49	--	5	5245	买盘
09:35:57	10.49	--	177	186092	卖盘
09:35:54	10.49	--	20	20980	卖盘
09:35:51	10.49	--	26	27274	卖盘
09:35:48	10.49	--	20	20980	卖盘
09:35:36	10.49	--	39	41540	买盘
09:35:30	10.49	--	135	141615	卖盘
09:35:27	10.49	-0.01	25	26225	买盘
09:35:24	10.5	0.01	150	157500	买盘
09:35:21	10.49	-0.01	7	7343	卖盘
09:35:18	10.5	0.01	1	1050	买盘
09:35:15	10.49	--	1	1049	卖盘
09:35:12	10.49	-0.01	100	104900	卖盘
09:34:57	10.5	--	4	4200	买盘
09:34:54	10.5	0.01	4	4200	买盘
09:34:45	10.49	-0.01	122	127978	卖盘
09:34:42	10.5	0.01	7	7350	买盘
09:34:36	10.49	-0.01	10	10490	卖盘
09:34:33	10.5	--	1	1050	买盘
09:34:30	10.5	0.01	40	42000	中性盘
09:34:21	10.49	-0.01	68	71332	卖盘
09:34:18	10.5	--	29	30450	卖盘
09:34:15	10.5	--	7	7350	买盘
09:34:12	10.5	--	5	5250	买盘
09:34:06	10.5	-0.01	140	147000	卖盘
09:34:03	10.51	0.01	60	63060	买盘
09:33:57	10.5	--	80	84000	卖盘
09:33:51	10.5	--	28	29400	买盘
09:33:48	10.5	--	5	5250	买盘
09:33:45	10.5	--	77	80850	买盘
09:33:42	10.5	--	20	21000	买盘
09:33:36	10.5	--	110	115500	买盘
09:33:21	10.5	0.01	16	16800	买盘
09:33:18	10.49	--	4	4196	卖盘
09:33:15	10.49	--	15	15735	卖盘
09:33:06	10.49	0.01	38	39862	买盘
09:33:03	10.48	--	14	14672	卖盘
09:32:57	10.48	--	1	1048	卖盘
09:32:54	10.48	-0.01	80	83840	卖盘
09:32:51	10.49	0.01	190	199310	买盘
09:32:48	10.48	--	4	4192	卖盘
09:32:39	10.48	-0.01	1	1048	卖盘
09:32:33	10.49	--	10	10490	买盘
09:32:30	10.49	0.01	158	165742	买盘
09:32:24	10.48	--	7	7336	卖盘
09:32:12	10.48	-0.01	6	6288	卖盘
09:32:09	10.49	-0.01	15	15735	卖盘
09:32:06	10.5	--	10	10500	买盘
09:32:03	10.5	--	10	10500	买盘
09:32:00	10.5	--	10	10500	买盘
09:31:48	10.5	--	14	14700	卖盘
09:31:45	10.5	--	20	21000	卖盘
09:31:42	10.5	--	58	60900	买盘
09:31:33	10.5	0.02	20	21000	买盘
09:31:21	10.48	--	100	104800	卖盘
09:31:12	10.48	--	50	52400	卖盘
09:31:06	10.48	--	104	108992	买盘
09:30:57	10.48	0.02	50	52400	买盘
09:30:45	10.46	--	20	20920	买盘
09:30:39	10.46	--	10	10460	买盘
09:30:36	10.46	0.01	2	2092	买盘
09:30:30	10.45	--	31	32394	买盘
09:30:21	10.45	0.01	11	11495	买盘
09:30:18	10.44	--	64	66816	买盘
09:30:15	10.44	--	117	122148	买盘
09:30:12	10.44	--	35	36540	买盘
09:30:06	10.44	--	403	420732	买盘
09:30:03	10.44	-0.01	45	46980	卖盘
09:25:03	10.45	10.45	124	129579	买盘
