成交时间	成交价	价格变动	成交量(手)	成交额(元)	性质
15:00:03	14.99	-0.01	467	700033	中性盘
14:57:03	15.0	--	0	0	买盘
14:56:51	15.0	--	50	75000	卖盘
14:56:48	15.0	--	24	36000	卖盘
14:56:42	15.0	-0.01	16	24000	卖盘
14:56:39	15.01	--	93	139593	买盘
14:56:30	15.01	--	106	159106	卖盘
14:56:27	15.01	--	50	75050	卖盘
14:56:24	15.01	-0.01	20	30020	卖盘
14:56:18	15.02	0.01	4	6008	买盘
14:56:12	15.01	-0.01	57	85557	卖盘
14:56:00	15.02	--	50	75100	卖盘
14:55:57	15.02	--	234	351468	卖盘
14:55:54	15.02	--	40	60080	卖盘
14:55:51	15.02	-0.01	14	21028	卖盘
14:55:48	15.03	--	3	4509	买盘
14:55:42	15.03	0.01	13	19539	买盘
14:55:39	15.02	--	29	43558	卖盘
14:55:36	15.02	-0.01	30	45060	卖盘
14:55:30	15.03	--	32	48096	买盘
14:55:21	15.03	--	21	31563	卖盘
14:55:18	15.03	--	79	118737	买盘
14:55:03	15.03	--	135	202905	卖盘
14:55:00	15.03	-0.01	20	30060	卖盘
14:54:48	15.04	--	77	115808	卖盘
14:54:42	15.04	-0.01	38	57152	卖盘
14:54:33	15.05	--	24	36120	买盘
14:54:15	15.05	--	95	142975	卖盘
14:54:06	15.05	--	20	30100	卖盘
14:54:00	15.05	--	34	51170	卖盘
14:53:54	15.05	--	11	16555	买盘
14:53:48	15.05	--	9	13545	卖盘
14:53:45	15.05	--	1	1505	卖盘
14:53:42	15.05	0.01	12	18060	买盘
14:53:39	15.04	--	331	497824	卖盘
14:53:36	15.04	-0.01	10	15040	卖盘
14:53:33	15.05	0.01	2	3010	买盘
14:53:21	15.04	-0.01	50	75200	卖盘
14:53:18	15.05	--	2	3010	卖盘
14:53:15	15.05	--	39	58695	卖盘
14:53:03	15.05	0.01	42	63210	买盘
14:52:54	15.04	-0.01	20	30080	卖盘
14:52:51	15.05	0.01	5	7525	买盘
14:52:48	15.04	--	112	168448	卖盘
14:52:39	15.04	-0.01	19	28576	卖盘
14:52:36	15.05	--	67	100835	买盘
14:52:27	15.05	0.01	100	150500	买盘
14:52:18	15.04	--	8	12032	卖盘
14:52:15	15.04	0.01	82	123328	买盘
14:52:06	15.03	--	2	3006	卖盘
14:52:03	15.03	--	5	7515	卖盘
14:51:57	15.03	-0.01	6	9018	卖盘
14:51:45	15.04	--	5	7520	买盘
14:51:27	15.04	--	48	72192	卖盘
14:51:21	15.04	--	3	4512	卖盘
14:51:09	15.04	--	2	3008	卖盘
14:51:06	15.04	--	2	3008	卖盘
14:51:03	15.04	--	5	7520	卖盘
14:50:57	15.04	--	12	18048	卖盘
14:50:54	15.04	--	12	18048	卖盘
14:50:48	15.04	-0.01	15	22560	卖盘
14:50:45	15.05	0.01	6	9030	买盘
14:50:39	15.04	--	13	19552	卖盘
14:50:33	15.04	-0.01	10	15040	卖盘
14:50:21	15.05	--	165	248325	卖盘
14:50:18	15.05	-0.01	21	31605	卖盘
14:50:03	15.06	--	5	7530	买盘
14:49:54	15.06	--	19	28614	卖盘
14:49:42	15.06	--	7	10542	卖盘
14:49:36	15.06	--	10	15060	卖盘
14:49:33	15.06	-0.01	46	69276	卖盘
14:49:27	15.07	--	4	6028	卖盘
14:49:12	15.07	-0.01	27	40689	卖盘
14:49:09	15.08	--	3	4524	买盘
14:49:06	15.08	0.02	3	4524	买盘
14:49:03	15.06	-0.01	65	97890	卖盘
14:48:57	15.07	-0.01	86	129602	卖盘
14:48:54	15.08	--	14	21112	卖盘
14:48:42	15.08	--	20	30160	卖盘
14:48:39	15.08	--	12	18096	买盘
14:48:36	15.08	--	30	45240	买盘
14:48:30	15.08	0.01	3	4524	买盘
14:48:27	15.07	-0.01	1	1507	卖盘
14:48:24	15.08	--	1	1508	买盘
14:48:00	15.08	0.01	40	60320	买盘
14:47:51	15.07	--	14	21098	卖盘
14:47:45	15.07	--	7	10549	卖盘
14:47:36	15.07	--	92	138644	买盘
14:47:24	15.07	0.01	5	7535	买盘
14:47:21	15.06	--	15	22590	卖盘
14:47:18	15.06	--	1	1506	卖盘
14:47:15	15.06	-0.01	3	4518	卖盘
14:47:12	15.07	0.01	3	4521	买盘
14:47:09	15.06	--	5	7530	卖盘
14:47:00	15.06	--	8	12048	卖盘
14:46:57	15.06	--	3	4518	卖盘
14:46:51	15.06	--	50	75300	卖盘
14:46:39	15.06	--	4	6024	卖盘
14:46:36	15.06	--	5	7530	卖盘
14:46:30	15.06	--	9	13554	卖盘
14:46:27	15.06	0.01	115	173295	买盘
14:46:21	15.05	-0.01	15	22575	卖盘
14:46:15	15.06	-0.01	153	230418	卖盘
14:46:09	15.07	-0.03	1	1507	卖盘
14:46:03	15.1	--	125	188750	卖盘
14:46:00	15.1	--	5	7550	卖盘
14:45:57	15.1	--	120	181200	卖盘
14:45:48	15.1	--	70	105700	卖盘
14:45:39	15.1	--	1	1510	卖盘
14:45:36	15.1	-0.01	13	19630	卖盘
14:45:21	15.11	--	18	27198	卖盘
14:44:57	15.11	--	11	16621	卖盘
14:44:51	15.11	-0.01	10	15110	卖盘
14:44:39	15.12	-0.03	44	66875	卖盘
14:44:36	15.15	--	5	7575	卖盘
14:44:33	15.15	--	29	43935	卖盘
14:44:30	15.15	--	4	6060	卖盘
14:44:27	15.15	--	2	3030	卖盘
14:44:24	15.15	0.03	623	945011	买盘
14:44:21	15.12	0.01	50	75600	买盘
14:44:12	15.11	-0.01	5	7555	卖盘
14:44:09	15.12	-0.01	3	4536	中性盘
14:44:03	15.13	--	29	43877	买盘
14:43:51	15.13	0.02	6	9078	买盘
14:43:48	15.11	-0.02	3	4533	卖盘
14:43:42	15.13	--	5	7565	买盘
14:43:36	15.13	0.02	10	15130	买盘
14:43:33	15.11	-0.02	86	129946	卖盘
14:43:30	15.13	--	27	40851	买盘
14:43:27	15.13	--	10	15130	买盘
14:43:21	15.13	--	158	239054	卖盘
14:43:18	15.13	--	10	15130	卖盘
14:43:12	15.13	--	3	4539	卖盘
14:43:09	15.13	0.02	70	105910	买盘
14:43:03	15.11	--	111	167721	卖盘
14:43:00	15.11	0.02	89	134479	买盘
14:42:57	15.09	-0.01	22	33198	卖盘
14:42:54	15.1	-0.01	100	151000	卖盘
14:42:51	15.11	--	5	7555	买盘
14:42:39	15.11	--	13	19643	卖盘
14:42:36	15.11	--	5	7555	卖盘
14:42:33	15.11	0.01	107	161677	买盘
14:42:30	15.1	-0.01	10	15100	卖盘
14:42:24	15.11	-0.01	1	1511	中性盘
14:42:18	15.12	0.01	101	152712	买盘
14:42:15	15.11	--	37	55907	买盘
14:42:12	15.11	--	20	30220	卖盘
14:42:06	15.11	--	20	30220	卖盘
14:42:00	15.11	-0.01	20	30220	卖盘
14:41:48	15.12	0.01	10	15120	买盘
14:41:45	15.11	0.01	3	4533	买盘
14:41:42	15.1	--	10	15100	卖盘
14:41:39	15.1	--	9	13590	卖盘
14:41:30	15.1	0.01	73	110230	买盘
14:41:27	15.09	-0.01	13	19617	卖盘
14:41:18	15.1	0.01	37	55870	买盘
14:41:15	15.09	0.02	211	318399	买盘
14:41:06	15.07	-0.01	164	247148	卖盘
14:41:00	15.08	--	86	129688	买盘
14:40:57	15.08	0.01	66	99528	买盘
14:40:48	15.07	-0.01	10	15070	卖盘
14:40:45	15.08	--	6	9048	买盘
14:40:42	15.08	0.01	15	22620	买盘
14:40:36	15.07	-0.01	10	15070	卖盘
14:40:33	15.08	0.01	29	43732	买盘
14:40:30	15.07	--	54	81378	买盘
14:40:21	15.07	0.01	1	1507	买盘
14:40:18	15.06	--	14	21084	卖盘
14:40:15	15.06	--	10	15060	卖盘
14:40:12	15.06	--	1	1506	卖盘
14:40:03	15.06	--	14	21084	卖盘
14:39:57	15.06	--	1	1506	卖盘
14:39:45	15.06	--	10	15060	卖盘
14:39:33	15.06	--	27	40677	买盘
14:39:21	15.06	--	20	30120	买盘
14:39:18	15.06	--	3	4518	卖盘
14:39:15	15.06	-0.01	5	7530	卖盘
14:39:12	15.07	0.01	52	78364	买盘
14:39:00	15.06	--	14	21084	卖盘
14:38:57	15.06	--	5	7530	卖盘
14:38:51	15.06	0.01	39	58734	买盘
14:38:48	15.05	--	80	120400	卖盘
14:38:39	15.05	--	5	7525	卖盘
14:38:36	15.05	-0.01	100	150500	卖盘
14:38:30	15.06	0.01	7	10542	买盘
14:38:24	15.05	-0.01	12	18060	卖盘
14:38:18	15.06	0.01	1	1506	买盘
14:38:15	15.05	--	20	30100	卖盘
14:38:12	15.05	--	8	12040	卖盘
14:38:00	15.05	-0.01	7	10535	卖盘
14:37:54	15.06	--	37	55722	买盘
14:37:42	15.06	--	5	7530	买盘
14:37:33	15.06	--	1	1506	买盘
14:37:30	15.06	--	5	7530	买盘
14:37:27	15.06	--	1	1506	买盘
14:37:21	15.06	--	5	7530	买盘
14:37:06	15.06	0.01	5	7530	中性盘
14:37:00	15.05	-0.02	57	85785	卖盘
14:36:57	15.07	--	5	7535	买盘
14:36:51	15.07	--	5	7535	买盘
14:36:45	15.07	--	9	13563	买盘
14:36:36	15.07	--	1	1507	买盘
14:36:15	15.07	0.03	18	27126	买盘
14:35:51	15.04	-0.03	10	15040	卖盘
14:35:48	15.07	0.03	6	9042	买盘
14:35:45	15.04	--	8	12032	卖盘
14:35:39	15.04	--	20	30080	卖盘
14:35:33	15.04	-0.02	1	1504	卖盘
14:35:27	15.06	0.02	18	27108	买盘
14:35:21	15.04	--	14	21056	卖盘
14:35:06	15.04	--	180	270720	卖盘
14:35:00	15.04	-0.02	1	1504	卖盘
14:34:57	15.06	--	5	7530	买盘
14:34:54	15.06	0.02	49	73794	买盘
14:34:51	15.04	-0.02	1	1504	卖盘
14:34:45	15.06	--	1	1506	买盘
14:34:27	15.06	--	10	15060	买盘
14:34:24	15.06	--	5	7530	买盘
14:34:21	15.06	--	56	84336	买盘
14:34:15	15.06	--	7	10542	买盘
14:34:12	15.06	--	16	24096	卖盘
14:34:09	15.06	-0.01	10	15060	卖盘
14:34:00	15.07	0.01	20	30140	买盘
14:33:51	15.06	-0.01	22	33132	卖盘
14:33:48	15.07	0.01	10	15070	买盘
14:33:45	15.06	--	2	3012	卖盘
14:33:42	15.06	--	20	30120	卖盘
14:33:36	15.06	--	10	15060	卖盘
14:33:33	15.06	-0.01	6	9036	卖盘
14:33:27	15.07	--	1	1507	买盘
14:33:24	15.07	0.01	7	10549	买盘
14:33:18	15.06	--	14	21084	卖盘
14:33:15	15.06	-0.01	1	1506	卖盘
14:33:09	15.07	--	3	4521	买盘
14:33:00	15.07	--	10	15070	买盘
14:32:57	15.07	0.01	6	9042	买盘
14:32:54	15.06	--	7	10542	卖盘
14:32:51	15.06	-0.01	33	49698	卖盘
14:32:48	15.07	--	1	1507	买盘
14:32:39	15.07	0.01	14	21098	买盘
14:32:36	15.06	--	1	1506	卖盘
14:32:33	15.06	--	33	49698	卖盘
14:32:24	15.06	-0.01	12	18072	卖盘
14:32:21	15.07	0.01	5	7535	买盘
14:32:09	15.06	-0.01	21	31626	卖盘
14:32:06	15.07	--	21	31647	卖盘
14:31:54	15.07	0.01	16	24112	买盘
14:31:48	15.06	-0.02	6	9036	中性盘
14:31:18	15.08	0.02	32	48256	买盘
14:31:12	15.06	-0.03	3	4518	中性盘
14:31:09	15.09	0.02	57	86013	买盘
14:31:06	15.07	-0.01	37	55759	卖盘
14:31:03	15.08	-0.02	15	22620	卖盘
14:30:54	15.1	0.02	14	21140	买盘
14:30:51	15.08	0.01	16	24128	卖盘
14:30:45	15.07	0.01	16	24112	买盘
14:30:42	15.06	-0.01	14	21084	中性盘
14:30:30	15.07	0.01	14	21098	买盘
14:30:27	15.06	0.03	105	158130	买盘
14:30:24	15.03	-0.08	173	260289	卖盘
14:30:21	15.11	0.04	2	3022	买盘
14:30:18	15.07	--	8	12056	卖盘
14:30:15	15.07	-0.04	25	37675	卖盘
14:30:12	15.11	-0.02	32	48352	卖盘
14:30:09	15.13	-0.01	5	7565	中性盘
14:30:06	15.14	--	76	115064	买盘
14:30:00	15.14	--	49	74186	买盘
14:29:54	15.14	-0.01	6	9084	卖盘
14:29:51	15.15	--	78	118170	买盘
14:29:48	15.15	0.01	125	189375	买盘
14:29:45	15.14	--	20	30280	买盘
14:29:39	15.14	-0.01	1	1514	中性盘
14:29:36	15.15	--	290	439350	买盘
14:29:30	15.15	--	14	21210	买盘
14:29:27	15.15	--	33	49995	买盘
14:29:24	15.15	0.03	14	21210	买盘
14:29:21	15.12	-0.03	201	303912	卖盘
14:29:18	15.15	--	40	60600	买盘
14:29:15	15.15	--	300	454500	卖盘
14:29:12	15.15	--	14	21210	卖盘
14:29:09	15.15	--	88	133320	卖盘
14:29:06	15.15	0.04	341	516615	买盘
14:29:03	15.11	--	7	10577	卖盘
14:29:00	15.11	--	10	15110	卖盘
14:28:57	15.11	--	23	34753	买盘
14:28:51	15.11	0.04	47	71017	买盘
14:28:48	15.07	--	5	7535	买盘
14:28:45	15.07	-0.04	34	51238	卖盘
14:28:42	15.11	0.04	21	31731	买盘
14:28:36	15.07	-0.03	100	150700	卖盘
14:28:24	15.1	--	9	13590	卖盘
14:28:21	15.1	0.03	526	794260	买盘
14:28:18	15.07	--	20	30140	卖盘
14:28:15	15.07	--	13	19591	卖盘
14:28:12	15.07	--	10	15070	卖盘
14:28:09	15.07	0.01	15	22605	买盘
14:28:06	15.06	--	2	3012	卖盘
14:28:00	15.06	--	10	15060	卖盘
14:27:57	15.06	--	2	3012	卖盘
14:27:54	15.06	-0.02	38	57228	卖盘
14:27:51	15.08	0.02	132	199071	买盘
14:27:48	15.06	--	34	51204	卖盘
14:27:42	15.06	-0.01	73	111157	卖盘
14:27:39	15.07	0.01	30	45210	买盘
14:27:30	15.06	--	44	66264	卖盘
14:27:27	15.06	-0.01	50	75300	卖盘
14:27:24	15.07	0.01	6	9042	买盘
14:27:18	15.06	-0.01	7	10542	卖盘
14:27:12	15.07	0.01	69	103983	买盘
14:27:09	15.06	-0.01	39	58734	卖盘
14:27:06	15.07	0.01	20	30140	买盘
14:26:54	15.06	--	50	75300	卖盘
14:26:48	15.06	--	73	109938	买盘
14:26:42	15.06	--	10	15060	买盘
14:26:18	15.06	--	7	10542	卖盘
14:26:12	15.06	-0.01	3	4518	卖盘
14:26:03	15.07	--	10	15070	买盘
14:25:48	15.07	0.05	12	18084	买盘
14:25:36	15.02	-0.04	14	21028	卖盘
14:25:27	15.06	0.04	300	451800	买盘
14:25:21	15.02	--	5	7510	卖盘
14:25:18	15.02	--	3	4506	卖盘
14:25:03	15.02	--	8	12016	卖盘
14:24:57	15.02	--	2	3004	卖盘
14:24:51	15.02	--	24	36048	卖盘
14:24:48	15.02	--	5	7510	卖盘
14:24:42	15.02	0.02	28	42056	买盘
14:24:33	15.0	-0.02	51	76500	卖盘
14:24:24	15.02	--	9	13518	买盘
14:24:06	15.02	0.02	6	9012	买盘
14:23:54	15.0	-0.03	100	150000	卖盘
14:23:45	15.03	0.03	6	9018	买盘
14:23:42	15.0	-0.03	81	121500	卖盘
14:23:18	15.03	-0.02	3	4509	卖盘
14:22:57	15.05	--	2	3280	卖盘
14:22:54	15.05	--	10	15050	卖盘
14:22:51	15.05	--	2	3010	卖盘
14:22:48	15.05	--	5	7525	卖盘
14:22:45	15.05	--	5	7525	卖盘
14:22:42	15.05	--	44	66220	卖盘
14:22:36	15.05	--	1	1505	卖盘
14:22:30	15.05	--	2	3010	卖盘
14:22:27	15.05	--	34	51170	卖盘
14:22:21	15.05	--	10	15050	卖盘
14:22:18	15.05	0.05	384	579154	买盘
14:22:15	15.0	-0.04	14	21000	卖盘
14:21:54	15.04	0.03	26	39104	买盘
14:21:51	15.01	-0.02	14	21014	卖盘
14:21:48	15.03	--	6	9288	卖盘
14:21:42	15.03	--	12	18036	卖盘
14:21:36	15.03	--	12	19268	卖盘
14:21:18	15.03	0.03	20	30060	买盘
14:21:03	15.0	-0.01	28	42000	卖盘
14:20:57	15.01	-0.03	14	21014	卖盘
14:20:39	15.04	0.02	120	180480	买盘
14:20:30	15.02	0.01	1	1502	买盘
14:19:57	15.01	-0.02	2	3002	卖盘
14:19:51	15.03	0.01	292	438876	买盘
14:19:48	15.02	--	5	7510	买盘
14:19:24	15.02	0.01	1	1502	买盘
14:19:15	15.01	0.01	16	24016	中性盘
14:19:00	15.0	-0.01	120	180000	卖盘
14:18:57	15.01	0.01	39	58539	买盘
14:18:54	15.0	--	2	3000	卖盘
14:18:48	15.0	--	20	30000	卖盘
14:18:42	15.0	--	81	121500	卖盘
14:18:39	15.0	-0.01	102	153000	卖盘
14:18:36	15.01	0.01	6	9006	买盘
14:18:24	15.0	-0.01	10	15000	卖盘
14:18:12	15.01	--	50	75050	卖盘
14:18:09	15.01	--	5	7505	卖盘
14:18:00	15.01	-0.01	3	4503	卖盘
14:17:54	15.02	0.01	1	1502	买盘
14:17:51	15.01	--	20	30020	卖盘
14:17:30	15.01	--	12	18012	卖盘
14:17:27	15.01	-0.01	10	15010	卖盘
14:17:09	15.02	--	20	30040	买盘
14:16:57	15.02	0.01	4	6008	买盘
14:16:48	15.01	-0.01	10	15010	卖盘
14:16:33	15.02	0.01	1	1502	买盘
14:16:24	15.01	--	5	7505	卖盘
14:16:21	15.01	--	14	21014	卖盘
14:16:06	15.01	-0.01	1	1501	卖盘
14:15:51	15.02	--	10	15020	买盘
14:15:45	15.02	-0.01	1	1502	中性盘
14:15:21	15.03	--	40	60120	买盘
14:15:12	15.03	0.02	30	45090	中性盘
14:15:00	15.01	-0.02	84	126084	卖盘
14:14:54	15.03	--	30	45090	卖盘
14:14:51	15.03	--	32	48096	买盘
14:14:48	15.03	--	11	16533	买盘
14:14:30	15.03	--	19	28557	买盘
14:13:57	15.03	--	10	15030	买盘
14:13:48	15.03	0.02	25	37575	买盘
14:13:45	15.01	-0.01	20	30020	卖盘
14:13:39	15.02	--	81	121662	卖盘
14:13:30	15.02	0.02	224	336448	买盘
14:13:24	15.0	--	196	294000	买盘
14:13:09	15.0	0.01	10	15000	买盘
14:13:03	14.99	--	14	20986	卖盘
14:12:54	14.99	-0.01	20	29980	卖盘
14:12:48	15.0	0.01	10	15000	买盘
14:12:36	14.99	0.01	133	199367	买盘
14:12:24	14.98	--	7	10486	买盘
14:12:09	14.98	0.01	200	299600	买盘
14:12:06	14.97	--	9	13473	卖盘
14:12:00	14.97	--	3	4491	卖盘
14:11:54	14.97	--	14	20958	卖盘
14:11:30	14.97	-0.01	5	7485	中性盘
14:11:03	14.98	--	4	5992	买盘
14:10:45	14.98	0.02	31	46438	中性盘
14:10:03	14.96	-0.03	50	74800	卖盘
14:10:00	14.99	0.03	65	97435	买盘
14:09:54	14.96	-0.02	2	2992	卖盘
14:09:36	14.98	0.02	1	1498	买盘
14:09:24	14.96	--	20	29920	卖盘
14:09:15	14.96	--	2	2992	卖盘
14:08:48	14.96	0.01	7	10472	买盘
14:08:36	14.95	-0.01	81	121095	卖盘
14:08:27	14.96	-0.03	3	4488	中性盘
14:08:12	14.99	0.03	300	449700	买盘
14:08:09	14.96	-0.01	3	4488	卖盘
14:07:57	14.97	-0.01	13	19461	中性盘
14:07:36	14.98	0.02	20	29960	买盘
14:07:30	14.96	-0.02	14	20944	卖盘
14:07:24	14.98	--	6	8988	买盘
14:07:18	14.98	--	4	5992	中性盘
14:06:54	14.98	0.02	5	7490	买盘
14:06:45	14.96	--	24	35904	卖盘
14:06:18	14.96	--	20	29920	卖盘
14:06:06	14.96	--	2	2992	卖盘
14:05:54	14.96	-0.02	5	7480	卖盘
14:05:42	14.98	0.02	1	1498	买盘
14:05:30	14.96	-0.02	50	74800	卖盘
14:05:27	14.98	0.01	4	5992	买盘
14:05:21	14.97	0.01	3	4491	中性盘
14:05:18	14.96	--	10	14960	卖盘
14:04:18	14.96	-0.03	10	14960	卖盘
14:04:00	14.99	--	2	2998	买盘
14:03:33	14.99	--	1	1499	卖盘
14:03:27	14.99	--	9	13491	买盘
14:03:12	14.99	0.03	52	77948	买盘
14:02:57	14.96	0.01	2	2992	中性盘
14:02:36	14.95	--	50	74750	卖盘
14:02:06	14.95	0.01	45	67275	中性盘
14:01:18	14.94	--	20	29880	卖盘
14:01:12	14.94	--	10	14940	卖盘
14:01:03	14.94	--	50	74700	卖盘
14:00:51	14.94	--	100	149400	卖盘
14:00:48	14.94	-0.01	10	14940	卖盘
14:00:36	14.95	-0.01	126	189491	卖盘
14:00:24	14.96	-0.03	239	357544	卖盘
14:00:18	14.99	-0.02	205	307295	卖盘
14:00:09	15.01	--	96	144096	卖盘
14:00:06	15.01	0.01	63	94563	买盘
13:59:57	15.0	-0.01	14	21000	卖盘
13:59:54	15.01	0.01	40	60040	买盘
13:59:48	15.0	--	2	3000	卖盘
13:59:39	15.0	--	3	4500	卖盘
13:59:21	15.0	--	6	9000	卖盘
13:59:15	15.0	--	5	7500	卖盘
13:58:39	15.0	-0.01	10	15000	买盘
13:58:21	15.01	--	24	36024	买盘
13:58:09	15.01	0.02	15	22515	买盘
13:57:57	14.99	-0.01	252	377748	卖盘
13:57:51	15.0	--	3	4500	卖盘
13:57:42	15.0	--	21	31500	卖盘
13:57:39	15.0	-0.01	20	30000	卖盘
13:57:30	15.01	0.01	3	4503	买盘
13:57:21	15.0	-0.01	2	3375	卖盘
13:57:15	15.01	--	5	7505	买盘
13:57:03	15.01	--	1	1501	卖盘
13:57:00	15.01	--	10	15010	买盘
13:56:54	15.01	--	1	1501	卖盘
13:56:45	15.01	--	10	15010	卖盘
13:56:39	15.01	--	2	3002	卖盘
13:56:36	15.01	--	3	4503	买盘
13:56:12	15.01	0.01	7	10507	中性盘
13:55:24	15.0	-0.02	300	450000	卖盘
13:55:15	15.02	--	50	75100	卖盘
13:55:09	15.02	--	7	10514	买盘
13:54:48	15.02	--	3	4506	买盘
13:54:42	15.02	0.01	18	27036	中性盘
13:54:30	15.01	-0.01	69	103569	卖盘
13:54:24	15.02	0.01	3	4506	中性盘
13:54:15	15.01	--	33	49533	卖盘
13:54:12	15.01	--	25	37525	卖盘
13:54:09	15.01	--	11	16511	卖盘
13:53:45	15.01	-0.03	120	180120	卖盘
13:53:36	15.04	0.01	10	15040	买盘
13:53:30	15.03	--	2	3006	卖盘
13:53:21	15.03	0.01	8	12024	买盘
13:53:18	15.02	-0.01	10	15020	卖盘
13:53:15	15.03	--	10	15030	买盘
13:53:09	15.03	-0.01	2	3006	中性盘
13:52:57	15.04	0.02	10	15040	买盘
13:52:54	15.02	-0.01	14	21028	卖盘
13:52:51	15.03	-0.01	36	54108	卖盘
13:52:48	15.04	--	17	25568	买盘
13:52:42	15.04	-0.01	5	7520	买盘
13:52:39	15.05	0.02	2	3010	买盘
13:52:33	15.03	-0.02	1	1503	卖盘
13:52:27	15.05	0.02	86	129430	买盘
13:52:24	15.03	--	9	13527	买盘
13:52:21	15.03	--	4	6012	卖盘
13:52:18	15.03	--	4	6012	卖盘
13:52:15	15.03	--	2	3006	卖盘
13:52:12	15.03	0.01	44	66132	买盘
13:52:06	15.02	--	9	13518	卖盘
13:52:00	15.02	-0.01	5	7510	中性盘
13:51:54	15.03	--	20	30060	买盘
13:51:48	15.03	0.02	35	52605	买盘
13:51:42	15.01	--	1	1501	卖盘
13:51:36	15.01	--	30	45030	买盘
13:51:27	15.01	0.01	30	45030	买盘
13:51:18	15.0	--	78	117000	买盘
13:51:15	15.0	--	77	115500	买盘
13:51:12	15.0	--	51	76500	买盘
13:51:03	15.0	--	10	15000	买盘
13:51:00	15.0	0.01	8	12000	买盘
13:50:54	14.99	-0.01	3	4497	卖盘
13:50:51	15.0	--	26	39000	买盘
13:50:39	15.0	--	58	87000	买盘
13:50:33	15.0	--	17	25500	买盘
13:50:30	15.0	--	11	16500	买盘
13:50:27	15.0	0.01	23	34500	买盘
13:50:24	14.99	--	1	1499	卖盘
13:50:18	14.99	-0.01	10	14990	买盘
13:50:09	15.0	0.01	100	150000	买盘
13:50:00	14.99	--	100	149900	买盘
13:49:57	14.99	--	14	20986	买盘
13:49:48	14.99	--	101	151399	买盘
13:49:33	14.99	0.04	600	899400	买盘
13:49:24	14.95	--	14	20930	卖盘
13:49:12	14.95	--	14	20930	卖盘
13:49:09	14.95	--	26	38870	卖盘
13:48:48	14.95	--	26	38870	卖盘
13:48:45	14.95	-0.01	20	29900	卖盘
13:48:42	14.96	--	3	4488	买盘
13:48:39	14.96	--	19	28424	卖盘
13:48:27	14.96	--	14	20944	卖盘
13:48:09	14.96	--	52	77792	卖盘
13:48:06	14.96	--	4	5984	卖盘
13:47:45	14.96	-0.01	26	38896	卖盘
13:47:42	14.97	--	18	26946	中性盘
13:47:18	14.97	0.01	7	10479	买盘
13:47:15	14.96	-0.01	1	1496	卖盘
13:47:12	14.97	0.01	11	16467	买盘
13:46:57	14.96	-0.01	14	20944	卖盘
13:46:51	14.97	--	2	2994	卖盘
13:46:48	14.97	0.01	2	2994	买盘
13:46:45	14.96	-0.01	7	10472	卖盘
13:46:30	14.97	--	11	16467	买盘
13:46:09	14.97	--	20	29940	买盘
13:46:03	14.97	--	106	158682	买盘
13:45:33	14.97	--	2	2994	买盘
13:45:12	14.97	0.01	1	1497	买盘
13:45:03	14.96	--	1	1496	买盘
13:44:27	14.96	--	3	4488	买盘
13:44:21	14.96	--	12	17952	买盘
13:44:15	14.96	0.01	8	11968	买盘
13:44:12	14.95	-0.01	14	20930	卖盘
13:43:57	14.96	--	15	22440	买盘
13:43:54	14.96	0.01	67	100232	买盘
13:43:51	14.95	--	5	7475	卖盘
13:43:33	14.95	--	3	4485	卖盘
13:42:48	14.95	--	3	4485	卖盘
13:42:39	14.95	--	2	2990	卖盘
13:42:24	14.95	-0.01	25	37375	卖盘
13:42:03	14.96	0.01	74	110704	买盘
13:41:57	14.95	--	26	38870	卖盘
13:41:51	14.95	--	10	14950	卖盘
13:41:39	14.95	--	4	5980	卖盘
13:41:21	14.95	--	44	65780	买盘
13:41:12	14.95	0.01	1	1495	买盘
13:41:00	14.94	--	212	316728	卖盘
13:40:57	14.94	--	1	1494	卖盘
13:40:51	14.94	--	10	14940	卖盘
13:40:42	14.94	--	10	14940	卖盘
13:40:39	14.94	--	2	2988	卖盘
13:40:24	14.94	--	2	2988	卖盘
13:40:06	14.94	--	9	13446	卖盘
13:39:48	14.94	--	4	5976	买盘
13:39:27	14.94	0.01	11	16434	买盘
13:38:36	14.93	--	14	20902	卖盘
13:38:21	14.93	0.02	175	261275	买盘
13:38:18	14.91	-0.01	100	149100	卖盘
13:38:12	14.92	--	74	110408	买盘
13:38:09	14.92	--	15	22380	卖盘
13:37:48	14.92	--	21	31332	卖盘
13:37:36	14.92	--	33	49236	卖盘
13:37:00	14.92	--	20	29840	卖盘
13:36:57	14.92	--	5	7460	卖盘
13:36:33	14.92	0.01	5	7460	卖盘
13:36:15	14.91	--	50	74550	卖盘
13:36:09	14.91	--	26	38766	卖盘
13:36:06	14.91	-0.05	76	113316	卖盘
13:35:51	14.96	0.05	74	110704	买盘
13:35:48	14.91	-0.02	54	80514	卖盘
13:35:36	14.93	--	30	44790	卖盘
13:35:24	14.93	-0.02	1	1493	卖盘
13:35:12	14.95	0.02	50	74750	买盘
13:35:09	14.93	--	26	38818	卖盘
13:34:39	14.93	--	29	43297	卖盘
13:34:30	14.93	--	38	56734	卖盘
13:34:06	14.93	--	8	11944	卖盘
13:34:00	14.93	--	29	43297	卖盘
13:33:33	14.93	--	1	1493	卖盘
13:33:24	14.93	-0.02	31	46283	卖盘
13:33:06	14.95	--	5	7475	买盘
13:32:48	14.95	0.04	150	224250	买盘
13:32:30	14.91	0.01	38	56658	买盘
13:32:27	14.9	-0.01	26	38740	卖盘
13:32:24	14.91	--	10	14910	买盘
13:32:09	14.91	--	50	74550	买盘
13:31:57	14.91	--	2	2982	卖盘
13:31:54	14.91	--	5	7455	卖盘
13:31:51	14.91	--	26	38766	卖盘
13:31:33	14.91	0.01	1	1491	中性盘
13:31:03	14.9	-0.03	38	56620	卖盘
13:30:54	14.93	--	1	1493	买盘
13:29:54	14.93	--	7	10451	买盘
13:29:39	14.93	0.01	2	2986	买盘
13:29:27	14.92	--	79	117868	买盘
13:29:21	14.92	--	19	28348	买盘
13:29:09	14.92	-0.01	12	17904	买盘
13:29:06	14.93	0.01	74	110482	买盘
13:29:03	14.92	--	8	11936	买盘
13:29:00	14.92	--	100	149200	买盘
13:28:15	14.92	0.04	30	44760	买盘
13:28:06	14.88	-0.04	8	11904	卖盘
13:28:03	14.92	0.04	80	119360	买盘
13:27:57	14.88	-0.04	419	623472	卖盘
13:27:54	14.92	-0.01	56	83552	卖盘
13:27:48	14.93	0.01	5	7465	中性盘
13:27:42	14.92	--	10	14920	卖盘
13:27:24	14.92	0.01	2	2984	买盘
13:26:45	14.91	-0.01	79	117789	卖盘
13:26:36	14.92	--	11	16412	卖盘
13:26:33	14.92	-0.05	126	187992	卖盘
13:26:30	14.97	-0.01	10	14970	卖盘
13:26:15	14.98	--	5	7490	买盘
13:26:09	14.98	0.02	10	14980	买盘
13:25:54	14.96	--	1	1496	买盘
13:25:48	14.96	--	31	46376	卖盘
13:25:36	14.96	--	14	20944	卖盘
13:25:18	14.96	--	42	62832	卖盘
13:25:15	14.96	--	1	1496	卖盘
13:25:06	14.96	-0.01	14	20944	卖盘
13:24:57	14.97	0.01	10	14970	买盘
13:24:51	14.96	--	5	7480	买盘
13:24:39	14.96	--	10	14960	买盘
13:24:30	14.96	0.01	3	4488	买盘
13:24:15	14.95	0.01	85	127075	买盘
13:23:36	14.94	-0.01	2	2988	卖盘
13:23:21	14.95	--	50	74750	买盘
13:22:57	14.95	0.01	11	16445	买盘
13:22:54	14.94	--	6	8964	卖盘
13:22:51	14.94	-0.01	14	20916	卖盘
13:22:48	14.95	0.01	30	44850	买盘
13:22:42	14.94	-0.01	20	29880	卖盘
13:22:39	14.95	--	74	110630	买盘
13:22:30	14.95	--	5	7475	卖盘
13:22:27	14.95	-0.01	5	7475	卖盘
13:22:15	14.96	--	4	5984	卖盘
13:22:06	14.96	-0.01	1	1496	卖盘
13:22:03	14.97	0.01	4	5988	买盘
13:22:00	14.96	-0.01	20	29920	卖盘
13:21:54	14.97	0.01	5	7485	买盘
13:21:51	14.96	--	12	17952	卖盘
13:21:36	14.96	--	1	1496	卖盘
13:21:27	14.96	--	9	13464	卖盘
13:21:21	14.96	--	5	7480	卖盘
13:20:57	14.96	-0.02	10	14960	卖盘
13:20:54	14.98	--	11	16478	买盘
13:20:51	14.98	--	9	13482	买盘
13:20:45	14.98	--	1	1498	买盘
13:20:39	14.98	--	5	7490	买盘
13:20:27	14.98	--	15	22470	买盘
13:20:18	14.98	0.02	2	2996	买盘
13:20:15	14.96	-0.02	14	20944	卖盘
13:20:09	14.98	--	14	20972	买盘
13:19:57	14.98	--	30	44940	买盘
13:19:48	14.98	-0.01	30	44940	中性盘
13:19:21	14.99	0.03	328	491672	买盘
13:18:57	14.96	-0.02	1	1496	卖盘
13:18:45	14.98	--	30	44940	买盘
13:18:39	14.98	--	10	14980	买盘
13:18:33	14.98	--	30	44940	买盘
13:18:27	14.98	0.02	82	122836	买盘
13:18:21	14.96	-0.02	10	14960	卖盘
13:18:06	14.98	0.01	63	94374	买盘
13:18:00	14.97	--	19	28443	买盘
13:17:57	14.97	--	9	13473	买盘
13:17:54	14.97	0.01	10	14970	买盘
13:17:33	14.96	--	5	7480	卖盘
13:17:27	14.96	0.02	16	23936	买盘
13:16:51	14.94	-0.03	44	65736	卖盘
13:16:33	14.97	0.02	150	224550	买盘
13:16:06	14.95	0.04	144	215280	买盘
13:14:45	14.91	-0.03	31	46221	卖盘
13:14:39	14.94	0.02	17	25398	买盘
13:14:33	14.92	-0.02	10	14920	中性盘
13:14:15	14.94	0.03	74	110556	买盘
13:14:00	14.91	-0.02	5	7455	卖盘
13:13:45	14.93	--	37	55241	买盘
13:13:09	14.93	0.02	10	14930	买盘
13:13:03	14.91	-0.01	7	10437	卖盘
13:13:00	14.92	-0.01	14	20888	卖盘
13:12:54	14.93	0.01	1	1493	买盘
13:12:42	14.92	--	1	1492	卖盘
13:12:09	14.92	--	47	70124	买盘
13:12:06	14.92	--	3	4476	买盘
13:12:00	14.92	0.01	20	29840	买盘
13:11:48	14.91	--	1	1491	卖盘
13:11:30	14.91	--	5	7455	卖盘
13:11:24	14.91	--	23	34293	买盘
13:11:21	14.91	--	10	14910	买盘
13:11:15	14.91	--	10	14910	买盘
13:11:09	14.91	0.01	7	10437	买盘
13:10:51	14.9	--	107	159430	买盘
13:10:48	14.9	--	10	14900	买盘
13:10:45	14.9	--	27	40230	买盘
13:10:42	14.9	--	70	104300	买盘
13:10:36	14.9	--	20	29800	买盘
13:10:09	14.9	-0.01	18	26820	卖盘
13:09:57	14.91	--	17	25347	买盘
13:09:39	14.91	0.01	37	55167	买盘
13:09:33	14.9	-0.01	1	1490	卖盘
13:09:30	14.91	0.01	6	8946	买盘
13:09:27	14.9	--	10	14900	卖盘
13:09:18	14.9	0.01	73	108770	中性盘
13:08:30	14.89	--	10	14890	卖盘
13:08:00	14.89	-0.02	5	7445	卖盘
13:07:33	14.91	--	31	46221	买盘
13:07:12	14.91	-0.01	1	1491	卖盘
13:06:45	14.92	--	1	1492	买盘
13:06:33	14.92	--	20	29840	买盘
13:06:03	14.92	--	3	4476	买盘
13:05:33	14.92	0.01	37	55204	买盘
13:05:30	14.91	--	50	74550	卖盘
13:05:12	14.91	--	5	7455	卖盘
13:04:48	14.91	--	20	29820	卖盘
13:04:15	14.91	0.01	169	251979	买盘
13:04:12	14.9	--	10	14900	卖盘
13:03:54	14.9	-0.01	7	10430	卖盘
13:03:45	14.91	--	3	4473	买盘
13:03:30	14.91	-0.01	29	43239	卖盘
13:03:18	14.92	--	14	20888	买盘
13:02:33	14.92	0.02	6	8952	买盘
13:02:30	14.9	-0.01	5	7450	卖盘
13:02:27	14.91	--	15	22365	买盘
13:02:18	14.91	--	3	4473	买盘
13:02:03	14.91	-0.01	37	55167	卖盘
13:01:48	14.92	0.02	5	7460	买盘
13:00:36	14.9	-0.02	3	4470	卖盘
13:00:27	14.92	0.01	33	49236	买盘
13:00:12	14.91	--	11	16401	买盘
13:00:09	14.91	--	7	10437	买盘
13:00:06	14.91	--	41	61131	买盘
13:00:03	14.91	--	0	0	买盘
11:30:03	14.91	--	0	0	买盘
11:29:30	14.91	--	230	342930	买盘
11:29:09	14.91	0.01	1	1491	买盘
11:29:06	14.9	-0.01	8	11920	卖盘
11:28:27	14.91	--	1	1491	买盘
11:28:18	14.91	--	16	23856	买盘
11:27:48	14.91	0.01	1	1491	买盘
11:27:12	14.9	0.01	8	11920	买盘
11:27:03	14.89	-0.01	5	7445	卖盘
11:26:42	14.9	-0.01	1	1490	买盘
11:26:30	14.91	--	1	1491	卖盘
11:26:18	14.91	0.02	79	117789	买盘
11:25:45	14.89	--	10	14890	卖盘
11:25:30	14.89	--	160	238240	中性盘
11:24:45	14.89	0.02	29	43181	买盘
11:24:42	14.87	-0.02	15	22305	卖盘
11:24:27	14.89	--	1	1489	卖盘
11:24:06	14.89	0.02	19	28291	买盘
11:23:45	14.87	-0.01	30	44610	卖盘
11:23:39	14.88	--	27	40176	买盘
11:23:21	14.88	0.01	10	14880	买盘
11:23:09	14.87	--	1	1487	买盘
11:23:00	14.87	0.01	1	1487	买盘
11:22:54	14.86	--	5	7430	卖盘
11:22:45	14.86	--	1	1486	卖盘
11:22:42	14.86	--	5	7430	卖盘
11:22:33	14.86	-0.02	5	7430	卖盘
11:22:30	14.88	--	10	14880	买盘
11:22:21	14.88	--	36	53568	卖盘
11:22:12	14.88	--	7	10416	卖盘
11:22:09	14.88	--	8	11904	卖盘
11:22:03	14.88	--	6	8928	卖盘
11:21:57	14.88	--	103	153264	买盘
11:21:42	14.88	--	5	7440	买盘
11:21:30	14.88	--	2	2976	卖盘
11:21:18	14.88	--	10	14880	卖盘
11:20:51	14.88	--	30	44640	卖盘
11:20:36	14.88	--	3	4464	卖盘
11:20:21	14.88	-0.03	6	8928	卖盘
11:20:12	14.91	0.02	150	223650	买盘
11:20:06	14.89	--	7	10423	卖盘
11:20:00	14.89	-0.01	5	7445	卖盘
11:19:24	14.9	-0.01	5	7450	中性盘
11:19:09	14.91	--	29	43239	卖盘
11:19:06	14.91	0.01	41	61131	买盘
11:18:45	14.9	-0.01	12	17880	卖盘
11:18:39	14.91	--	2	2982	中性盘
11:17:48	14.91	--	2	2982	买盘
11:17:33	14.91	--	16	23856	卖盘
11:17:21	14.91	--	2	2982	卖盘
11:17:15	14.91	-0.01	14	20874	中性盘
11:16:36	14.92	0.01	41	61172	买盘
11:15:57	14.91	-0.01	69	102879	卖盘
11:15:09	14.92	0.01	20	29840	买盘
11:15:00	14.91	-0.01	3	4473	买盘
11:14:57	14.92	0.01	23	34316	买盘
11:14:51	14.91	--	5	7455	中性盘
11:13:48	14.91	--	3	4473	卖盘
11:13:39	14.91	--	10	14910	买盘
11:13:33	14.91	--	5	7455	买盘
11:13:27	14.91	--	20	29820	买盘
11:12:48	14.91	-0.01	2	2982	卖盘
11:12:39	14.92	0.02	13	19396	买盘
11:11:57	14.9	--	1	1490	卖盘
11:11:51	14.9	0.01	10	14900	买盘
11:11:42	14.89	0.01	5	7445	中性盘
11:11:33	14.88	-0.02	6	8928	卖盘
11:10:36	14.9	--	1	1490	卖盘
11:10:33	14.9	0.03	121	180290	买盘
11:10:24	14.87	--	15	22305	卖盘
11:10:18	14.87	-0.01	25	37175	卖盘
11:10:06	14.88	0.01	20	29760	买盘
11:09:51	14.87	--	40	59480	卖盘
11:09:45	14.87	-0.01	6	8922	卖盘
11:09:33	14.88	--	4	5952	卖盘
11:09:24	14.88	--	20	29760	卖盘
11:09:09	14.88	--	20	29760	卖盘
11:08:42	14.88	-0.02	20	29760	卖盘
11:08:39	14.9	--	2	2980	买盘
11:07:51	14.9	--	4	5960	买盘
11:07:36	14.9	0.03	18	26820	买盘
11:07:24	14.87	--	7	10409	卖盘
11:07:21	14.87	-0.03	14	20818	卖盘
11:07:06	14.9	--	3	4470	买盘
11:06:57	14.9	--	3	4470	买盘
11:06:51	14.9	--	4	5960	卖盘
11:06:48	14.9	--	6	8940	卖盘
11:06:42	14.9	--	31	46190	卖盘
11:06:39	14.9	--	14	20860	买盘
11:06:06	14.9	--	5	7450	卖盘
11:05:57	14.9	0.02	122	181780	买盘
11:05:51	14.88	-0.02	10	14880	中性盘
11:04:54	14.9	0.03	240	357600	买盘
11:04:48	14.87	--	1	1487	卖盘
11:04:36	14.87	--	30	44610	卖盘
11:04:27	14.87	--	30	44610	卖盘
11:04:12	14.87	-0.01	68	101116	卖盘
11:04:09	14.88	0.01	19	28272	买盘
11:04:00	14.87	-0.01	35	52045	卖盘
11:03:48	14.88	--	38	56544	卖盘
11:03:42	14.88	--	22	32736	卖盘
11:03:39	14.88	-0.02	17	25296	卖盘
11:03:15	14.9	--	60	89400	卖盘
11:03:00	14.9	--	69	102810	买盘
11:02:51	14.9	-0.01	76	113240	卖盘
11:02:48	14.91	0.01	33	49203	买盘
11:02:42	14.9	--	10	14900	卖盘
11:02:27	14.9	--	50	74500	卖盘
11:02:21	14.9	-0.01	3	4470	卖盘
11:02:15	14.91	--	17	25347	卖盘
11:02:03	14.91	--	5	7455	卖盘
11:02:00	14.91	-0.01	55	82005	卖盘
11:01:45	14.92	--	2	2984	卖盘
11:01:36	14.92	--	7	10444	卖盘
11:01:24	14.92	--	5	7460	卖盘
11:01:00	14.92	-0.02	3	4476	卖盘
11:00:57	14.94	0.03	2	2988	买盘
11:00:27	14.91	-0.01	5	7455	卖盘
11:00:24	14.92	0.01	1	1492	中性盘
10:59:30	14.91	-0.04	5	7455	卖盘
10:59:00	14.95	0.04	5	7475	买盘
10:58:48	14.91	0.01	6	8946	中性盘
10:58:24	14.9	-0.06	5	7450	卖盘
10:58:09	14.96	0.08	22	32912	买盘
10:57:45	14.88	--	1	1488	卖盘
10:57:36	14.88	--	395	587774	买盘
10:57:27	14.88	--	3	4464	买盘
10:57:09	14.88	--	10	14880	买盘
10:57:06	14.88	-0.08	580	864513	卖盘
10:56:51	14.96	--	7	10472	卖盘
10:56:48	14.96	--	5	7480	卖盘
10:56:39	14.96	--	30	44880	卖盘
10:56:36	14.96	--	58	86768	买盘
10:56:21	14.96	--	38	56848	买盘
10:56:12	14.96	--	7	10472	买盘
10:55:42	14.96	--	17	25432	买盘
10:55:21	14.96	0.01	12	17952	买盘
10:55:06	14.95	0.02	210	313950	买盘
10:53:54	14.93	-0.02	6	8958	中性盘
10:53:27	14.95	0.02	200	299000	买盘
10:53:18	14.93	0.01	8	11944	买盘
10:53:00	14.92	-0.01	12	17904	卖盘
10:52:48	14.93	0.01	7	10451	买盘
10:52:27	14.92	--	10	14920	卖盘
10:52:18	14.92	0.02	15	22380	买盘
10:51:33	14.9	--	6	8940	卖盘
10:51:09	14.9	--	30	44714	买盘
10:50:57	14.9	--	33	50645	卖盘
10:50:48	14.9	--	10	14900	卖盘
10:50:42	14.9	-0.01	111	165390	卖盘
10:50:27	14.91	0.01	45	67095	买盘
10:50:24	14.9	--	13	19370	卖盘
10:50:15	14.9	--	47	70030	卖盘
10:50:09	14.9	--	14	20860	卖盘
10:49:36	14.9	-0.02	43	64070	卖盘
10:49:24	14.92	--	1	1492	买盘
10:49:18	14.92	--	5	7460	买盘
10:48:45	14.92	0.02	20	29840	买盘
10:48:27	14.9	-0.02	5	7450	卖盘
10:48:21	14.92	--	24	35808	买盘
10:48:12	14.92	0.01	2	2984	买盘
10:48:06	14.91	0.01	1	1491	中性盘
10:47:54	14.9	--	43	64070	卖盘
10:47:21	14.9	0.01	420	625814	买盘
10:47:15	14.89	-0.01	5	7445	卖盘
10:47:12	14.9	--	2	2980	买盘
10:47:03	14.9	0.01	10	14900	买盘
10:46:57	14.89	-0.01	100	148900	卖盘
10:46:45	14.9	-0.01	7	10430	中性盘
10:46:39	14.91	0.01	21	31311	买盘
10:46:36	14.9	--	7	10430	买盘
10:46:18	14.9	--	13	19370	卖盘
10:46:15	14.9	--	47	70030	卖盘
10:45:54	14.9	--	5	7450	卖盘
10:45:51	14.9	--	1	1490	卖盘
10:45:48	14.9	-0.01	40	59600	卖盘
10:45:42	14.91	0.01	7	10437	买盘
10:45:36	14.9	-0.01	1	1490	卖盘
10:45:33	14.91	--	10	14910	买盘
10:45:30	14.91	--	47	71553	卖盘
10:45:18	14.91	--	6	8946	卖盘
10:45:15	14.91	--	60	89460	卖盘
10:45:00	14.91	-0.01	2	2982	卖盘
10:44:54	14.92	0.01	6	8952	买盘
10:44:48	14.91	--	5	7455	卖盘
10:44:45	14.91	-0.01	40	59640	卖盘
10:44:42	14.92	0.01	6	8952	买盘
10:44:30	14.91	--	10	14910	卖盘
10:44:24	14.91	--	5	7455	卖盘
10:44:18	14.91	--	10	14910	卖盘
10:43:45	14.91	-0.01	10	14910	卖盘
10:43:36	14.92	0.01	5	7460	买盘
10:43:33	14.91	--	40	59640	卖盘
10:43:09	14.91	--	8	11928	卖盘
10:43:03	14.91	-0.01	5	7455	卖盘
10:42:51	14.92	--	10	14920	买盘
10:42:39	14.92	0.01	10	14920	买盘
10:42:36	14.91	-0.01	10	14910	卖盘
10:42:30	14.92	--	4	5968	买盘
10:42:06	14.92	--	27	40284	中性盘
10:41:48	14.92	-0.01	1	1492	卖盘
10:41:45	14.93	0.01	5	7465	买盘
10:41:00	14.92	0.01	9	13428	买盘
10:40:42	14.91	-0.02	15	22365	卖盘
10:40:15	14.93	-0.01	5	7465	中性盘
10:39:33	14.94	0.02	30	44820	买盘
10:39:21	14.92	0.01	9	13428	买盘
10:39:06	14.91	--	6	8946	卖盘
10:38:48	14.91	--	0	14	买盘
10:38:36	14.91	--	120	178920	买盘
10:38:21	14.91	-0.02	1	1491	买盘
10:38:12	14.93	0.02	200	298600	买盘
10:37:57	14.91	0.01	8	11928	卖盘
10:37:54	14.9	0.01	14	20860	买盘
10:37:48	14.89	-0.01	33	49137	卖盘
10:37:45	14.9	0.01	10	14900	买盘
10:37:33	14.89	-0.01	2	2978	卖盘
10:37:30	14.9	--	10	14900	买盘
10:37:27	14.9	--	60	89400	买盘
10:37:24	14.9	0.01	1	1490	买盘
10:37:21	14.89	--	40	59560	卖盘
10:37:09	14.89	--	5	7445	卖盘
10:37:03	14.89	--	10	14890	卖盘
10:37:00	14.89	0.02	150	223350	买盘
10:36:57	14.87	-0.01	20	29740	卖盘
10:36:54	14.88	--	4	5952	卖盘
10:36:48	14.88	0.01	30	44640	卖盘
10:36:45	14.87	-0.01	16	23792	卖盘
10:36:42	14.88	--	60	89280	卖盘
10:36:36	14.88	--	30	44640	买盘
10:36:30	14.88	--	25	37200	买盘
10:36:24	14.88	--	1	1488	买盘
10:36:15	14.88	-0.02	119	177072	卖盘
10:36:06	14.9	0.01	76	113240	买盘
10:36:03	14.89	--	5	7445	买盘
10:35:57	14.89	-0.01	70	104230	卖盘
10:35:54	14.9	0.01	37	55130	买盘
10:35:51	14.89	--	30	44670	卖盘
10:35:48	14.89	-0.01	10	14890	卖盘
10:35:12	14.9	--	39	58110	卖盘
10:35:09	14.9	--	9	13410	卖盘
10:35:06	14.9	--	35	52150	卖盘
10:34:54	14.9	--	5	7450	卖盘
10:34:48	14.9	--	20	29800	卖盘
10:34:42	14.9	--	10	14900	卖盘
10:34:39	14.9	--	523	779270	卖盘
10:34:33	14.9	-0.01	6	8940	卖盘
10:34:21	14.91	--	2	2982	买盘
10:34:06	14.91	--	35	52185	卖盘
10:34:03	14.91	--	20	29820	卖盘
10:34:00	14.91	--	26	38766	卖盘
10:33:57	14.91	--	50	74550	卖盘
10:33:48	14.91	--	55	82005	卖盘
10:33:45	14.91	--	13	19383	卖盘
10:33:42	14.91	--	30	44730	卖盘
10:33:39	14.91	--	5	7455	卖盘
10:33:24	14.91	--	5	7455	卖盘
10:33:21	14.91	-0.01	5	7455	卖盘
10:33:03	14.92	--	71	105932	卖盘
10:33:00	14.92	--	200	298400	卖盘
10:32:57	14.92	--	5	7460	卖盘
10:32:54	14.92	-0.01	27	40284	卖盘
10:32:48	14.93	--	100	149300	买盘
10:32:42	14.93	-0.01	87	131369	卖盘
10:32:39	14.94	0.01	3	4482	买盘
10:32:33	14.93	--	64	95552	卖盘
10:32:30	14.93	--	10	14930	卖盘
10:32:24	14.93	-0.01	5	7465	卖盘
10:32:09	14.94	--	5	7470	卖盘
10:31:57	14.94	-0.01	20	29880	卖盘
10:31:36	14.95	--	2	2990	卖盘
10:31:33	14.95	0.01	6	8970	买盘
10:31:30	14.94	-0.01	16	23904	卖盘
10:31:21	14.95	--	1	1495	买盘
10:31:18	14.95	0.01	2	2990	买盘
10:31:12	14.94	-0.01	5	7470	卖盘
10:30:48	14.95	--	3	4485	买盘
10:30:45	14.95	--	4	5980	卖盘
10:30:33	14.95	--	20	29900	卖盘
10:30:24	14.95	--	1	1495	卖盘
10:29:54	14.95	-0.02	29	43355	卖盘
10:29:42	14.97	--	34	50898	卖盘
10:29:39	14.97	0.02	332	497004	买盘
10:29:36	14.95	-0.01	31	46345	卖盘
10:29:27	14.96	0.01	3	4488	买盘
10:29:18	14.95	-0.01	26	38870	卖盘
10:29:06	14.96	--	1	1496	买盘
10:28:27	14.96	--	12	17952	买盘
10:28:21	14.96	-0.01	4	5984	卖盘
10:28:12	14.97	0.01	1	1497	买盘
10:28:09	14.96	--	7	10472	卖盘
10:27:54	14.96	--	3	4488	买盘
10:27:36	14.96	--	6	8976	买盘
10:27:33	14.96	--	8	11968	买盘
10:27:21	14.96	--	6	8976	买盘
10:27:06	14.96	0.01	30	44880	买盘
10:26:36	14.95	0.01	64	95680	买盘
10:26:30	14.94	--	8	11952	买盘
10:26:27	14.94	0.01	50	74700	买盘
10:26:24	14.93	-0.01	50	74650	卖盘
10:26:03	14.94	0.01	2	2988	买盘
10:25:54	14.93	--	50	74650	卖盘
10:25:45	14.93	--	10	14930	卖盘
10:25:21	14.93	--	25	37339	买盘
10:24:51	14.93	--	31	46283	卖盘
10:24:39	14.93	--	30	44790	卖盘
10:24:15	14.93	--	10	14930	卖盘
10:24:09	14.93	-0.01	2	2986	卖盘
10:23:57	14.94	0.01	20	29880	买盘
10:23:45	14.93	--	29	43297	卖盘
10:23:33	14.93	--	20	29860	卖盘
10:22:39	14.93	0.01	53	79129	中性盘
10:22:15	14.92	--	20	29840	卖盘
10:22:00	14.92	-0.02	11	16412	卖盘
10:21:57	14.94	--	5	7470	买盘
10:21:54	14.94	--	23	34362	买盘
10:21:42	14.94	0.01	3	4482	买盘
10:21:33	14.93	0.01	10	14930	买盘
10:21:24	14.92	--	71	105932	卖盘
10:21:21	14.92	0.01	12	17904	买盘
10:21:18	14.91	--	30	44730	卖盘
10:21:09	14.91	--	12	17892	卖盘
10:20:51	14.91	--	4	5964	卖盘
10:20:39	14.91	--	7	10437	卖盘
10:20:36	14.91	--	20	29820	卖盘
10:20:33	14.91	-0.01	100	149100	卖盘
10:20:30	14.92	0.02	1	1492	买盘
10:20:03	14.9	-0.02	36	53640	卖盘
10:19:51	14.92	--	90	134280	卖盘
10:19:45	14.92	-0.01	21	31332	卖盘
10:19:42	14.93	0.01	9	13437	中性盘
10:19:36	14.92	--	1	1492	卖盘
10:19:24	14.92	-0.02	10	14920	卖盘
10:19:21	14.94	0.02	47	70218	买盘
10:19:15	14.92	--	4	5968	卖盘
10:19:06	14.92	--	10	14920	卖盘
10:18:48	14.92	-0.01	2	2984	卖盘
10:18:42	14.93	--	81	120933	买盘
10:18:36	14.93	--	114	170202	卖盘
10:18:30	14.93	--	100	149300	卖盘
10:18:27	14.93	-0.02	10	14930	卖盘
10:18:18	14.95	0.02	10	14950	买盘
10:17:54	14.93	-0.02	7	10451	卖盘
10:17:51	14.95	0.02	20	29900	中性盘
10:17:48	14.93	-0.03	18	26874	卖盘
10:17:39	14.96	--	5	7480	买盘
10:17:30	14.96	--	25	37400	卖盘
10:17:27	14.96	--	120	179520	卖盘
10:17:24	14.96	--	10	14960	卖盘
10:17:18	14.96	--	30	44880	卖盘
10:17:15	14.96	-0.01	16	23936	卖盘
10:17:12	14.97	--	1	1497	买盘
10:17:09	14.97	0.01	10	14970	买盘
10:16:45	14.96	--	3	4488	卖盘
10:16:36	14.96	--	76	113696	买盘
10:16:33	14.96	--	68	101728	买盘
10:16:27	14.96	0.03	4	5984	买盘
10:16:24	14.93	--	12	17916	卖盘
10:16:21	14.93	--	5	7465	卖盘
10:16:03	14.93	--	1	1493	买盘
10:16:00	14.93	-0.03	9	13437	卖盘
10:15:36	14.96	--	10	14960	买盘
10:15:24	14.96	--	1	1496	买盘
10:15:21	14.96	0.03	20	29920	买盘
10:15:15	14.93	0.01	5	7465	中性盘
10:15:00	14.92	-0.05	100	149200	卖盘
10:14:48	14.97	0.05	8	11976	买盘
10:14:27	14.92	0.02	61	91012	买盘
10:14:24	14.9	-0.02	14	20860	卖盘
10:14:18	14.92	--	10	14920	买盘
10:14:12	14.92	--	10	14920	买盘
10:14:03	14.92	--	3	4476	买盘
10:14:00	14.92	0.01	7	10444	买盘
10:13:57	14.91	--	16	23856	卖盘
10:13:48	14.91	-0.01	5	7455	卖盘
10:13:45	14.92	--	79	117868	买盘
10:13:42	14.92	-0.01	138	205896	卖盘
10:13:36	14.93	--	4	5972	卖盘
10:13:33	14.93	-0.02	2	2986	中性盘
10:13:18	14.95	0.03	10	14950	中性盘
10:13:06	14.92	-0.03	225	335700	卖盘
10:13:00	14.95	--	10	14950	卖盘
10:12:48	14.95	-0.02	4	5980	卖盘
10:12:45	14.97	0.02	29	43413	买盘
10:12:27	14.95	-0.02	58	86710	卖盘
10:12:24	14.97	-0.01	11	16467	卖盘
10:12:21	14.98	--	49	73402	买盘
10:12:18	14.98	-0.01	5	7490	中性盘
10:12:03	14.99	--	20	29980	买盘
10:12:00	14.99	--	52	77948	买盘
10:11:57	14.99	0.02	35	52465	买盘
10:11:54	14.97	-0.01	10	14970	卖盘
10:11:51	14.98	-0.01	41	61418	卖盘
10:11:45	14.99	0.01	13	19487	买盘
10:11:39	14.98	-0.01	10	14980	卖盘
10:11:36	14.99	0.01	12	17988	买盘
10:11:33	14.98	-0.01	45	67410	卖盘
10:11:27	14.99	0.01	20	29980	中性盘
10:11:21	14.98	-0.01	35	52430	卖盘
10:11:15	14.99	--	55	82445	卖盘
10:11:12	14.99	--	43	64457	买盘
10:11:06	14.99	--	12	17988	买盘
10:11:03	14.99	--	4	5996	买盘
10:10:57	14.99	--	15	22485	买盘
10:10:51	14.99	0.01	21	31479	买盘
10:10:42	14.98	0.01	14	20972	中性盘
10:10:39	14.97	--	18	26946	卖盘
10:10:36	14.97	-0.01	6	8982	中性盘
10:10:27	14.98	0.02	100	149800	买盘
10:10:21	14.96	-0.01	43	64328	卖盘
10:10:18	14.97	--	1	1497	买盘
10:10:12	14.97	0.01	35	52395	买盘
10:10:03	14.96	-0.01	2	2992	卖盘
10:10:00	14.97	0.01	20	29940	买盘
10:09:54	14.96	--	14	20944	卖盘
10:09:51	14.96	--	20	29920	卖盘
10:09:42	14.96	-0.01	3	4488	中性盘
10:09:39	14.97	0.02	3	4491	买盘
10:09:36	14.95	-0.01	5	7475	卖盘
10:09:33	14.96	--	60	89760	买盘
10:09:30	14.96	0.01	6	8976	买盘
10:09:15	14.95	--	4	5980	卖盘
10:09:12	14.95	--	1	1495	买盘
10:08:51	14.95	0.01	1	1495	中性盘
10:08:39	14.94	--	24	35856	买盘
10:08:18	14.94	-0.01	26	38844	卖盘
10:08:09	14.95	--	13	19435	卖盘
10:08:06	14.95	--	25	37375	买盘
10:07:45	14.95	--	4	5980	买盘
10:07:42	14.95	0.02	3	4485	买盘
10:07:27	14.93	-0.02	5	7465	中性盘
10:07:18	14.95	0.02	123	183885	买盘
10:07:09	14.93	0.01	16	23888	买盘
10:07:06	14.92	--	30	44760	卖盘
10:06:48	14.92	--	61	91012	买盘
10:06:45	14.92	0.02	3	4476	买盘
10:06:30	14.9	-0.01	50	74500	卖盘
10:06:27	14.91	0.01	9	13419	买盘
10:06:18	14.9	--	5	7450	卖盘
10:06:00	14.9	-0.01	20	29800	卖盘
10:05:48	14.91	--	18	26838	卖盘
10:05:42	14.91	0.02	175	260925	买盘
10:05:36	14.89	-0.01	30	44670	卖盘
10:05:21	14.9	--	15	22350	买盘
10:05:18	14.9	--	6	8940	卖盘
10:05:12	14.9	--	10	14900	卖盘
10:05:09	14.9	--	4	5960	卖盘
10:05:03	14.9	--	33	49170	买盘
10:04:57	14.9	--	50	74500	买盘
10:04:48	14.9	--	41	61090	卖盘
10:04:45	14.9	0.01	13	19370	买盘
10:04:42	14.89	--	5	7445	卖盘
10:04:36	14.89	-0.01	53	78917	卖盘
10:04:33	14.9	--	21	31290	买盘
10:04:30	14.9	--	10	14900	买盘
10:04:24	14.9	--	20	29800	买盘
10:04:21	14.9	--	50	74500	买盘
10:04:18	14.9	--	11	16390	买盘
10:04:06	14.9	--	3	4470	买盘
10:04:03	14.9	--	14	20860	买盘
10:04:00	14.9	--	74	110260	买盘
10:03:45	14.9	0.01	50	74500	买盘
10:03:42	14.89	--	3	4467	卖盘
10:03:30	14.89	-0.01	41	61049	卖盘
10:03:27	14.9	--	5	7450	买盘
10:03:24	14.9	--	92	137080	买盘
10:03:12	14.9	0.01	10	14900	买盘
10:03:09	14.89	-0.01	1	1489	卖盘
10:02:57	14.9	0.01	7	10430	买盘
10:02:51	14.89	-0.01	10	14890	卖盘
10:02:24	14.9	--	47	70030	买盘
10:02:18	14.9	--	23	34270	买盘
10:02:03	14.9	0.01	50	74500	买盘
10:02:00	14.89	--	81	120609	卖盘
10:01:57	14.89	-0.01	50	74450	卖盘
10:01:51	14.9	--	5	7450	买盘
10:01:48	14.9	--	14	20860	买盘
10:01:36	14.9	--	25	37250	卖盘
10:01:33	14.9	-0.01	10	14900	卖盘
10:01:30	14.91	0.01	10	14910	买盘
10:01:24	14.9	--	10	14900	卖盘
10:01:21	14.9	--	50	74500	卖盘
10:01:09	14.9	-0.01	20	29800	卖盘
10:01:06	14.91	0.01	13	19383	买盘
10:01:03	14.9	-0.01	20	29800	卖盘
10:00:57	14.91	0.01	1	1491	买盘
10:00:54	14.9	-0.01	2	2980	卖盘
10:00:39	14.91	--	20	29820	买盘
10:00:27	14.91	-0.01	8	11928	中性盘
10:00:21	14.92	--	5	7460	买盘
10:00:18	14.92	--	50	74600	买盘
10:00:15	14.92	--	100	149200	买盘
10:00:09	14.92	--	10	14920	买盘
09:59:57	14.92	--	1	1492	买盘
09:59:54	14.92	--	21	31332	卖盘
09:59:48	14.92	--	7	10444	卖盘
09:59:39	14.92	--	30	44760	卖盘
09:59:30	14.92	--	7	10444	卖盘
09:59:21	14.92	0.01	35	52220	买盘
09:59:15	14.91	-0.01	30	44730	卖盘
09:59:09	14.92	0.01	29	43268	买盘
09:59:00	14.91	--	20	29820	卖盘
09:58:57	14.91	0.01	30	44730	买盘
09:58:45	14.9	-0.01	10	14900	卖盘
09:58:39	14.91	0.01	3	4473	买盘
09:58:30	14.9	-0.01	94	140060	卖盘
09:58:27	14.91	-0.01	5	7455	卖盘
09:58:15	14.92	0.01	2	2984	买盘
09:58:00	14.91	--	30	44730	卖盘
09:57:57	14.91	--	18	26838	卖盘
09:57:45	14.91	--	5	7455	买盘
09:57:42	14.91	--	2	2982	买盘
09:57:39	14.91	0.01	17	25347	买盘
09:57:36	14.9	-0.01	1	1490	卖盘
09:57:30	14.91	0.01	4	5964	买盘
09:57:27	14.9	-0.01	5	7450	卖盘
09:57:18	14.91	0.01	11	16401	买盘
09:57:15	14.9	-0.01	3	4470	卖盘
09:57:06	14.91	0.01	16	23856	买盘
09:56:54	14.9	--	26	38740	买盘
09:56:51	14.9	0.01	10	14900	买盘
09:56:48	14.89	-0.01	1	1489	卖盘
09:56:45	14.9	0.01	4	5960	买盘
09:56:30	14.89	--	29	43181	买盘
09:56:21	14.89	0.01	5	7445	中性盘
09:56:09	14.88	-0.02	2	2976	卖盘
09:56:03	14.9	0.02	59	87910	买盘
09:55:51	14.88	-0.01	2	2976	卖盘
09:55:42	14.89	0.01	20	29780	买盘
09:55:39	14.88	-0.01	10	14880	卖盘
09:55:36	14.89	0.01	81	120609	买盘
09:55:24	14.88	--	85	126480	买盘
09:55:15	14.88	--	70	104160	买盘
09:55:12	14.88	--	32	47616	买盘
09:55:03	14.88	--	15	22320	买盘
09:54:57	14.88	-0.01	27	40176	卖盘
09:54:54	14.89	--	1	1489	买盘
09:54:42	14.89	--	105	156345	卖盘
09:54:39	14.89	--	26	38714	卖盘
09:54:30	14.89	--	1	1489	卖盘
09:54:27	14.89	--	18	26802	买盘
09:54:15	14.89	-0.01	9	13401	卖盘
09:54:12	14.9	--	60	89400	卖盘
09:54:03	14.9	-0.01	5	7450	卖盘
09:53:57	14.91	--	5	7455	买盘
09:53:54	14.91	0.03	2	2982	买盘
09:53:42	14.88	-0.03	23	34224	中性盘
09:53:33	14.91	0.05	3	4473	中性盘
09:53:21	14.86	-0.05	1	1486	卖盘
09:53:06	14.91	--	24	35784	卖盘
09:53:03	14.91	0.05	176	262416	买盘
09:52:54	14.86	-0.02	10	14860	卖盘
09:52:51	14.88	--	17	25296	买盘
09:52:30	14.88	0.02	20	29760	买盘
09:52:18	14.86	--	7	10402	卖盘
09:52:09	14.86	--	9	13374	买盘
09:52:03	14.86	-0.02	6	8916	卖盘
09:52:00	14.88	--	10	14880	买盘
09:51:54	14.88	--	9	13392	买盘
09:51:48	14.88	0.02	5	7440	买盘
09:51:39	14.86	0.01	3	4458	卖盘
09:51:36	14.85	--	10	14850	卖盘
09:51:00	14.85	-0.04	19	28215	卖盘
09:50:42	14.89	0.04	16	23824	买盘
09:50:33	14.85	-0.03	13	19305	卖盘
09:50:30	14.88	0.03	9	13392	买盘
09:50:15	14.85	0.01	76	112860	买盘
09:50:09	14.84	-0.01	6	8904	卖盘
09:50:06	14.85	--	10	14850	买盘
09:50:03	14.85	0.01	27	40095	买盘
09:49:57	14.84	-0.01	8	11872	卖盘
09:49:36	14.85	--	110	163350	买盘
09:49:24	14.85	-0.01	77	114345	卖盘
09:49:12	14.86	0.01	10	14860	中性盘
09:49:06	14.85	--	10	14850	卖盘
09:49:03	14.85	-0.03	62	92070	卖盘
09:48:48	14.88	--	49	72912	卖盘
09:48:45	14.88	--	10	14880	卖盘
09:48:36	14.88	--	10	14880	卖盘
09:48:27	14.88	0.03	31	46128	买盘
09:48:09	14.85	--	2	2970	卖盘
09:48:00	14.85	--	21	31185	卖盘
09:47:42	14.85	--	15	22275	卖盘
09:47:21	14.85	-0.04	20	29700	卖盘
09:47:18	14.89	--	30	44670	卖盘
09:47:12	14.89	--	10	14890	卖盘
09:47:00	14.89	-0.01	91	135499	卖盘
09:46:57	14.9	-0.01	10	14900	卖盘
09:46:45	14.91	0.01	33	49203	买盘
09:46:39	14.9	-0.01	6	8940	卖盘
09:46:33	14.91	--	9	13419	买盘
09:46:27	14.91	0.01	10	14910	买盘
09:46:21	14.9	-0.01	92	137080	卖盘
09:46:12	14.91	--	23	34293	卖盘
09:46:09	14.91	--	4	5964	卖盘
09:46:06	14.91	--	10	14910	卖盘
09:46:00	14.91	--	21	31311	卖盘
09:45:54	14.91	-0.01	27	40257	卖盘
09:45:45	14.92	--	12	17904	买盘
09:45:33	14.92	--	11	16412	卖盘
09:45:27	14.92	--	45	67140	卖盘
09:45:24	14.92	--	4	5968	卖盘
09:45:21	14.92	-0.01	15	22380	卖盘
09:45:00	14.93	--	10	14930	买盘
09:44:54	14.93	--	13	19409	买盘
09:44:39	14.93	0.02	36	53748	买盘
09:44:36	14.91	-0.01	10	14910	卖盘
09:44:33	14.92	0.01	15	22380	买盘
09:44:24	14.91	-0.01	2	2982	卖盘
09:44:21	14.92	-0.01	23	34316	买盘
09:44:12	14.93	0.01	199	297107	买盘
09:44:09	14.92	--	5	7460	买盘
09:44:06	14.92	-0.01	13	19396	卖盘
09:44:03	14.93	0.01	41	61213	买盘
09:44:00	14.92	--	21	31332	卖盘
09:43:51	14.92	--	69	102948	卖盘
09:43:45	14.92	-0.01	10	14920	卖盘
09:43:42	14.93	0.01	65	97045	买盘
09:43:39	14.92	0.01	50	74600	买盘
09:43:36	14.91	-0.02	5	7455	卖盘
09:43:33	14.93	--	30	44790	买盘
09:43:24	14.93	--	200	298600	卖盘
09:43:12	14.93	--	10	14930	卖盘
09:43:09	14.93	0.01	78	116454	买盘
09:43:03	14.92	--	6	8952	买盘
09:43:00	14.92	-0.01	29	43268	卖盘
09:42:54	14.93	--	3	4479	卖盘
09:42:51	14.93	0.01	20	29860	买盘
09:42:45	14.92	-0.01	3	4476	卖盘
09:42:33	14.93	--	10	14930	买盘
09:42:30	14.93	-0.01	19	29845	卖盘
09:42:27	14.94	0.01	15	22410	买盘
09:42:24	14.93	-0.01	18	26874	卖盘
09:42:15	14.94	--	9	13446	卖盘
09:42:12	14.94	-0.01	10	14940	卖盘
09:42:09	14.95	--	14	20930	买盘
09:42:06	14.95	0.02	1	1495	中性盘
09:41:57	14.93	-0.02	77	114961	卖盘
09:41:54	14.95	0.02	59	88205	买盘
09:41:51	14.93	-0.01	20	29860	卖盘
09:41:48	14.94	0.01	10	14940	买盘
09:41:30	14.93	--	26	38832	买盘
09:41:27	14.93	--	10	14930	买盘
09:41:24	14.93	--	9	13437	买盘
09:41:21	14.93	0.01	52	77636	买盘
09:41:18	14.92	-0.01	122	182024	卖盘
09:41:12	14.93	--	13	19409	买盘
09:41:06	14.93	0.03	170	253810	买盘
09:41:00	14.9	-0.02	56	83440	卖盘
09:40:57	14.92	0.01	17	25364	买盘
09:40:51	14.91	--	20	29820	买盘
09:40:42	14.91	0.01	19	28329	买盘
09:40:39	14.9	0.01	14	20860	买盘
09:40:24	14.89	--	20	29780	买盘
09:40:18	14.89	0.01	50	74450	买盘
09:40:12	14.88	0.01	113	168144	买盘
09:40:06	14.87	--	18	26766	买盘
09:40:00	14.87	0.02	122	181414	买盘
09:39:57	14.85	--	24	35640	卖盘
09:39:54	14.85	-0.02	6	8910	卖盘
09:39:51	14.87	--	10	14870	买盘
09:39:48	14.87	--	7	10409	买盘
09:39:42	14.87	0.02	20	29740	买盘
09:39:36	14.85	-0.02	3	4455	卖盘
09:39:33	14.87	0.03	8	11896	买盘
09:39:30	14.84	--	4	5936	卖盘
09:39:27	14.84	--	7	10388	买盘
09:39:24	14.84	-0.04	2	2968	卖盘
09:39:15	14.88	0.04	5	7440	买盘
09:39:12	14.84	--	51	75684	买盘
09:39:09	14.84	-0.04	53	78652	卖盘
09:39:03	14.88	--	30	44640	买盘
09:38:54	14.88	--	25	37200	买盘
09:38:42	14.88	--	22	32736	买盘
09:38:30	14.88	0.06	100	148800	买盘
09:38:27	14.82	--	4	5928	买盘
09:38:24	14.82	-0.03	63	93366	卖盘
09:38:21	14.85	-0.03	5	7425	中性盘
09:38:09	14.88	--	27	40176	卖盘
09:38:03	14.88	--	4	5952	卖盘
09:37:57	14.88	0.04	294	437472	买盘
09:37:54	14.84	--	33	48972	买盘
09:37:51	14.84	0.02	79	117236	买盘
09:37:48	14.82	-0.02	24	35568	卖盘
09:37:45	14.84	0.02	34	50456	买盘
09:37:33	14.82	--	13	19266	卖盘
09:37:27	14.82	-0.02	16	23712	卖盘
09:37:21	14.84	0.02	5	7420	买盘
09:37:18	14.82	-0.02	5	7410	中性盘
09:37:03	14.84	--	6	8904	卖盘
09:36:57	14.84	-0.02	20	29680	卖盘
09:36:48	14.86	0.05	4	5944	买盘
09:36:42	14.81	-0.04	5	7405	卖盘
09:36:39	14.85	0.04	134	198990	买盘
09:36:36	14.81	--	3	4443	卖盘
09:36:33	14.81	--	13	19253	卖盘
09:36:30	14.81	--	8	11848	卖盘
09:36:24	14.81	0.01	41	60721	买盘
09:36:21	14.8	--	30	44400	卖盘
09:36:18	14.8	-0.01	5	7400	卖盘
09:36:15	14.81	0.01	23	34063	买盘
09:36:12	14.8	0.02	9	13320	买盘
09:36:03	14.78	--	187	276386	买盘
09:36:00	14.78	--	5	7390	买盘
09:35:45	14.78	--	11	16258	买盘
09:35:42	14.78	-0.01	54	79812	卖盘
09:35:39	14.79	-0.02	8	11832	卖盘
09:35:27	14.81	-0.01	10	14810	中性盘
09:35:21	14.82	0.02	10	14820	买盘
09:35:18	14.8	--	28	41440	卖盘
09:35:15	14.8	--	15	22200	卖盘
09:35:12	14.8	--	5	7400	卖盘
09:35:06	14.8	0.03	32	47360	买盘
09:34:51	14.77	--	4	5908	卖盘
09:34:45	14.77	--	20	29540	卖盘
09:34:42	14.77	-0.03	21	31017	卖盘
09:34:39	14.8	0.04	7	10360	买盘
09:34:36	14.76	--	3	4428	卖盘
09:34:24	14.76	--	7	10332	卖盘
09:34:06	14.76	-0.02	50	73800	卖盘
09:33:57	14.78	-0.02	7	10346	卖盘
09:33:45	14.8	-0.01	6	8880	卖盘
09:33:36	14.81	0.01	29	42949	买盘
09:33:33	14.8	--	2	2960	卖盘
09:33:30	14.8	-0.01	35	51800	卖盘
09:33:15	14.81	-0.01	2	2962	卖盘
09:33:03	14.82	--	11	16302	买盘
09:32:51	14.82	0.01	4	5928	买盘
09:32:48	14.81	-0.01	2	2962	卖盘
09:32:36	14.82	0.01	10	14820	买盘
09:32:30	14.81	-0.01	6	8886	卖盘
09:32:21	14.82	--	54	80028	买盘
09:32:06	14.82	--	5	7410	卖盘
09:31:57	14.82	--	38	56316	卖盘
09:31:51	14.82	-0.01	14	20748	卖盘
09:31:48	14.83	--	17	25211	买盘
09:31:39	14.83	--	21	31143	买盘
09:31:33	14.83	0.01	5	7415	买盘
09:31:27	14.82	--	4	5928	卖盘
09:31:24	14.82	--	30	44460	卖盘
09:31:18	14.82	--	7	10374	卖盘
09:31:15	14.82	-0.01	27	40014	卖盘
09:31:12	14.83	--	6	8898	买盘
09:31:00	14.83	--	4	5932	卖盘
09:30:48	14.83	-0.02	40	59320	卖盘
09:30:36	14.85	0.01	56	83160	买盘
09:30:21	14.84	--	30	44520	买盘
09:30:18	14.84	-0.01	66	97944	卖盘
09:30:09	14.85	--	3	4455	卖盘
09:30:06	14.85	--	60	89100	卖盘
09:30:03	14.85	0.03	2	2970	买盘
09:25:03	14.82	14.82	23	34086	买盘
