成交时间	成交价	价格变动	成交量(手)	成交额(元)	性质
15:00:03	6.58	0.02	1125	740250	买盘
14:57:03	6.56	--	0	0	卖盘
14:57:00	6.56	-0.02	12	7871	卖盘
14:56:54	6.58	0.02	2	1316	买盘
14:56:33	6.56	--	65	42640	卖盘
14:56:21	6.56	-0.01	27	17712	卖盘
14:56:18	6.57	0.01	5	3285	买盘
14:56:15	6.56	--	47	30831	卖盘
14:56:06	6.56	--	42	27552	卖盘
14:55:48	6.56	-0.01	51	33456	卖盘
14:55:45	6.57	--	69	45333	买盘
14:55:39	6.57	--	50	32850	买盘
14:55:30	6.57	--	10	6570	买盘
14:55:24	6.57	0.01	1	657	买盘
14:55:21	6.56	-0.02	50	32800	卖盘
14:55:12	6.58	0.02	57	37506	买盘
14:55:09	6.56	-0.01	10	6560	卖盘
14:55:06	6.57	0.01	1	657	买盘
14:54:51	6.56	-0.01	12	7871	卖盘
14:54:33	6.57	--	98	64386	买盘
14:54:30	6.57	--	15	9855	买盘
14:54:27	6.57	--	50	32850	买盘
14:54:24	6.57	0.01	26	17082	买盘
14:54:00	6.56	--	100	65600	卖盘
14:53:51	6.56	--	10	6560	卖盘
14:53:42	6.56	-0.01	338	222082	卖盘
14:53:24	6.57	--	50	32850	买盘
14:53:21	6.57	--	5	3285	买盘
14:53:15	6.57	--	51	33507	买盘
14:52:45	6.57	--	110	72270	卖盘
14:52:18	6.57	--	5	3285	买盘
14:52:03	6.57	-0.01	32	21024	卖盘
14:52:00	6.58	0.01	7	4606	买盘
14:51:54	6.57	--	50	32850	卖盘
14:51:39	6.57	--	1	657	卖盘
14:51:15	6.57	--	25	16425	买盘
14:51:09	6.57	--	10	6570	买盘
14:51:03	6.57	--	85	55845	卖盘
14:50:39	6.57	-0.01	41	26937	卖盘
14:50:33	6.58	0.01	33	21714	买盘
14:50:24	6.57	--	7	4599	卖盘
14:50:09	6.57	-0.01	1	657	卖盘
14:50:00	6.58	0.01	2	1316	买盘
14:49:48	6.57	--	10	6570	卖盘
14:49:45	6.57	--	7	4599	买盘
14:49:09	6.57	--	25	16425	卖盘
14:49:03	6.57	--	2	1314	卖盘
14:49:00	6.57	--	20	13140	卖盘
14:48:57	6.57	--	14	9198	买盘
14:48:18	6.57	-0.01	1	657	中性盘
14:47:54	6.58	0.02	17	11186	买盘
14:47:27	6.56	-0.01	320	209920	卖盘
14:47:03	6.57	--	44	28908	卖盘
14:47:00	6.57	--	15	9855	卖盘
14:46:51	6.57	--	30	19710	卖盘
14:46:45	6.57	--	127	83439	卖盘
14:46:39	6.57	--	20	13140	卖盘
14:46:33	6.57	--	71	46647	买盘
14:46:24	6.57	--	99	65043	卖盘
14:46:00	6.57	--	51	33507	买盘
14:45:48	6.57	--	35	22995	买盘
14:45:39	6.57	--	3	1971	买盘
14:45:33	6.57	--	200	131400	买盘
14:45:12	6.57	0.01	33	21681	买盘
14:44:48	6.56	-0.01	12	7871	卖盘
14:44:45	6.57	--	20	13140	买盘
14:44:42	6.57	0.01	30	19710	买盘
14:44:36	6.56	-0.01	202	132512	卖盘
14:44:30	6.57	0.01	200	131400	买盘
14:44:21	6.56	--	30	19680	卖盘
14:44:06	6.56	-0.01	53	34768	卖盘
14:44:00	6.57	0.01	5	3285	买盘
14:43:57	6.56	--	20	13120	卖盘
14:43:48	6.56	-0.01	2	1312	卖盘
14:43:45	6.57	0.01	4	2628	买盘
14:43:27	6.56	--	10	6560	卖盘
14:43:00	6.56	--	6	3935	卖盘
14:42:48	6.56	-0.01	17	11152	卖盘
14:42:24	6.57	--	1	657	买盘
14:41:45	6.57	0.01	153	100521	买盘
14:41:15	6.56	--	1	656	卖盘
14:40:42	6.56	--	100	65600	卖盘
14:40:33	6.56	--	43	28208	卖盘
14:40:24	6.56	--	43	28208	卖盘
14:39:45	6.56	-0.01	3	1967	卖盘
14:39:33	6.57	--	220	144540	买盘
14:39:27	6.57	0.01	19	12483	买盘
14:39:24	6.56	--	100	65600	卖盘
14:39:06	6.56	--	28	18368	卖盘
14:39:00	6.56	--	92	60352	卖盘
14:38:30	6.56	-0.01	50	32800	卖盘
14:37:24	6.57	--	37	24309	卖盘
14:37:18	6.57	--	43	28251	卖盘
14:37:15	6.57	--	100	65700	卖盘
14:37:12	6.57	--	30	19710	卖盘
14:37:06	6.57	--	25	16425	卖盘
14:37:03	6.57	--	19	12483	卖盘
14:36:57	6.57	--	10	6570	卖盘
14:36:51	6.57	--	43	28251	卖盘
14:36:00	6.57	-0.01	35	22995	卖盘
14:35:51	6.58	0.01	49	32242	买盘
14:35:39	6.57	-0.01	10	6570	中性盘
14:35:27	6.58	0.01	40	26320	买盘
14:35:18	6.57	--	47	30879	卖盘
14:35:06	6.57	-0.01	15	9855	卖盘
14:34:54	6.58	0.01	67	44086	买盘
14:34:48	6.57	--	20	13140	卖盘
14:34:27	6.57	--	50	32850	卖盘
14:34:15	6.57	--	49	32193	卖盘
14:34:00	6.57	--	10	6570	卖盘
14:33:39	6.57	-0.01	2	1314	卖盘
14:33:36	6.58	--	70	46060	买盘
14:33:18	6.58	0.01	3	1974	买盘
14:33:00	6.57	-0.01	6	3942	卖盘
14:32:42	6.58	0.01	25	16450	买盘
14:32:39	6.57	--	10	6570	卖盘
14:32:33	6.57	--	106	69642	卖盘
14:32:27	6.57	--	3	1971	卖盘
14:32:21	6.57	--	150	98550	卖盘
14:32:18	6.57	--	40	26280	卖盘
14:32:09	6.57	--	50	32850	卖盘
14:31:27	6.57	-0.01	200	131400	卖盘
14:30:39	6.58	--	20	13160	买盘
14:30:30	6.58	0.01	20	13160	买盘
14:30:24	6.57	-0.01	2	1314	卖盘
14:29:57	6.58	--	106	69748	买盘
14:29:03	6.58	--	27	17766	买盘
14:29:00	6.58	--	70	46060	买盘
14:28:51	6.58	0.01	60	39480	买盘
14:28:39	6.57	-0.01	4	2628	卖盘
14:27:51	6.58	--	5	3290	买盘
14:27:18	6.58	--	86	56588	买盘
14:26:51	6.58	--	20	13160	买盘
14:26:42	6.58	--	3	1974	买盘
14:26:18	6.58	--	5	3434	卖盘
14:26:15	6.58	--	50	32900	卖盘
14:26:06	6.58	--	8	5264	卖盘
14:25:57	6.58	--	70	46060	卖盘
14:25:36	6.58	--	1	658	卖盘
14:25:03	6.58	--	10	6580	卖盘
14:24:39	6.58	--	12	7896	卖盘
14:24:33	6.58	--	12	7896	卖盘
14:24:24	6.58	--	92	61049	买盘
14:24:09	6.58	0.01	65	42770	买盘
14:24:06	6.57	-0.01	1	657	卖盘
14:23:57	6.58	--	22	14620	卖盘
14:23:54	6.58	--	255	167790	卖盘
14:22:48	6.58	--	19	12502	卖盘
14:22:21	6.58	--	20	13160	卖盘
14:21:24	6.58	--	11	7238	卖盘
14:21:15	6.58	--	60	39480	卖盘
14:21:03	6.58	-0.01	2	1316	卖盘
14:20:57	6.59	0.01	2	1318	买盘
14:20:30	6.58	-0.01	10	6580	卖盘
14:20:09	6.59	0.01	65	42835	买盘
14:19:45	6.58	--	1	658	卖盘
14:19:21	6.58	--	20	13160	卖盘
14:19:18	6.58	--	10	6580	卖盘
14:19:12	6.58	--	15	10383	买盘
14:19:09	6.58	--	20	13160	买盘
14:19:00	6.58	--	34	22372	买盘
14:18:45	6.58	--	50	32900	买盘
14:18:33	6.58	--	10	6580	买盘
14:18:21	6.58	--	50	32900	买盘
14:18:12	6.58	0.01	3	1974	买盘
14:17:51	6.57	-0.01	30	19710	卖盘
14:17:48	6.58	--	100	65800	买盘
14:17:36	6.58	0.01	26	17108	买盘
14:17:24	6.57	-0.01	5	3285	卖盘
14:17:15	6.58	--	31	20398	买盘
14:16:57	6.58	--	10	6580	买盘
14:16:54	6.58	0.01	76	50008	买盘
14:16:51	6.57	-0.01	83	54531	卖盘
14:16:15	6.58	--	59	38822	买盘
14:15:48	6.58	--	109	71722	买盘
14:14:57	6.58	--	6	3948	买盘
14:14:33	6.58	--	11	7238	买盘
14:14:21	6.58	--	30	19740	买盘
14:13:39	6.58	--	59	38822	买盘
14:13:30	6.58	0.01	20	13160	买盘
14:13:06	6.57	-0.01	5	3285	卖盘
14:12:09	6.58	--	100	65800	买盘
14:11:57	6.58	--	1	658	买盘
14:11:45	6.58	--	68	44744	买盘
14:11:30	6.58	--	100	65800	买盘
14:11:21	6.58	--	10	6580	买盘
14:10:42	6.58	0.01	20	13160	买盘
14:10:30	6.57	-0.01	1	657	卖盘
14:10:18	6.58	--	5	3290	买盘
14:10:15	6.58	--	4	2632	买盘
14:10:12	6.58	--	5	3290	买盘
14:10:09	6.58	--	5	3290	买盘
14:10:06	6.58	--	5	3290	买盘
14:10:00	6.58	--	5	3290	买盘
14:09:57	6.58	--	5	3290	买盘
14:09:54	6.58	--	5	3290	买盘
14:09:51	6.58	--	5	3290	买盘
14:09:45	6.58	--	5	3290	买盘
14:09:42	6.58	--	5	3290	买盘
14:09:36	6.58	--	5	3290	买盘
14:09:30	6.58	--	5	3290	买盘
14:09:27	6.58	--	5	3290	买盘
14:09:21	6.58	--	5	3290	买盘
14:09:18	6.58	--	5	3290	买盘
14:09:12	6.58	--	35	23030	买盘
14:09:06	6.58	--	5	3290	买盘
14:09:00	6.58	--	5	3290	买盘
14:08:54	6.58	--	5	3290	买盘
14:08:48	6.58	--	5	3290	买盘
14:08:42	6.58	--	10	6580	买盘
14:08:36	6.58	--	5	3290	买盘
14:08:30	6.58	--	5	3290	买盘
14:08:24	6.58	--	5	3290	买盘
14:08:18	6.58	--	5	3290	买盘
14:08:09	6.58	0.01	5	3290	买盘
14:08:03	6.57	--	15	9855	买盘
14:07:57	6.57	--	5	3285	买盘
14:07:51	6.57	--	5	3285	买盘
14:07:42	6.57	--	5	3285	买盘
14:07:36	6.57	--	5	3285	买盘
14:07:30	6.57	--	5	3285	买盘
14:07:21	6.57	--	5	3285	买盘
14:07:15	6.57	-0.01	5	3285	中性盘
14:07:09	6.58	--	5	3290	买盘
14:07:00	6.58	--	5	3290	买盘
14:06:54	6.58	--	5	3290	买盘
14:06:45	6.58	--	5	3290	买盘
14:06:39	6.58	--	5	3290	买盘
14:06:33	6.58	0.02	5	3290	买盘
14:06:27	6.56	-0.02	160	104960	卖盘
14:06:24	6.58	0.01	5	3290	买盘
14:06:15	6.57	--	2	1537	买盘
14:06:09	6.57	--	5	3285	买盘
14:06:03	6.57	-0.01	72	47737	卖盘
14:06:00	6.58	0.01	5	3290	买盘
14:05:57	6.57	-0.01	100	65700	卖盘
14:05:54	6.58	--	5	3290	买盘
14:05:51	6.58	--	15	9870	买盘
14:05:45	6.58	--	5	3290	买盘
14:05:39	6.58	--	5	3290	买盘
14:05:30	6.58	0.01	5	3290	买盘
14:05:24	6.57	-0.01	112	73584	卖盘
14:05:21	6.58	--	75	49350	买盘
14:05:15	6.58	--	5	3290	买盘
14:05:06	6.58	--	5	3290	买盘
14:05:00	6.58	--	5	3290	买盘
14:04:51	6.58	--	5	3290	买盘
14:04:45	6.58	--	5	3290	买盘
14:04:36	6.58	--	5	3290	买盘
14:04:30	6.58	--	5	3290	买盘
14:04:27	6.58	--	1	658	买盘
14:04:21	6.58	--	5	3290	买盘
14:04:15	6.58	--	5	3290	买盘
14:04:06	6.58	--	5	3290	买盘
14:04:00	6.58	--	5	3290	买盘
14:03:51	6.58	--	25	16450	买盘
14:03:45	6.58	0.01	5	3290	买盘
14:03:42	6.57	-0.01	37	24309	卖盘
14:03:36	6.58	0.01	5	3290	买盘
14:03:33	6.57	-0.01	50	32850	卖盘
14:03:30	6.58	0.01	5	3290	买盘
14:03:24	6.57	--	230	151110	卖盘
14:03:18	6.57	--	24	15768	卖盘
14:03:12	6.57	--	52	34164	卖盘
14:03:09	6.57	--	12	7884	卖盘
14:03:06	6.57	--	27	17739	卖盘
14:02:48	6.57	--	8	5256	卖盘
14:02:00	6.57	--	8	5256	卖盘
14:01:33	6.57	--	10	6570	卖盘
14:00:51	6.57	-0.01	30	19710	卖盘
14:00:06	6.58	--	30	19740	买盘
13:58:54	6.58	--	6	3948	买盘
13:58:33	6.58	0.01	11	7238	买盘
13:57:42	6.57	-0.01	5	3285	卖盘
13:57:39	6.58	0.01	20	13160	买盘
13:57:18	6.57	-0.01	10	6570	卖盘
13:56:51	6.58	--	10	6580	买盘
13:56:39	6.58	--	1	658	买盘
13:56:30	6.58	--	14	9212	买盘
13:56:03	6.58	0.01	7	4606	买盘
13:55:15	6.57	-0.01	6	3942	卖盘
13:55:00	6.58	--	17	11186	买盘
13:54:30	6.58	--	17	11186	买盘
13:54:03	6.58	--	5	3290	买盘
13:53:54	6.58	0.01	10	6580	买盘
13:53:42	6.57	--	20	13140	卖盘
13:53:18	6.57	-0.01	1	657	卖盘
13:52:15	6.58	0.01	10	6580	买盘
13:52:06	6.57	-0.01	7	4599	卖盘
13:51:42	6.58	0.01	19	12502	买盘
13:50:36	6.57	0.01	112	73807	买盘
13:50:03	6.56	--	1	656	卖盘
13:49:09	6.56	-0.02	9	5904	卖盘
13:48:36	6.58	0.01	59	38822	买盘
13:48:30	6.57	--	0	144	卖盘
13:47:48	6.57	--	187	122859	卖盘
13:47:06	6.57	-0.01	1	657	卖盘
13:46:57	6.58	--	30	19740	买盘
13:45:45	6.58	--	3	1974	买盘
13:45:21	6.58	0.01	105	69090	买盘
13:45:09	6.57	-0.01	78	51246	卖盘
13:44:51	6.58	0.01	1	658	买盘
13:44:24	6.57	--	50	32850	卖盘
13:44:18	6.57	--	1	1169	买盘
13:44:03	6.57	--	20	13140	买盘
13:43:57	6.57	--	40	26280	买盘
13:43:48	6.57	--	20	13140	买盘
13:43:33	6.57	--	20	13140	买盘
13:42:18	6.57	--	4	2772	卖盘
13:42:06	6.57	--	2	1314	卖盘
13:42:00	6.57	--	13	9053	买盘
13:41:54	6.57	--	30	19710	买盘
13:41:09	6.57	--	1	657	买盘
13:40:48	6.57	--	35	23139	卖盘
13:40:30	6.57	--	40	26280	卖盘
13:40:06	6.57	--	50	32850	卖盘
13:38:21	6.57	-0.01	3	1971	卖盘
13:37:15	6.58	0.01	12	7896	买盘
13:37:12	6.57	-0.01	30	19710	卖盘
13:36:27	6.58	-0.01	5	3290	买盘
13:36:03	6.59	0.01	50	32950	买盘
13:35:48	6.58	-0.01	152	100016	卖盘
13:34:06	6.59	0.01	3	1977	买盘
13:33:57	6.58	-0.01	11	7238	卖盘
13:33:39	6.59	--	2	1318	买盘
13:33:30	6.59	0.01	80	52720	买盘
13:33:03	6.58	-0.01	10	6580	卖盘
13:33:00	6.59	0.01	8	5272	买盘
13:32:42	6.58	-0.01	10	6580	卖盘
13:32:21	6.59	--	16	10544	买盘
13:32:00	6.59	0.01	5	3295	买盘
13:31:57	6.58	--	30	19740	卖盘
13:30:36	6.58	--	8	5264	买盘
13:30:30	6.58	--	7	4606	买盘
13:30:24	6.58	--	20	13160	买盘
13:29:51	6.58	-0.01	57	37506	卖盘
13:29:45	6.59	--	46	30314	买盘
13:29:27	6.59	--	20	13180	买盘
13:29:06	6.59	--	23	15157	买盘
13:29:00	6.59	--	26	17134	买盘
13:28:57	6.59	--	20	13180	买盘
13:28:54	6.59	--	10	6590	买盘
13:28:51	6.59	0.01	34	22406	买盘
13:28:30	6.58	--	14	9212	买盘
13:28:27	6.58	0.01	11	7238	中性盘
13:27:57	6.57	-0.01	162	106946	卖盘
13:27:33	6.58	-0.01	20	13160	卖盘
13:27:30	6.59	--	74	48766	卖盘
13:27:27	6.59	--	4	2636	卖盘
13:27:24	6.59	--	72	47448	买盘
13:27:18	6.59	--	14	9226	买盘
13:27:09	6.59	--	14	9226	卖盘
13:26:57	6.59	--	20	13180	卖盘
13:26:45	6.59	--	6	3954	买盘
13:26:24	6.59	--	4	2636	卖盘
13:26:18	6.59	--	1	659	卖盘
13:26:15	6.59	--	10	6590	卖盘
13:26:03	6.59	--	40	26360	卖盘
13:26:00	6.59	--	7	4613	买盘
13:25:39	6.59	-0.01	8	5272	中性盘
13:25:18	6.6	--	20	13200	买盘
13:25:15	6.6	-0.01	1295	854845	卖盘
13:25:12	6.61	--	7	4627	买盘
13:25:06	6.61	--	28	18508	买盘
13:25:00	6.61	--	329	217469	买盘
13:24:57	6.61	0.01	20	13220	买盘
13:24:51	6.6	--	10	6600	卖盘
13:24:36	6.6	0.05	3802	2509834	买盘
13:24:15	6.55	--	1	655	买盘
13:24:12	6.55	--	11	7205	卖盘
13:24:09	6.55	--	5	3275	卖盘
13:24:03	6.55	--	14	9170	买盘
13:23:30	6.55	-0.01	79	51745	卖盘
13:22:54	6.56	--	1	656	买盘
13:22:24	6.56	0.01	25	16400	买盘
13:21:48	6.55	--	300	196500	卖盘
13:21:15	6.55	-0.02	11	7205	卖盘
13:19:54	6.57	--	50	32850	买盘
13:19:42	6.57	--	94	61758	买盘
13:19:24	6.57	0.02	4	2628	买盘
13:19:09	6.55	-0.01	2	1310	卖盘
13:19:06	6.56	0.01	180	118080	买盘
13:19:00	6.55	-0.01	54	35370	卖盘
13:18:51	6.56	0.01	20	13120	买盘
13:18:39	6.55	--	46	30130	卖盘
13:18:09	6.55	--	155	101525	买盘
13:18:00	6.55	--	18	11790	买盘
13:17:36	6.55	--	10	6550	买盘
13:17:33	6.55	--	20	13100	买盘
13:17:15	6.55	--	97	63535	卖盘
13:16:57	6.55	--	1	655	卖盘
13:16:09	6.55	-0.01	36	23580	卖盘
13:15:45	6.56	0.01	104	68224	买盘
13:15:36	6.55	-0.01	27	17685	卖盘
13:15:33	6.56	-0.01	10	6560	卖盘
13:15:27	6.57	--	10	6570	买盘
13:15:12	6.57	0.03	1	657	买盘
13:14:51	6.54	-0.01	200	130800	卖盘
13:14:42	6.55	-0.01	61	39955	卖盘
13:14:39	6.56	0.01	697	457232	买盘
13:14:33	6.55	0.01	357	233835	买盘
13:14:12	6.54	--	16	10464	卖盘
13:14:03	6.54	0.02	189	123606	买盘
13:13:39	6.52	-0.02	500	326000	卖盘
13:12:48	6.54	0.02	3	1962	买盘
13:12:45	6.52	--	5	3260	卖盘
13:12:00	6.52	--	1	652	卖盘
13:11:21	6.52	--	10	6520	卖盘
13:11:06	6.52	0.01	1	652	卖盘
13:09:54	6.51	-0.03	50	32550	卖盘
13:09:51	6.54	0.03	8	5232	买盘
13:07:33	6.51	--	200	130200	卖盘
13:07:03	6.51	-0.02	500	325500	卖盘
13:06:39	6.53	--	10	6530	卖盘
13:06:27	6.53	-0.02	50	32650	卖盘
13:05:51	6.55	--	20	13100	买盘
13:05:24	6.55	-0.01	20	13100	中性盘
13:02:18	6.56	--	10	6560	买盘
13:02:00	6.56	--	61	40016	买盘
13:01:18	6.56	0.02	299	196144	买盘
13:00:15	6.54	0.01	1	654	买盘
13:00:09	6.53	-0.01	10	6530	卖盘
13:00:06	6.54	--	380	248520	买盘
13:00:03	6.54	--	0	0	买盘
11:30:03	6.54	--	0	0	买盘
11:30:00	6.54	0.01	40	26160	买盘
11:29:45	6.53	--	35	22855	卖盘
11:29:00	6.53	-0.01	4	2612	卖盘
11:28:30	6.54	0.01	154	100716	买盘
11:28:18	6.53	--	20	13060	卖盘
11:28:15	6.53	-0.01	16	10448	卖盘
11:27:57	6.54	--	11	7194	买盘
11:27:27	6.54	--	52	34008	卖盘
11:27:03	6.54	--	48	31392	买盘
11:26:51	6.54	0.02	87	56898	买盘
11:26:15	6.52	-0.01	53	34556	卖盘
11:25:45	6.53	--	10	6530	卖盘
11:25:21	6.53	--	20	13060	买盘
11:24:42	6.53	0.01	36	23508	买盘
11:24:33	6.52	-0.01	30	19560	卖盘
11:24:06	6.53	--	99	64647	卖盘
11:23:24	6.53	-0.01	4	2612	卖盘
11:23:21	6.54	--	40	26160	买盘
11:22:12	6.54	0.01	7	4578	买盘
11:21:24	6.53	--	15	9795	卖盘
11:21:00	6.53	0.01	96	62688	买盘
11:20:30	6.52	--	44	28687	卖盘
11:20:15	6.52	--	26	16952	卖盘
11:19:51	6.52	--	2	1304	卖盘
11:19:33	6.52	--	1	652	卖盘
11:18:45	6.52	--	7	4564	卖盘
11:18:15	6.52	--	22	14343	买盘
11:17:45	6.52	0.01	73	47596	买盘
11:17:27	6.51	--	0	182	卖盘
11:17:15	6.51	--	4	2604	买盘
11:16:51	6.51	--	15	9765	买盘
11:16:30	6.51	0.01	3	1953	买盘
11:16:15	6.5	--	75	48750	卖盘
11:15:48	6.5	--	22	14514	买盘
11:15:42	6.5	--	7	4550	买盘
11:15:30	6.5	--	1	650	买盘
11:15:27	6.5	--	9	6285	卖盘
11:15:24	6.5	--	0	214	买盘
11:15:15	6.5	--	40	26000	买盘
11:15:09	6.5	--	56	36400	买盘
11:15:00	6.5	--	10	6500	买盘
11:14:57	6.5	0.01	10	6500	买盘
11:14:54	6.49	-0.01	2	1298	卖盘
11:14:51	6.5	--	49	31850	买盘
11:14:48	6.5	--	6	3900	买盘
11:14:45	6.5	--	12	7800	买盘
11:14:24	6.5	--	165	107250	买盘
11:14:09	6.5	--	59	38350	买盘
11:13:51	6.5	0.01	130	84500	买盘
11:13:30	6.49	--	0	629	卖盘
11:13:24	6.49	0.01	2	1298	中性盘
11:13:00	6.48	--	0	589	卖盘
11:12:51	6.48	--	3	1944	卖盘
11:12:21	6.48	-0.02	20	12960	卖盘
11:12:00	6.5	--	11	7150	买盘
11:11:45	6.5	0.02	152	98800	买盘
11:11:42	6.48	--	1	648	卖盘
11:11:03	6.48	-0.02	0	64	卖盘
11:11:00	6.5	0.02	3	1950	买盘
11:10:36	6.48	--	4	2592	买盘
11:10:33	6.48	--	75	48600	买盘
11:10:30	6.48	--	130	84240	买盘
11:10:27	6.48	0.01	52	33696	买盘
11:10:24	6.47	-0.01	30	19410	卖盘
11:10:12	6.48	0.01	40	25920	买盘
11:09:57	6.47	0.01	7	4529	中性盘
11:09:48	6.46	-0.02	100	64600	卖盘
11:09:45	6.48	0.01	100	64800	买盘
11:09:42	6.47	-0.01	86	55642	卖盘
11:09:30	6.48	--	10	6480	买盘
11:09:27	6.48	--	52	33696	买盘
11:09:18	6.48	--	650	421200	买盘
11:09:12	6.48	--	10	6480	买盘
11:09:00	6.48	--	35	22680	卖盘
11:08:54	6.48	--	20	12960	卖盘
11:08:36	6.48	--	17	11016	买盘
11:08:33	6.48	--	33	21384	卖盘
11:08:21	6.48	-0.01	650	421200	卖盘
11:08:15	6.49	--	304	197296	卖盘
11:07:48	6.49	-0.01	5	3245	卖盘
11:07:39	6.5	--	10	6500	买盘
11:07:36	6.5	-0.01	31	20702	卖盘
11:07:24	6.51	0.01	2	1302	卖盘
11:07:21	6.5	-0.01	400	260000	卖盘
11:07:06	6.51	0.01	87	56637	买盘
11:07:03	6.5	-0.01	5	3250	卖盘
11:06:42	6.51	--	176	114576	卖盘
11:06:12	6.51	--	200	130200	卖盘
11:05:27	6.51	--	40	26040	卖盘
11:05:12	6.51	--	6	3906	卖盘
11:04:30	6.51	-0.01	10	6510	卖盘
11:04:12	6.52	0.01	20	13040	买盘
11:04:06	6.51	--	3	1953	卖盘
11:04:00	6.51	--	24	15624	买盘
11:03:57	6.51	--	100	65100	买盘
11:03:48	6.51	--	50	32550	买盘
11:03:42	6.51	--	50	32550	买盘
11:03:36	6.51	--	72	46872	买盘
11:03:33	6.51	0.01	30	19530	买盘
11:03:24	6.5	-0.01	50	32500	卖盘
11:03:21	6.51	--	26	16926	买盘
11:03:18	6.51	--	20	13020	买盘
11:03:09	6.51	0.01	153	99603	买盘
11:03:03	6.5	--	27	17550	卖盘
11:02:51	6.5	--	68	44200	卖盘
11:02:45	6.5	-0.01	3	1950	卖盘
11:02:42	6.51	0.01	10	6510	买盘
11:02:33	6.5	--	161	104650	卖盘
11:02:18	6.5	-0.01	3	1950	卖盘
11:02:03	6.51	--	3	1953	买盘
11:02:00	6.51	--	20	13020	买盘
11:01:54	6.51	--	5	3255	买盘
11:01:51	6.51	-0.01	58	37758	中性盘
11:01:36	6.52	0.01	540	352080	买盘
11:01:24	6.51	--	50	32550	卖盘
11:01:21	6.51	0.01	57	37204	买盘
11:01:15	6.5	-0.01	105	68250	卖盘
11:01:12	6.51	0.01	5	3255	买盘
11:01:09	6.5	-0.01	2	1300	卖盘
11:01:03	6.51	--	31	20181	买盘
11:00:57	6.51	--	5	3255	买盘
11:00:54	6.51	-0.01	138	90391	卖盘
11:00:48	6.52	0.01	30	19560	买盘
11:00:39	6.51	-0.01	10	6510	卖盘
11:00:36	6.52	--	50	32599	买盘
11:00:30	6.52	--	50	32599	买盘
10:59:03	6.52	0.01	7	4564	买盘
10:58:57	6.51	-0.01	60	39060	卖盘
10:58:51	6.52	--	1	652	买盘
10:58:48	6.52	--	12	7823	买盘
10:58:30	6.52	0.01	10	6520	买盘
10:58:21	6.51	--	92	59989	买盘
10:58:15	6.51	0.01	6	3906	买盘
10:58:12	6.5	-0.01	23	14950	卖盘
10:58:00	6.51	--	104	68257	卖盘
10:57:57	6.51	--	2	1302	卖盘
10:57:42	6.51	-0.01	151	98398	卖盘
10:57:33	6.52	0.01	10	6520	买盘
10:57:24	6.51	-0.01	395	257145	卖盘
10:57:15	6.52	--	5	3260	买盘
10:56:51	6.52	0.01	7	4564	买盘
10:56:45	6.51	-0.01	27	17577	卖盘
10:56:33	6.52	--	10	6520	买盘
10:56:21	6.52	--	10	6520	买盘
10:56:12	6.52	--	50	32599	买盘
10:56:09	6.52	-0.01	234	152568	卖盘
10:55:42	6.53	--	20	13060	买盘
10:55:36	6.53	--	17	11101	卖盘
10:55:15	6.53	--	13	8489	买盘
10:55:00	6.53	0.01	5	3265	买盘
10:54:57	6.52	--	1	652	卖盘
10:54:51	6.52	0.01	300	195600	中性盘
10:54:27	6.51	-0.01	8	5208	卖盘
10:54:15	6.52	--	21	13692	买盘
10:54:12	6.52	--	79	51508	卖盘
10:53:45	6.52	-0.01	200	130399	卖盘
10:53:42	6.53	-0.01	100	65300	卖盘
10:53:18	6.54	0.01	16	10464	买盘
10:53:00	6.53	--	150	97950	卖盘
10:52:48	6.53	-0.01	2	1306	卖盘
10:52:24	6.54	--	6	3924	卖盘
10:52:15	6.54	0.01	20	13080	中性盘
10:51:54	6.53	-0.01	27	17631	卖盘
10:51:51	6.54	--	6	3924	买盘
10:51:45	6.54	0.01	2	1308	买盘
10:51:42	6.53	-0.01	1	653	卖盘
10:51:24	6.54	--	11	7194	买盘
10:51:15	6.54	--	2	1308	买盘
10:50:42	6.54	--	2	1308	买盘
10:50:36	6.54	--	1	654	买盘
10:50:12	6.54	--	2	1308	买盘
10:50:00	6.54	--	10	6540	卖盘
10:49:12	6.54	-0.01	32	20928	卖盘
10:48:42	6.55	--	3	1965	买盘
10:48:39	6.55	--	4	2620	买盘
10:48:36	6.55	--	9	5895	买盘
10:48:30	6.55	0.01	18	11790	买盘
10:48:21	6.54	-0.01	10	6540	卖盘
10:48:18	6.55	--	35	22925	买盘
10:47:24	6.55	0.01	35	22925	买盘
10:47:15	6.54	0.01	159	103986	买盘
10:46:45	6.53	0.01	50	32650	买盘
10:46:36	6.52	-0.01	350	228199	卖盘
10:46:33	6.53	--	27	17631	买盘
10:46:24	6.53	--	27	17631	买盘
10:46:15	6.53	-0.02	246	160638	卖盘
10:46:12	6.55	0.02	45	29475	买盘
10:46:09	6.53	--	8	5224	卖盘
10:46:00	6.53	--	4	2612	卖盘
10:45:27	6.53	-0.01	1	653	卖盘
10:45:15	6.54	0.01	45	29430	买盘
10:45:06	6.53	--	10	6530	卖盘
10:44:21	6.53	-0.01	40	26120	卖盘
10:44:15	6.54	0.01	39	25506	买盘
10:44:12	6.53	--	40	26120	卖盘
10:44:09	6.53	--	18	11754	卖盘
10:44:03	6.53	-0.01	3	1959	卖盘
10:43:42	6.54	0.01	10	6540	买盘
10:43:36	6.53	-0.01	1000	653000	卖盘
10:43:30	6.54	--	43	28122	买盘
10:43:21	6.54	--	83	54282	买盘
10:43:03	6.54	-0.01	197	128838	卖盘
10:42:45	6.55	--	28	18340	买盘
10:42:36	6.55	--	1	655	买盘
10:42:15	6.55	--	33	21615	买盘
10:42:06	6.55	--	1	655	买盘
10:41:39	6.55	--	37	24235	买盘
10:41:27	6.55	--	1	655	买盘
10:41:06	6.55	--	1	655	买盘
10:40:57	6.55	--	1	655	买盘
10:40:54	6.55	--	36	23580	买盘
10:40:42	6.55	--	25	16375	买盘
10:40:27	6.55	0.02	1	655	买盘
10:40:15	6.53	--	106	69218	卖盘
10:40:12	6.53	--	115	75095	买盘
10:40:00	6.53	--	50	32650	买盘
10:39:45	6.53	--	30	19590	买盘
10:39:42	6.53	--	29	18937	买盘
10:39:36	6.53	--	1	653	买盘
10:39:33	6.53	--	20	13060	买盘
10:39:27	6.53	--	25	16325	买盘
10:39:24	6.53	--	40	26120	买盘
10:39:21	6.53	--	1	653	买盘
10:39:18	6.53	--	49	31997	买盘
10:39:15	6.53	--	40	26120	买盘
10:39:12	6.53	--	49	31997	买盘
10:39:09	6.53	--	54	35262	买盘
10:39:06	6.53	--	59	38527	买盘
10:38:54	6.53	-0.02	487	318011	卖盘
10:38:42	6.55	0.01	10	6550	买盘
10:38:33	6.54	-0.01	10	6540	卖盘
10:38:24	6.55	--	43	28165	买盘
10:38:18	6.55	--	19	12445	买盘
10:38:15	6.55	--	67	43885	买盘
10:38:12	6.55	--	40	26200	买盘
10:38:09	6.55	--	19	12445	买盘
10:38:03	6.55	--	240	157200	买盘
10:37:57	6.55	--	10	6550	中性盘
10:37:36	6.55	0.01	3	1965	买盘
10:37:18	6.54	--	10	6540	卖盘
10:37:15	6.54	-0.01	16	10464	卖盘
10:36:57	6.55	--	24	15720	买盘
10:36:48	6.55	--	54	35370	买盘
10:36:42	6.55	--	50	32750	买盘
10:36:39	6.55	-0.01	117	76635	卖盘
10:36:33	6.56	--	19	12464	买盘
10:36:30	6.56	--	73	47888	买盘
10:36:21	6.56	0.01	21	13776	买盘
10:36:18	6.55	--	261	170955	买盘
10:36:09	6.55	0.01	15	9825	买盘
10:34:30	6.54	-0.01	6	3924	卖盘
10:33:30	6.55	--	21	13755	买盘
10:33:21	6.55	--	25	16375	买盘
10:33:12	6.55	--	67	43885	买盘
10:33:06	6.55	--	2	1310	买盘
10:33:03	6.55	-0.01	174	113970	卖盘
10:32:42	6.56	--	6	3935	买盘
10:32:18	6.56	--	5	3280	买盘
10:32:06	6.56	0.01	30	19680	买盘
10:31:54	6.55	--	78	51090	卖盘
10:31:48	6.55	--	2	1310	卖盘
10:31:45	6.55	-0.01	20	13100	中性盘
10:31:27	6.56	--	1	656	买盘
10:31:24	6.56	0.02	24	15743	买盘
10:31:18	6.54	-0.02	20	13080	卖盘
10:31:15	6.56	0.01	67	43952	买盘
10:31:12	6.55	--	2	1310	卖盘
10:31:03	6.55	--	183	119865	买盘
10:30:48	6.55	--	23	15065	买盘
10:30:39	6.55	0.01	26	17030	买盘
10:30:27	6.54	--	2	1308	卖盘
10:30:15	6.54	--	10	6540	卖盘
10:29:57	6.54	--	2	1308	卖盘
10:29:48	6.54	-0.01	6	3924	卖盘
10:29:42	6.55	0.01	22	14410	买盘
10:29:33	6.54	--	30	19620	卖盘
10:28:54	6.54	--	2	1308	卖盘
10:28:42	6.54	-0.01	10	6540	卖盘
10:28:39	6.55	--	3	1965	买盘
10:28:18	6.55	--	48	31440	买盘
10:28:09	6.55	--	95	62225	卖盘
10:27:54	6.55	-0.01	2	1310	卖盘
10:27:33	6.56	0.01	15	9840	买盘
10:27:24	6.55	--	2	1310	卖盘
10:26:57	6.55	--	10	6550	卖盘
10:26:36	6.55	-0.01	5	3275	卖盘
10:26:30	6.56	0.01	12	7871	买盘
10:26:18	6.55	-0.01	2	1310	卖盘
10:26:03	6.56	--	23	15088	买盘
10:25:51	6.56	--	31	20336	买盘
10:25:45	6.56	--	3	1967	买盘
10:25:36	6.56	0.01	10	6560	买盘
10:25:30	6.55	-0.02	2	1310	卖盘
10:25:06	6.57	0.01	21	13797	买盘
10:24:54	6.56	0.01	57	37392	买盘
10:24:51	6.55	--	3	1965	买盘
10:24:45	6.55	--	149	97595	卖盘
10:24:33	6.55	--	2	1310	卖盘
10:24:30	6.55	-0.01	5	3275	卖盘
10:24:21	6.56	0.01	21	13776	买盘
10:24:09	6.55	--	31	20305	卖盘
10:23:42	6.55	-0.01	2	1310	卖盘
10:23:30	6.56	0.01	1	656	买盘
10:22:48	6.55	--	2	1310	卖盘
10:22:27	6.55	-0.01	6	3930	卖盘
10:22:09	6.56	--	25	16400	买盘
10:22:00	6.56	0.01	30	19680	买盘
10:21:54	6.55	--	9	5895	卖盘
10:21:48	6.55	--	7	4585	卖盘
10:21:18	6.55	--	3	1965	卖盘
10:21:03	6.55	-0.02	2	1310	卖盘
10:20:27	6.57	--	1	657	买盘
10:20:06	6.57	--	15	9855	买盘
10:19:54	6.57	0.03	25	16425	买盘
10:19:48	6.54	-0.01	30	19620	卖盘
10:19:42	6.55	--	53	34715	买盘
10:19:36	6.55	-0.02	8	5240	中性盘
10:18:48	6.57	0.03	59	38763	买盘
10:18:18	6.54	--	2	1308	卖盘
10:18:15	6.54	--	40	26160	卖盘
10:18:09	6.54	--	202	132108	买盘
10:17:48	6.54	--	28	18312	买盘
10:17:45	6.54	--	10	6540	买盘
10:17:39	6.54	0.01	15	9810	买盘
10:17:33	6.53	-0.01	2	1306	卖盘
10:17:27	6.54	--	39	25506	买盘
10:17:21	6.54	--	10	6540	买盘
10:17:18	6.54	--	1	654	买盘
10:17:00	6.54	0.01	27	17658	买盘
10:16:45	6.53	-0.01	2	1306	卖盘
10:16:42	6.54	-0.03	178	116412	卖盘
10:16:33	6.57	0.02	52	34164	买盘
10:16:18	6.55	--	20	13100	卖盘
10:15:48	6.55	-0.02	2	1310	中性盘
10:15:15	6.57	0.02	79	51903	买盘
10:14:57	6.55	-0.02	3	1965	卖盘
10:14:51	6.57	0.01	20	13140	买盘
10:14:18	6.56	0.01	62	40672	买盘
10:14:09	6.55	--	9	5895	卖盘
10:14:00	6.55	--	2	1310	卖盘
10:13:57	6.55	0.01	2	1310	买盘
10:13:42	6.54	--	16	10464	卖盘
10:13:24	6.54	--	21	13734	卖盘
10:13:00	6.54	--	2	1308	卖盘
10:12:54	6.54	--	5	3270	卖盘
10:11:54	6.54	-0.01	2	1308	卖盘
10:11:51	6.55	0.01	11	7205	买盘
10:11:27	6.54	--	48	31392	买盘
10:11:24	6.54	0.01	59	38586	买盘
10:11:00	6.53	-0.01	3	1959	卖盘
10:10:57	6.54	0.01	50	32700	买盘
10:10:48	6.53	-0.01	3	1959	卖盘
10:10:18	6.54	0.01	5	3270	买盘
10:10:09	6.53	--	2	1306	卖盘
10:09:57	6.53	--	15	9795	买盘
10:09:36	6.53	0.01	25	16325	买盘
10:09:15	6.52	-0.01	2	1304	卖盘
10:09:12	6.53	0.01	22	14366	买盘
10:09:06	6.52	-0.01	12	7823	卖盘
10:08:51	6.53	0.01	39	25467	卖盘
10:08:45	6.52	--	50	32599	卖盘
10:08:12	6.52	-0.03	501	326652	卖盘
10:07:45	6.55	0.02	56	36680	买盘
10:07:42	6.53	-0.01	10	6530	卖盘
10:07:33	6.54	0.01	5	3270	买盘
10:07:27	6.53	--	2	1306	卖盘
10:07:15	6.53	--	16	10448	卖盘
10:07:09	6.53	-0.01	7	4571	卖盘
10:07:00	6.54	0.01	10	6540	买盘
10:06:39	6.53	-0.01	2	1306	卖盘
10:06:33	6.54	--	281	183774	卖盘
10:06:30	6.54	-0.01	7	4578	卖盘
10:06:21	6.55	--	467	305885	卖盘
10:06:18	6.55	--	2	1310	卖盘
10:06:12	6.55	--	11	7205	卖盘
10:05:57	6.55	--	50	32750	卖盘
10:05:48	6.55	-0.01	2	1310	卖盘
10:05:42	6.56	--	19	12464	买盘
10:05:12	6.56	--	55	36080	卖盘
10:04:54	6.56	-0.01	2	1312	卖盘
10:04:45	6.57	0.02	2	1314	买盘
10:04:03	6.55	--	2	1310	卖盘
10:03:45	6.55	-0.02	5	3275	卖盘
10:03:33	6.57	0.02	18	11826	买盘
10:03:09	6.55	-0.02	26	17030	卖盘
10:03:06	6.57	--	36	23652	卖盘
10:02:54	6.57	--	7	4599	卖盘
10:02:51	6.57	--	50	32850	卖盘
10:02:48	6.57	--	20	13140	卖盘
10:02:45	6.57	--	100	65700	卖盘
10:02:18	6.57	-0.01	33	21681	卖盘
10:02:00	6.58	--	20	13160	买盘
10:01:51	6.58	--	4	2632	买盘
10:01:24	6.58	0.01	5	3290	买盘
10:00:51	6.57	-0.01	3	1971	卖盘
10:00:45	6.58	0.01	8	5264	买盘
10:00:39	6.57	--	4	2628	卖盘
10:00:30	6.57	-0.01	2	1314	中性盘
09:59:57	6.58	0.03	9	5922	买盘
09:59:30	6.55	-0.02	104	68120	卖盘
09:59:09	6.57	--	62	40734	卖盘
09:58:42	6.57	0.01	38	24966	买盘
09:58:27	6.56	--	2	1312	买盘
09:58:03	6.56	--	10	6560	买盘
09:57:36	6.56	0.01	4	2624	中性盘
09:57:09	6.55	--	67	43885	卖盘
09:57:00	6.55	-0.01	101	66155	卖盘
09:56:54	6.56	-0.01	80	52480	卖盘
09:56:39	6.57	0.01	4	2628	买盘
09:55:39	6.56	--	13	8528	卖盘
09:55:30	6.56	--	100	65600	卖盘
09:55:24	6.56	--	23	15088	卖盘
09:55:03	6.56	--	100	65600	卖盘
09:54:36	6.56	--	30	19680	卖盘
09:54:24	6.56	--	13	8528	卖盘
09:54:18	6.56	--	90	59040	卖盘
09:53:57	6.56	-0.01	3	1967	卖盘
09:53:54	6.57	0.01	2	1314	买盘
09:53:48	6.56	--	3	1967	卖盘
09:53:45	6.56	--	1	656	卖盘
09:53:42	6.56	--	5	3280	卖盘
09:53:39	6.56	-0.01	75	49200	卖盘
09:53:30	6.57	--	20	13140	买盘
09:53:12	6.57	0.01	5	3285	买盘
09:52:06	6.56	-0.01	100	65600	卖盘
09:51:48	6.57	--	7	4599	买盘
09:51:33	6.57	--	80	52560	卖盘
09:50:57	6.57	--	50	32850	买盘
09:50:54	6.57	--	10	6570	买盘
09:50:48	6.57	--	140	91980	卖盘
09:50:45	6.57	--	20	13140	卖盘
09:50:18	6.57	-0.01	5	3285	卖盘
09:50:15	6.58	0.01	20	13160	买盘
09:50:06	6.57	--	18	11826	卖盘
09:50:00	6.57	-0.01	6	3942	卖盘
09:49:18	6.58	--	14	9212	卖盘
09:49:15	6.58	--	5	3290	买盘
09:48:48	6.58	-0.01	213	140154	卖盘
09:48:36	6.59	--	50	32950	买盘
09:48:00	6.59	0.01	159	104781	中性盘
09:47:06	6.58	-0.02	179	117782	卖盘
09:47:00	6.6	0.02	17	11220	买盘
09:46:54	6.58	-0.01	30	19740	卖盘
09:46:30	6.59	-0.01	29	19111	卖盘
09:46:21	6.6	0.01	5	3300	买盘
09:46:18	6.59	--	25	16475	卖盘
09:46:15	6.59	--	1	659	卖盘
09:46:06	6.59	--	93	61287	买盘
09:46:03	6.59	--	7	4613	买盘
09:46:00	6.59	--	45	29655	买盘
09:45:36	6.59	-0.01	11	7249	卖盘
09:45:24	6.6	0.01	52	34320	买盘
09:45:15	6.59	--	10	6590	买盘
09:44:51	6.59	--	10	6590	买盘
09:44:39	6.59	-0.01	2	1318	卖盘
09:44:30	6.6	0.01	1	660	买盘
09:44:24	6.59	-0.01	1	659	中性盘
09:44:18	6.6	0.01	35	23100	买盘
09:44:15	6.59	--	52	34268	买盘
09:44:12	6.59	-0.01	47	30973	卖盘
09:44:03	6.6	--	15	9900	买盘
09:44:00	6.6	-0.01	20	13200	卖盘
09:43:54	6.61	--	20	13220	买盘
09:43:48	6.61	0.01	28	18508	买盘
09:43:36	6.6	-0.01	10	6600	卖盘
09:43:33	6.61	--	17	11237	买盘
09:43:30	6.61	0.02	34	22474	买盘
09:43:27	6.59	-0.02	76	50084	卖盘
09:43:24	6.61	--	52	34372	买盘
09:43:15	6.61	-0.01	100	66100	中性盘
09:43:06	6.62	0.01	215	142330	买盘
09:43:03	6.61	--	170	112370	卖盘
09:43:00	6.61	--	10	6610	卖盘
09:42:57	6.61	0.02	120	79320	买盘
09:42:51	6.59	-0.02	53	34927	卖盘
09:42:48	6.61	--	20	13220	买盘
09:42:45	6.61	0.01	12	7932	买盘
09:42:27	6.6	-0.01	23	15180	卖盘
09:42:24	6.61	0.01	39	25779	买盘
09:42:15	6.6	--	5	3300	买盘
09:42:12	6.6	--	28	18480	买盘
09:41:54	6.6	--	10	6600	买盘
09:41:42	6.6	--	2	1320	买盘
09:41:27	6.6	0.01	683	450780	买盘
09:41:24	6.59	--	27	17793	买盘
09:41:21	6.59	--	47	30973	卖盘
09:41:09	6.59	--	53	34927	买盘
09:40:48	6.59	0.01	50	32950	买盘
09:40:36	6.58	--	12	7896	中性盘
09:40:15	6.58	--	131	86198	买盘
09:40:09	6.58	0.01	72	47376	买盘
09:40:06	6.57	--	11	7227	买盘
09:39:57	6.57	0.01	40	26280	买盘
09:39:24	6.56	0.01	266	174496	买盘
09:38:12	6.55	--	41	26855	买盘
09:38:03	6.55	--	9	5895	买盘
09:37:54	6.55	--	12	7860	卖盘
09:37:33	6.55	0.01	3	1965	中性盘
09:37:18	6.54	-0.01	10	6540	卖盘
09:37:12	6.55	--	22	14410	中性盘
09:36:48	6.55	--	30	19650	卖盘
09:36:24	6.55	--	10	6550	买盘
09:36:15	6.55	--	1	655	买盘
09:35:51	6.55	0.01	5	3275	买盘
09:35:36	6.54	--	29	18966	买盘
09:35:09	6.54	0.01	11	7194	买盘
09:34:57	6.53	--	78	50934	卖盘
09:34:54	6.53	-0.01	20	13060	卖盘
09:34:45	6.54	0.01	10	6540	买盘
09:34:42	6.53	-0.01	108	70524	卖盘
09:34:30	6.54	0.01	9	5886	中性盘
09:34:21	6.53	-0.01	90	58770	卖盘
09:34:09	6.54	-0.01	14	9156	卖盘
09:34:06	6.55	--	19	12445	买盘
09:34:03	6.55	0.01	29	18995	买盘
09:33:57	6.54	--	4	2616	买盘
09:33:51	6.54	-0.01	13	8502	卖盘
09:33:48	6.55	0.01	1	655	买盘
09:33:33	6.54	--	1	654	卖盘
09:33:27	6.54	--	19	12426	买盘
09:33:21	6.54	--	10	6540	买盘
09:33:18	6.54	0.01	1	654	买盘
09:33:15	6.53	0.01	51	33303	中性盘
09:33:00	6.52	--	20	13040	卖盘
09:32:57	6.52	-0.03	20	13040	卖盘
09:32:54	6.55	0.02	142	93010	买盘
09:32:51	6.53	--	105	68565	买盘
09:32:48	6.53	--	1	653	买盘
09:32:45	6.53	--	5	3265	买盘
09:32:27	6.53	-0.01	200	130600	卖盘
09:32:21	6.54	--	15	9810	买盘
09:32:12	6.54	--	1	654	买盘
09:32:03	6.54	--	11	7194	买盘
09:31:54	6.54	-0.01	23	15042	卖盘
09:31:09	6.55	--	85	55675	卖盘
09:30:57	6.55	-0.01	28	18340	卖盘
09:30:54	6.56	0.01	52	34112	买盘
09:30:48	6.55	--	47	30785	买盘
09:30:45	6.55	--	76	49780	卖盘
09:30:36	6.55	--	15	9825	买盘
09:30:12	6.55	0.01	3	1965	买盘
09:30:09	6.54	-0.01	11	7194	卖盘
09:30:06	6.55	--	23	15065	买盘
09:30:03	6.55	--	0	0	买盘
09:25:03	6.55	6.55	18	11790	买盘
