成交时间	成交价	价格变动	成交量(手)	成交额(元)	性质
15:00:03	11.05	--	2508	2771583	买盘
14:57:03	11.05	0.01	346	382330	买盘
14:57:00	11.04	--	45	49679	卖盘
14:56:57	11.04	--	36	39744	卖盘
14:56:54	11.04	--	61	67344	卖盘
14:56:51	11.04	-0.01	160	176640	卖盘
14:56:45	11.05	0.01	31	34255	买盘
14:56:42	11.04	-0.01	65	71760	卖盘
14:56:39	11.05	--	108	119340	买盘
14:56:36	11.05	0.01	60	66300	买盘
14:56:33	11.04	--	15	16560	卖盘
14:56:30	11.04	-0.01	5	5520	卖盘
14:56:27	11.05	--	38	41990	买盘
14:56:24	11.05	--	35	38675	买盘
14:56:21	11.05	0.01	68	75140	买盘
14:56:18	11.04	-0.01	42	46368	卖盘
14:56:15	11.05	--	259	286195	买盘
14:56:12	11.05	--	70	77350	买盘
14:56:09	11.05	-0.01	2	2210	中性盘
14:56:06	11.06	0.01	115	127190	买盘
14:56:03	11.05	--	93	102765	买盘
14:56:00	11.05	-0.01	404	446420	卖盘
14:55:54	11.06	0.01	37	40922	买盘
14:55:51	11.05	--	25	27625	卖盘
14:55:48	11.05	-0.01	90	99450	卖盘
14:55:45	11.06	--	3	3318	买盘
14:55:42	11.06	--	34	37604	买盘
14:55:39	11.06	--	4	4424	买盘
14:55:36	11.06	0.01	67	74102	买盘
14:55:30	11.05	--	28	30940	卖盘
14:55:24	11.05	-0.01	32	35360	卖盘
14:55:21	11.06	--	1	1106	买盘
14:55:18	11.06	--	10	11060	买盘
14:55:15	11.06	0.01	110	121660	买盘
14:55:09	11.05	-0.02	110	121550	卖盘
14:55:03	11.07	0.01	92	102862	买盘
14:54:57	11.06	-0.01	1	1106	卖盘
14:54:54	11.07	--	8	8856	卖盘
14:54:51	11.07	0.02	38	42066	中性盘
14:54:48	11.05	--	59	65283	买盘
14:54:45	11.05	-0.03	1988	2197756	卖盘
14:54:42	11.08	0.01	2	2216	买盘
14:54:39	11.07	--	5	5535	卖盘
14:54:36	11.07	--	56	61992	买盘
14:54:33	11.07	--	73	80811	买盘
14:54:30	11.07	--	6	6642	买盘
14:54:27	11.07	--	1	1107	买盘
14:54:24	11.07	0.01	26	28782	买盘
14:54:21	11.06	-0.01	50	55300	卖盘
14:54:18	11.07	-0.01	48	53136	卖盘
14:54:15	11.08	--	13	14404	卖盘
14:54:12	11.08	0.02	20	22160	中性盘
14:54:09	11.06	-0.03	303	335118	卖盘
14:54:03	11.09	0.02	103	114227	买盘
14:54:00	11.07	-0.01	1034	1144638	卖盘
14:53:57	11.08	0.01	50	55400	买盘
14:53:54	11.07	--	3	3321	卖盘
14:53:51	11.07	--	300	332100	卖盘
14:53:48	11.07	--	19	21033	卖盘
14:53:45	11.07	--	24	26568	卖盘
14:53:42	11.07	--	132	146124	卖盘
14:53:39	11.07	--	1321	1462347	买盘
14:53:36	11.07	0.01	300	332100	买盘
14:53:33	11.06	--	105	116130	卖盘
14:53:30	11.06	--	123	136038	卖盘
14:53:27	11.06	--	18	19908	卖盘
14:53:24	11.06	--	70	77420	卖盘
14:53:18	11.06	--	249	275482	买盘
14:53:15	11.06	--	552	610512	买盘
14:53:12	11.06	--	10	11060	买盘
14:53:09	11.06	--	1079	1193374	买盘
14:53:06	11.06	--	1	1106	买盘
14:53:03	11.06	--	13	14378	买盘
14:53:00	11.06	0.01	2	2212	买盘
14:52:57	11.05	-0.01	11	12155	卖盘
14:52:54	11.06	0.01	26	28756	买盘
14:52:51	11.05	--	103	113815	卖盘
14:52:48	11.05	--	81	89505	买盘
14:52:45	11.05	--	33	36465	买盘
14:52:42	11.05	--	6	6630	买盘
14:52:39	11.05	--	47	51935	卖盘
14:52:36	11.05	--	9	9945	卖盘
14:52:33	11.05	--	60	66300	卖盘
14:52:30	11.05	--	63	69615	卖盘
14:52:27	11.05	--	41	45305	卖盘
14:52:21	11.05	--	1	1105	卖盘
14:52:15	11.05	0.02	797	880685	买盘
14:52:12	11.03	-0.01	56	61768	卖盘
14:52:09	11.04	0.01	2	2208	中性盘
14:52:06	11.03	--	130	143390	卖盘
14:52:03	11.03	--	36	39708	卖盘
14:52:00	11.03	-0.01	344	379432	卖盘
14:51:57	11.04	--	13	14351	买盘
14:51:54	11.04	-0.01	7	7727	中性盘
14:51:51	11.05	0.02	1000	1105000	买盘
14:51:48	11.03	-0.01	34	37502	卖盘
14:51:45	11.04	--	1	1104	买盘
14:51:42	11.04	--	22	24287	买盘
14:51:39	11.04	0.01	10	11040	中性盘
14:51:36	11.03	-0.01	210	231630	卖盘
14:51:33	11.04	--	28	30911	买盘
14:51:27	11.04	--	220	242879	卖盘
14:51:24	11.04	-0.01	22	24287	卖盘
14:51:18	11.05	0.01	340	375700	买盘
14:51:15	11.04	-0.01	61	67344	卖盘
14:51:12	11.05	0.01	4	4420	买盘
14:51:09	11.04	-0.01	54	59615	中性盘
14:51:03	11.05	0.02	2	2210	买盘
14:51:00	11.03	-0.01	103	113609	卖盘
14:50:57	11.04	--	123	135792	卖盘
14:50:54	11.04	-0.01	202	223935	卖盘
14:50:51	11.05	0.01	80	88400	买盘
14:50:48	11.04	0.01	79	87216	买盘
14:50:45	11.03	--	32	35296	卖盘
14:50:42	11.03	--	21	23163	卖盘
14:50:36	11.03	0.01	10	11030	中性盘
14:50:30	11.02	-0.01	17	18734	卖盘
14:50:24	11.03	--	38	41914	买盘
14:50:21	11.03	--	9	9927	买盘
14:50:18	11.03	-0.01	647	713641	卖盘
14:50:15	11.04	--	20	22080	卖盘
14:50:09	11.04	0.01	18	19872	买盘
14:50:06	11.03	--	20	22060	卖盘
14:50:03	11.03	-0.01	9	9927	卖盘
14:50:00	11.04	--	2	2208	买盘
14:49:57	11.04	--	43	47471	买盘
14:49:54	11.04	--	203	224111	买盘
14:49:51	11.04	--	17	18768	买盘
14:49:48	11.04	0.01	70	77280	买盘
14:49:45	11.03	-0.01	100	110300	卖盘
14:49:42	11.04	--	8	8832	买盘
14:49:39	11.04	--	126	139104	买盘
14:49:33	11.04	--	1	1104	买盘
14:49:27	11.04	0.01	161	177744	买盘
14:49:21	11.03	-0.01	44	48532	卖盘
14:49:18	11.04	--	22	24287	买盘
14:49:12	11.04	0.01	80	88320	买盘
14:49:03	11.03	0.01	434	478702	买盘
14:49:00	11.02	--	95	104690	卖盘
14:48:51	11.02	-0.01	106	117858	卖盘
14:48:48	11.03	--	50	55150	买盘
14:48:45	11.03	--	5	5515	买盘
14:48:42	11.03	--	56	61768	买盘
14:48:39	11.03	0.01	175	193025	买盘
14:48:36	11.02	-0.01	62	68324	卖盘
14:48:33	11.03	--	30	33090	买盘
14:48:27	11.03	0.01	87	95961	买盘
14:48:24	11.02	--	30	33060	卖盘
14:48:15	11.02	--	151	166402	卖盘
14:48:09	11.02	-0.01	17	19791	卖盘
14:48:06	11.03	--	5	5515	买盘
14:48:03	11.03	0.01	60	66180	买盘
14:47:57	11.02	-0.01	6	6612	卖盘
14:47:54	11.03	--	104	114712	买盘
14:47:51	11.03	0.01	256	283382	买盘
14:47:48	11.02	--	90	99180	卖盘
14:47:45	11.02	-0.01	29	31958	卖盘
14:47:39	11.03	0.01	50	55150	买盘
14:47:36	11.02	--	51	56202	卖盘
14:47:33	11.02	--	110	121220	卖盘
14:47:30	11.02	--	154	169708	卖盘
14:47:27	11.02	-0.01	50	55100	卖盘
14:47:24	11.03	0.01	18	19854	买盘
14:47:21	11.02	-0.01	115	126730	卖盘
14:47:15	11.03	0.01	11	12133	买盘
14:47:12	11.02	-0.01	60	66120	卖盘
14:47:09	11.03	0.01	10	11030	买盘
14:47:06	11.02	--	7	7714	卖盘
14:47:00	11.02	-0.01	80	88160	卖盘
14:46:57	11.03	0.01	17	18751	买盘
14:46:54	11.02	--	1	1102	卖盘
14:46:51	11.02	-0.01	2	2204	卖盘
14:46:48	11.03	0.02	24	26472	买盘
14:46:45	11.01	-0.02	674	742206	卖盘
14:46:42	11.03	0.01	35	38605	买盘
14:46:39	11.02	--	25	27550	买盘
14:46:36	11.02	--	1	1102	买盘
14:46:33	11.02	--	51	56202	买盘
14:46:30	11.02	--	108	119016	卖盘
14:46:24	11.02	--	52	57304	卖盘
14:46:21	11.02	--	101	111302	卖盘
14:46:18	11.02	-0.01	42	46284	卖盘
14:46:15	11.03	--	105	115815	买盘
14:46:12	11.03	--	20	22060	买盘
14:46:06	11.03	--	52	57356	买盘
14:46:00	11.03	0.01	6	6618	买盘
14:45:57	11.02	-0.01	1	1102	卖盘
14:45:54	11.03	0.02	10	11030	买盘
14:45:48	11.01	-0.02	28	30828	卖盘
14:45:45	11.03	0.02	49	54047	买盘
14:45:42	11.01	-0.02	113	124413	卖盘
14:45:39	11.03	0.01	2	2206	买盘
14:45:36	11.02	-0.01	500	551000	卖盘
14:45:33	11.03	0.01	135	148905	买盘
14:45:27	11.02	--	10	11020	卖盘
14:45:21	11.02	--	82	90364	买盘
14:45:18	11.02	--	125	137750	买盘
14:45:15	11.02	--	6	6612	买盘
14:45:12	11.02	--	1	1102	买盘
14:45:09	11.02	--	10	11020	买盘
14:45:06	11.02	--	74	81548	买盘
14:45:03	11.02	0.01	5	5510	买盘
14:45:00	11.01	-0.01	131	144231	卖盘
14:44:57	11.02	-0.02	1350	1487700	卖盘
14:44:54	11.04	--	100	110399	买盘
14:44:51	11.04	0.01	1	1104	买盘
14:44:48	11.03	-0.01	2	2206	卖盘
14:44:45	11.04	-0.01	166	183264	卖盘
14:44:42	11.05	0.01	13	14365	买盘
14:44:36	11.04	0.01	8	8832	中性盘
14:44:15	11.03	-0.01	151	166553	卖盘
14:44:09	11.04	--	4	4416	买盘
14:44:06	11.04	-0.01	100	110399	卖盘
14:44:03	11.05	0.01	231	255255	买盘
14:44:00	11.04	--	39	43056	卖盘
14:43:57	11.04	-0.01	10	11040	卖盘
14:43:51	11.05	--	5	5525	买盘
14:43:48	11.05	--	11	12155	买盘
14:43:45	11.05	0.02	46	50830	买盘
14:43:42	11.03	-0.02	48	52944	卖盘
14:43:36	11.05	--	110	121550	买盘
14:43:33	11.05	0.02	217	239785	买盘
14:43:30	11.03	-0.02	190	209570	卖盘
14:43:27	11.05	--	101	111605	买盘
14:43:21	11.05	--	16	17680	买盘
14:43:18	11.05	0.02	39	43095	买盘
14:43:15	11.03	-0.02	10	11030	卖盘
14:43:12	11.05	0.02	132	145860	买盘
14:43:09	11.03	-0.02	4	4412	卖盘
14:43:03	11.05	--	200	221000	买盘
14:42:57	11.05	0.03	1200	1326000	买盘
14:42:54	11.02	-0.01	38	41876	卖盘
14:42:51	11.03	--	15	16545	买盘
14:42:48	11.03	--	15	16545	买盘
14:42:45	11.03	--	222	244866	买盘
14:42:42	11.03	--	53	58459	买盘
14:42:39	11.03	--	18	19854	买盘
14:42:36	11.03	--	37	40811	买盘
14:42:33	11.03	0.01	27	29781	买盘
14:42:30	11.02	-0.01	21	23142	卖盘
14:42:27	11.03	--	20	22060	买盘
14:42:24	11.03	--	5	5515	买盘
14:42:21	11.03	0.01	41	45223	买盘
14:42:18	11.02	-0.01	25	27550	卖盘
14:42:12	11.03	0.02	26	28678	买盘
14:42:09	11.01	-0.01	53	58353	卖盘
14:42:06	11.02	-0.01	44	48488	卖盘
14:42:03	11.03	--	60	66180	买盘
14:42:00	11.03	0.01	135	148905	买盘
14:41:57	11.02	--	237	261945	卖盘
14:41:54	11.02	-0.01	18	19836	卖盘
14:41:51	11.03	0.01	2	2206	买盘
14:41:39	11.02	-0.01	120	132240	卖盘
14:41:36	11.03	0.01	109	120227	买盘
14:41:33	11.02	--	25	27550	买盘
14:41:30	11.02	--	25	27550	买盘
14:41:27	11.02	--	204	224808	买盘
14:41:24	11.02	0.01	149	164198	买盘
14:41:21	11.01	-0.01	56	61656	卖盘
14:41:18	11.02	0.01	39	42978	买盘
14:41:15	11.01	--	112	123312	卖盘
14:41:12	11.01	-0.01	55	60555	卖盘
14:41:09	11.02	--	3	3306	买盘
14:41:06	11.02	--	30	33060	买盘
14:41:03	11.02	--	20	22040	买盘
14:41:00	11.02	0.01	32	35264	买盘
14:40:57	11.01	-0.01	111	122211	卖盘
14:40:54	11.02	--	52	57304	买盘
14:40:51	11.02	--	84	92568	买盘
14:40:48	11.02	0.01	350	385700	中性盘
14:40:39	11.01	-0.02	55	60555	卖盘
14:40:36	11.03	0.02	15	16545	买盘
14:40:30	11.01	-0.01	111	122211	卖盘
14:40:27	11.02	0.01	41	45182	卖盘
14:40:21	11.01	-0.01	1009	1110909	卖盘
14:40:18	11.02	0.01	47	51794	买盘
14:40:15	11.01	-0.01	11	12111	卖盘
14:40:12	11.02	--	105	115710	买盘
14:40:09	11.02	--	48	52896	买盘
14:40:06	11.02	0.02	1163	1281626	买盘
14:40:03	11.0	-0.02	100	110000	卖盘
14:40:00	11.02	--	10	11020	买盘
14:39:57	11.02	--	52	57304	买盘
14:39:54	11.02	0.01	192	211584	买盘
14:39:51	11.01	-0.01	315	346815	卖盘
14:39:48	11.02	0.01	2	2204	买盘
14:39:45	11.01	--	89	97989	卖盘
14:39:42	11.01	--	160	176160	卖盘
14:39:39	11.01	--	272	299472	买盘
14:39:36	11.01	--	354	389754	买盘
14:39:33	11.01	--	1305	1436805	卖盘
14:39:30	11.01	--	130	143130	卖盘
14:39:27	11.01	--	22	24222	卖盘
14:39:24	11.01	0.01	189	208089	中性盘
14:39:21	11.0	-0.02	304	334400	卖盘
14:39:18	11.02	--	24	26448	买盘
14:39:15	11.02	0.01	1049	1157088	买盘
14:39:12	11.01	--	5	5505	买盘
14:39:09	11.01	--	48	52859	卖盘
14:39:06	11.01	--	104	115593	买盘
14:39:03	11.01	--	62	68262	买盘
14:39:00	11.01	0.01	31	34131	买盘
14:38:57	11.0	-0.01	459	504900	卖盘
14:38:54	11.01	--	104	114504	卖盘
14:38:51	11.01	--	3	3303	卖盘
14:38:48	11.01	-0.01	90	99090	卖盘
14:38:45	11.02	0.01	101	111302	买盘
14:38:42	11.01	-0.01	145	159645	卖盘
14:38:39	11.02	0.01	6	6612	买盘
14:38:36	11.01	-0.01	176	193776	卖盘
14:38:33	11.02	--	12	13224	买盘
14:38:30	11.02	0.01	47	51794	买盘
14:38:27	11.01	-0.01	118	129918	卖盘
14:38:24	11.02	0.01	29	31958	买盘
14:38:21	11.01	-0.01	2560	2818560	卖盘
14:38:18	11.02	--	510	562020	买盘
14:38:15	11.02	0.01	34	37468	买盘
14:38:12	11.01	-0.01	231	254331	卖盘
14:38:09	11.02	--	72	79344	买盘
14:38:06	11.02	--	78	85956	买盘
14:38:03	11.02	0.01	65	71630	买盘
14:37:57	11.01	-0.01	33	36333	卖盘
14:37:54	11.02	0.01	287	316274	买盘
14:37:51	11.01	--	52	57252	卖盘
14:37:48	11.01	-0.01	191	210291	卖盘
14:37:45	11.02	--	115	126730	买盘
14:37:42	11.02	--	63	69426	买盘
14:37:39	11.02	--	42	46284	买盘
14:37:36	11.02	0.01	39	42978	买盘
14:37:33	11.01	-0.01	76	83676	卖盘
14:37:30	11.02	--	55	60610	买盘
14:37:27	11.02	--	111	122322	买盘
14:37:24	11.02	0.01	360	396720	买盘
14:37:21	11.01	-0.01	297	326997	卖盘
14:37:18	11.02	--	276	304152	买盘
14:37:15	11.02	--	17	18734	买盘
14:37:12	11.02	--	55	60610	买盘
14:37:09	11.02	--	30	33060	买盘
14:37:06	11.02	--	10	11020	买盘
14:37:03	11.02	--	12	13224	买盘
14:37:00	11.02	0.01	63	69426	买盘
14:36:57	11.01	-0.01	22	24222	卖盘
14:36:54	11.02	-0.02	1054	1161508	卖盘
14:36:51	11.04	0.01	30	33120	买盘
14:36:48	11.03	-0.01	129	142287	卖盘
14:36:45	11.04	0.01	51	56303	买盘
14:36:42	11.03	--	30	33090	卖盘
14:36:39	11.03	--	110	121330	卖盘
14:36:36	11.03	-0.01	22	24266	卖盘
14:36:33	11.04	0.01	27	29807	买盘
14:36:30	11.03	--	94	103682	卖盘
14:36:27	11.03	-0.01	67	73901	卖盘
14:36:24	11.04	0.01	4	4416	买盘
14:36:21	11.03	-0.01	73	80519	卖盘
14:36:18	11.04	--	10	11040	买盘
14:36:12	11.04	--	5	5520	买盘
14:36:09	11.04	0.01	30	33120	买盘
14:36:06	11.03	--	20	22060	卖盘
14:36:03	11.03	-0.02	43	47429	卖盘
14:36:00	11.05	0.02	10	11050	买盘
14:35:57	11.03	--	15	16545	卖盘
14:35:54	11.03	-0.02	112	123536	卖盘
14:35:51	11.05	--	105	116025	买盘
14:35:48	11.05	--	15	16575	买盘
14:35:45	11.05	--	6	6630	买盘
14:35:42	11.05	--	47	51935	买盘
14:35:39	11.05	--	17	18785	买盘
14:35:36	11.05	--	30	33150	买盘
14:35:33	11.05	--	5424	5993520	买盘
14:35:30	11.05	--	61	67405	买盘
14:35:24	11.05	0.01	33	36465	中性盘
14:35:21	11.04	-0.01	440	485759	卖盘
14:35:18	11.05	0.01	10	11050	中性盘
14:35:15	11.04	-0.01	317	349968	卖盘
14:35:12	11.05	--	59	65195	买盘
14:35:09	11.05	--	151	166855	卖盘
14:35:06	11.05	--	8	8840	卖盘
14:35:03	11.05	-0.01	360	397800	卖盘
14:34:57	11.06	0.01	3	3318	买盘
14:34:54	11.05	--	5	5525	卖盘
14:34:48	11.05	--	43	47515	卖盘
14:34:45	11.05	-0.01	160	176800	卖盘
14:34:42	11.06	0.01	41	45346	买盘
14:34:39	11.05	--	176	194480	卖盘
14:34:36	11.05	-0.01	8	8840	卖盘
14:34:30	11.06	0.01	615	680190	买盘
14:34:27	11.05	0.01	224	247520	买盘
14:34:24	11.04	-0.01	147	162288	卖盘
14:34:21	11.05	--	57	62985	卖盘
14:34:18	11.05	--	259	286195	买盘
14:34:15	11.05	--	162	179010	卖盘
14:34:12	11.05	--	41	45305	买盘
14:34:09	11.05	-0.01	486	538046	卖盘
14:34:03	11.06	0.01	14	15484	买盘
14:33:57	11.05	--	20	22100	卖盘
14:33:54	11.05	0.01	132	145948	买盘
14:33:51	11.04	-0.01	239	264871	卖盘
14:33:48	11.05	--	47	51935	卖盘
14:33:45	11.05	--	58	64178	买盘
14:33:42	11.05	--	71	78455	买盘
14:33:39	11.05	-0.01	298	330306	卖盘
14:33:36	11.06	0.01	110	121660	买盘
14:33:33	11.05	-0.01	0	88	卖盘
14:33:30	11.06	0.01	23	25438	买盘
14:33:27	11.05	-0.01	30	33150	卖盘
14:33:21	11.06	0.01	25	27650	买盘
14:33:15	11.05	-0.01	10	11050	卖盘
14:33:12	11.06	0.02	190	210140	买盘
14:33:09	11.04	-0.01	17	18768	卖盘
14:33:06	11.05	0.01	15	16575	卖盘
14:33:03	11.04	-0.02	36	39744	卖盘
14:33:00	11.06	0.01	270	298620	买盘
14:32:57	11.05	--	58	64090	买盘
14:32:54	11.05	--	7	7735	买盘
14:32:51	11.05	0.01	16	17680	买盘
14:32:48	11.04	-0.01	146	161184	卖盘
14:32:45	11.05	-0.01	250	276250	卖盘
14:32:42	11.06	0.02	30	33180	买盘
14:32:39	11.04	-0.02	34	37536	卖盘
14:32:36	11.06	0.02	199	220370	买盘
14:32:33	11.04	-0.01	1	1104	卖盘
14:32:30	11.05	--	19	20995	买盘
14:32:27	11.05	0.01	236	260780	买盘
14:32:24	11.04	-0.01	7	7727	卖盘
14:32:21	11.05	--	45	49725	买盘
14:32:18	11.05	--	3	3315	买盘
14:32:15	11.05	--	71	78455	买盘
14:32:12	11.05	-0.02	1509	1668273	卖盘
14:32:09	11.07	0.01	2	2214	买盘
14:32:06	11.06	--	920	1018360	卖盘
14:32:03	11.06	--	267	295302	卖盘
14:32:00	11.06	--	4	4424	卖盘
14:31:54	11.06	-0.01	7	7742	卖盘
14:31:48	11.07	0.01	40	44280	买盘
14:31:45	11.06	-0.01	10	11060	卖盘
14:31:42	11.07	--	46	50922	买盘
14:31:39	11.07	0.01	20	22140	买盘
14:31:36	11.06	--	7	7742	卖盘
14:31:33	11.06	-0.01	10	11060	卖盘
14:31:30	11.07	0.01	20	22140	买盘
14:31:27	11.06	-0.01	39	43134	卖盘
14:31:18	11.07	0.02	11	12177	买盘
14:31:15	11.05	-0.01	113	124865	卖盘
14:31:12	11.06	--	0	575	买盘
14:31:09	11.06	--	49	54194	买盘
14:31:06	11.06	0.01	204	225624	买盘
14:31:03	11.05	-0.01	5	5525	卖盘
14:31:00	11.06	0.01	102	112812	买盘
14:30:57	11.05	-0.01	10	11050	卖盘
14:30:51	11.06	--	121	133826	买盘
14:30:48	11.06	-0.01	19	21544	卖盘
14:30:45	11.07	--	100	110700	卖盘
14:30:42	11.07	0.01	81	89667	中性盘
14:30:33	11.06	-0.01	2020	2234120	卖盘
14:30:30	11.07	-0.01	123	136161	卖盘
14:30:24	11.08	--	3	3324	买盘
14:30:21	11.08	0.01	4	4432	买盘
14:30:12	11.07	0.01	27	29889	中性盘
14:30:06	11.06	--	58	64148	卖盘
14:30:00	11.06	--	51	56406	卖盘
14:29:54	11.06	-0.03	45	49770	卖盘
14:29:51	11.09	0.02	81	89829	买盘
14:29:48	11.07	0.01	4	4428	买盘
14:29:45	11.06	-0.02	852	942312	卖盘
14:29:42	11.08	--	82	90856	卖盘
14:29:39	11.08	-0.01	5	5540	卖盘
14:29:36	11.09	--	58	64322	买盘
14:29:33	11.09	0.02	154	170786	买盘
14:29:27	11.07	-0.01	10	11070	卖盘
14:29:21	11.08	--	71	78668	买盘
14:29:18	11.08	0.01	8	8864	买盘
14:29:15	11.07	--	11	12177	卖盘
14:29:12	11.07	-0.01	183	202581	卖盘
14:29:09	11.08	-0.01	238	263704	卖盘
14:29:03	11.09	0.01	412	456908	买盘
14:29:00	11.08	-0.01	581	643748	卖盘
14:28:57	11.09	--	55	60995	买盘
14:28:51	11.09	--	10	11090	买盘
14:28:48	11.09	-0.01	860	954760	卖盘
14:28:45	11.1	-0.01	16	17760	卖盘
14:28:42	11.11	0.01	41	45551	买盘
14:28:39	11.1	--	194	215340	卖盘
14:28:36	11.1	--	5	5550	卖盘
14:28:33	11.1	--	15	16650	卖盘
14:28:24	11.1	--	38	42180	卖盘
14:28:21	11.1	--	50	55500	卖盘
14:28:15	11.1	--	97	107670	卖盘
14:28:12	11.1	-0.01	30	33300	卖盘
14:28:06	11.11	--	36	39996	买盘
14:28:03	11.11	0.01	4	4444	买盘
14:28:00	11.1	-0.01	10	11100	卖盘
14:27:54	11.11	0.01	7	7777	买盘
14:27:48	11.1	-0.01	1	1110	卖盘
14:27:45	11.11	--	4	4444	买盘
14:27:42	11.11	0.01	41	45551	买盘
14:27:39	11.1	-0.01	39	43290	卖盘
14:27:36	11.11	0.01	5	5555	买盘
14:27:33	11.1	--	5	5550	卖盘
14:27:30	11.1	--	96	106560	卖盘
14:27:27	11.1	-0.01	109	120990	卖盘
14:27:21	11.11	0.01	150	166650	买盘
14:27:18	11.1	--	1	1110	卖盘
14:27:15	11.1	-0.01	10	11100	卖盘
14:27:12	11.11	0.01	25	27775	买盘
14:27:06	11.1	--	23	25530	卖盘
14:27:03	11.1	--	1	1110	卖盘
14:27:00	11.1	-0.01	1	1110	卖盘
14:26:57	11.11	0.01	100	111100	买盘
14:26:54	11.1	--	59	65490	卖盘
14:26:51	11.1	--	75	84348	卖盘
14:26:48	11.1	-0.01	48	53280	卖盘
14:26:45	11.11	--	110	122210	买盘
14:26:42	11.11	--	71	78881	买盘
14:26:36	11.11	0.01	65	72314	买盘
14:26:33	11.1	--	23	26540	卖盘
14:26:30	11.1	-0.01	21	23310	卖盘
14:26:27	11.11	--	9	9999	买盘
14:26:24	11.11	0.01	42	46662	买盘
14:26:21	11.1	-0.01	126	139860	卖盘
14:26:12	11.11	0.01	512	568832	买盘
14:26:06	11.1	-0.01	54	59940	卖盘
14:26:00	11.11	0.01	2	2222	买盘
14:25:57	11.1	-0.02	110	122100	卖盘
14:25:54	11.12	0.01	161	179854	买盘
14:25:51	11.11	0.01	35	38885	买盘
14:25:45	11.1	-0.01	41	45510	卖盘
14:25:42	11.11	0.01	53	58883	买盘
14:25:39	11.1	-0.01	2	2220	卖盘
14:25:36	11.11	0.01	64	71104	买盘
14:25:33	11.1	-0.01	1	1110	卖盘
14:25:27	11.11	0.01	1	1111	买盘
14:25:21	11.1	-0.01	38	42180	卖盘
14:25:18	11.11	--	19	21109	买盘
14:25:12	11.11	0.01	5	5555	买盘
14:25:09	11.1	--	205	227550	卖盘
14:25:00	11.1	-0.01	11	12210	卖盘
14:24:57	11.11	0.01	19	21109	买盘
14:24:51	11.1	-0.01	10	11100	卖盘
14:24:42	11.11	0.01	41	45551	买盘
14:24:36	11.1	-0.02	38	42180	卖盘
14:24:33	11.12	0.01	502	558224	买盘
14:24:24	11.11	--	126	139986	卖盘
14:24:18	11.11	--	10	11110	卖盘
14:24:15	11.11	-0.01	29	32219	卖盘
14:24:09	11.12	0.01	4	4448	买盘
14:24:06	11.11	-0.01	6	6666	卖盘
14:23:57	11.12	0.01	12	13343	买盘
14:23:54	11.11	--	13	14443	卖盘
14:23:51	11.11	--	36	39996	卖盘
14:23:48	11.11	--	39	43329	卖盘
14:23:45	11.11	-0.01	6	6666	卖盘
14:23:39	11.12	0.01	61	67832	买盘
14:23:36	11.11	--	127	141097	卖盘
14:23:33	11.11	--	1	1111	卖盘
14:23:27	11.11	-0.01	27	29997	卖盘
14:23:21	11.12	0.01	56	62271	买盘
14:23:15	11.11	--	6	6666	卖盘
14:23:12	11.11	--	52	57772	卖盘
14:23:06	11.11	--	10	11110	卖盘
14:23:03	11.11	-0.01	90	99990	卖盘
14:23:00	11.12	0.02	13	14455	买盘
14:22:54	11.1	--	56	62160	卖盘
14:22:48	11.1	-0.02	437	485070	卖盘
14:22:45	11.12	--	2	2224	买盘
14:22:42	11.12	--	33	36696	买盘
14:22:39	11.12	--	41	45592	买盘
14:22:36	11.12	0.01	67	74504	买盘
14:22:30	11.11	-0.01	52	57772	卖盘
14:22:27	11.12	0.01	10	11120	买盘
14:22:21	11.11	--	1	1111	卖盘
14:22:18	11.11	--	50	55550	卖盘
14:22:09	11.11	0.01	569	632159	买盘
14:22:00	11.1	-0.01	806	894660	卖盘
14:21:57	11.11	0.01	31	34441	买盘
14:21:51	11.1	-0.01	1	1110	卖盘
14:21:48	11.11	0.01	10	11110	买盘
14:21:42	11.1	-0.01	20	22200	卖盘
14:21:39	11.11	--	41	45551	买盘
14:21:36	11.11	0.01	1	1111	买盘
14:21:30	11.1	--	43	47730	卖盘
14:21:27	11.1	--	20	22200	卖盘
14:21:24	11.1	-0.01	40	44400	卖盘
14:21:21	11.11	--	1	1111	买盘
14:21:18	11.11	0.01	9	9999	买盘
14:21:15	11.1	-0.01	112	124320	卖盘
14:21:09	11.11	0.01	17	18887	买盘
14:21:03	11.1	--	100	111000	卖盘
14:20:57	11.1	--	21	23698	买盘
14:20:54	11.1	0.01	12	13320	买盘
14:20:51	11.09	-0.01	13	14417	卖盘
14:20:48	11.1	0.01	102	113220	买盘
14:20:45	11.09	-0.01	108	119772	卖盘
14:20:39	11.1	--	41	45510	买盘
14:20:36	11.1	--	7	7770	买盘
14:20:33	11.1	--	382	424741	卖盘
14:20:30	11.1	-0.01	164	182040	卖盘
14:20:24	11.11	--	1	1499	买盘
14:20:21	11.11	0.01	611	678821	买盘
14:20:18	11.1	-0.01	28	31080	卖盘
14:20:03	11.11	0.02	9	9999	买盘
14:20:00	11.09	--	10	11090	卖盘
14:19:57	11.09	-0.02	38	42142	卖盘
14:19:54	11.11	0.01	43	47773	买盘
14:19:51	11.1	-0.01	160	177600	卖盘
14:19:45	11.11	--	60	66660	买盘
14:19:42	11.11	0.01	1	1111	买盘
14:19:39	11.1	--	81	89910	卖盘
14:19:33	11.1	--	29	32190	卖盘
14:19:30	11.1	--	1	1110	卖盘
14:19:27	11.1	--	3	3330	卖盘
14:19:24	11.1	-0.01	255	283050	卖盘
14:19:21	11.11	0.01	20	22220	买盘
14:19:18	11.1	-0.01	10	11100	卖盘
14:19:15	11.11	0.01	4	4444	买盘
14:19:12	11.1	-0.01	43	47730	卖盘
14:19:09	11.11	--	281	312191	买盘
14:19:03	11.11	--	121	134431	买盘
14:19:00	11.11	0.01	20	22220	买盘
14:18:54	11.1	--	113	125430	卖盘
14:18:48	11.1	--	79	87690	卖盘
14:18:45	11.1	-0.01	22	24420	卖盘
14:18:39	11.11	0.01	117	129987	买盘
14:18:36	11.1	--	30	33300	买盘
14:18:33	11.1	--	4	4440	买盘
14:18:30	11.1	--	12	13320	买盘
14:18:24	11.1	-0.01	82	91020	卖盘
14:18:21	11.11	--	10	11110	买盘
14:18:18	11.11	0.01	5	5555	买盘
14:18:12	11.1	--	121	134310	卖盘
14:18:06	11.1	-0.01	55	61050	卖盘
14:18:03	11.11	0.01	62	68882	买盘
14:18:00	11.1	-0.01	27	29970	卖盘
14:17:57	11.11	0.01	3	3333	买盘
14:17:54	11.1	--	10	11100	卖盘
14:17:51	11.1	-0.01	40	44400	卖盘
14:17:45	11.11	0.01	8	8888	买盘
14:17:39	11.1	--	46	51060	买盘
14:17:36	11.1	--	30	33300	买盘
14:17:33	11.1	--	13	14430	买盘
14:17:30	11.1	--	9	9990	买盘
14:17:27	11.1	--	55	61050	卖盘
14:17:18	11.1	--	131	145410	卖盘
14:17:09	11.1	-0.01	18	19980	卖盘
14:17:03	11.11	0.01	50	55550	买盘
14:17:00	11.1	--	7	7770	买盘
14:16:57	11.1	--	200	222000	买盘
14:16:54	11.1	--	50	55500	买盘
14:16:48	11.1	--	11	12210	买盘
14:16:45	11.1	--	240	267110	卖盘
14:16:42	11.1	--	748	830280	卖盘
14:16:39	11.1	--	10	11100	卖盘
14:16:33	11.1	0.01	557	618669	买盘
14:16:30	11.09	--	15	16635	卖盘
14:16:27	11.09	-0.01	18	19962	卖盘
14:16:24	11.1	--	52	57720	买盘
14:16:18	11.1	--	15	16650	买盘
14:16:15	11.1	--	10	11100	买盘
14:16:03	11.1	0.01	26	28860	买盘
14:15:57	11.09	-0.01	66	73194	卖盘
14:15:54	11.1	--	100	111000	买盘
14:15:51	11.1	0.01	1	1110	买盘
14:15:48	11.09	--	110	121990	卖盘
14:15:45	11.09	-0.01	63	69867	卖盘
14:15:39	11.1	--	11	12210	买盘
14:15:36	11.1	--	10	11100	买盘
14:15:33	11.1	--	10	11100	买盘
14:15:27	11.1	--	4	4440	买盘
14:15:24	11.1	--	50	55500	买盘
14:15:15	11.1	0.01	3	3330	买盘
14:15:12	11.09	-0.01	40	44360	卖盘
14:15:09	11.1	0.01	24	26640	买盘
14:15:03	11.09	-0.01	110	121990	卖盘
14:15:00	11.1	--	276	306360	买盘
14:14:57	11.1	0.01	10	11100	买盘
14:14:54	11.09	-0.01	16	17744	卖盘
14:14:51	11.1	--	10	11100	买盘
14:14:45	11.1	--	41	45510	买盘
14:14:42	11.1	--	100	111000	买盘
14:14:39	11.1	0.01	2	2220	买盘
14:14:33	11.09	0.01	74	82066	买盘
14:14:24	11.08	--	64	70912	卖盘
14:14:18	11.08	-0.02	120	132960	卖盘
14:14:15	11.1	0.01	110	122100	买盘
14:14:12	11.09	-0.01	8	8872	中性盘
14:14:09	11.1	0.01	40	44400	买盘
14:14:00	11.09	-0.01	13	14417	卖盘
14:13:57	11.1	0.01	160	177600	买盘
14:13:54	11.09	--	45	49905	买盘
14:13:51	11.09	-0.01	262	290558	卖盘
14:13:45	11.1	--	41	45510	买盘
14:13:42	11.1	0.01	1000	1110000	买盘
14:13:39	11.09	--	38	42142	卖盘
14:13:36	11.09	0.01	30	33270	中性盘
14:13:33	11.08	-0.01	129	142932	卖盘
14:13:30	11.09	--	3	3327	卖盘
14:13:27	11.09	0.01	16	17744	买盘
14:13:24	11.08	--	10	11080	卖盘
14:13:21	11.08	-0.02	46	50968	卖盘
14:13:15	11.1	0.01	100	111000	买盘
14:13:06	11.09	0.01	5	5545	卖盘
14:13:00	11.08	--	8	8864	卖盘
14:12:57	11.08	--	20	22160	卖盘
14:12:54	11.08	-0.02	48	53184	卖盘
14:12:51	11.1	0.02	25	27750	买盘
14:12:45	11.08	-0.01	808	895264	卖盘
14:12:42	11.09	0.01	42	46578	买盘
14:12:33	11.08	--	20	22160	卖盘
14:12:24	11.08	--	205	227140	卖盘
14:12:21	11.08	-0.01	450	498600	卖盘
14:12:18	11.09	0.01	12	13308	买盘
14:12:12	11.08	--	210	232680	卖盘
14:12:09	11.08	--	68	75344	卖盘
14:12:00	11.08	--	167	185036	卖盘
14:11:54	11.08	-0.01	5	5540	卖盘
14:11:51	11.09	--	4	4436	买盘
14:11:48	11.09	0.01	11	12199	买盘
14:11:45	11.08	-0.01	6	6648	卖盘
14:11:42	11.09	0.01	56	62104	买盘
14:11:27	11.08	-0.01	10	11080	卖盘
14:11:24	11.09	--	141	156369	买盘
14:11:21	11.09	0.01	6	6654	买盘
14:11:18	11.08	-0.01	100	110800	卖盘
14:11:15	11.09	--	120	133080	买盘
14:11:12	11.09	--	100	110900	买盘
14:11:09	11.09	0.01	19	21071	买盘
14:11:03	11.08	-0.01	54	59832	卖盘
14:11:00	11.09	--	1	1109	买盘
14:10:57	11.09	--	12	13308	买盘
14:10:51	11.09	--	8	8872	买盘
14:10:48	11.09	0.01	20	22180	买盘
14:10:45	11.08	-0.01	10	11080	卖盘
14:10:42	11.09	0.01	56	62104	买盘
14:10:39	11.08	-0.01	86	95288	卖盘
14:10:36	11.09	0.01	155	171895	买盘
14:10:30	11.08	--	110	121880	卖盘
14:10:27	11.08	--	10	11080	卖盘
14:10:18	11.08	-0.01	1	1108	卖盘
14:10:15	11.09	0.01	5	5545	买盘
14:10:00	11.08	0.01	11	12188	中性盘
14:09:57	11.07	-0.01	89	98523	卖盘
14:09:54	11.08	--	48	53184	买盘
14:09:51	11.08	-0.01	10	11080	买盘
14:09:45	11.09	--	113	125317	买盘
14:09:42	11.09	0.01	46	51014	买盘
14:09:33	11.08	--	1	1108	卖盘
14:09:30	11.08	0.01	83	91964	买盘
14:09:15	11.07	-0.01	17	18819	卖盘
14:09:06	11.08	--	4	4432	买盘
14:09:03	11.08	0.01	5	5540	买盘
14:09:00	11.07	--	200	221400	卖盘
14:08:57	11.07	-0.01	150	166050	卖盘
14:08:54	11.08	0.01	83	91964	买盘
14:08:51	11.07	-0.01	1	1107	卖盘
14:08:48	11.08	--	15	16620	买盘
14:08:45	11.08	--	40	45416	买盘
14:08:42	11.08	--	50	55400	买盘
14:08:39	11.08	0.01	13	14404	买盘
14:08:33	11.07	--	1	1107	卖盘
14:08:30	11.07	--	11	12177	卖盘
14:08:18	11.07	-0.01	1	1107	卖盘
14:08:15	11.08	0.01	23	25484	买盘
14:08:12	11.07	-0.01	172	190404	卖盘
14:08:09	11.08	0.01	24	26592	买盘
14:08:06	11.07	-0.01	1	1107	卖盘
14:08:03	11.08	0.01	34	37672	买盘
14:07:51	11.07	--	10	11070	卖盘
14:07:48	11.07	--	16	17712	卖盘
14:07:45	11.07	-0.01	20	22140	卖盘
14:07:42	11.08	--	45	49860	买盘
14:07:36	11.08	--	10	11080	买盘
14:07:33	11.08	--	6	6648	买盘
14:07:27	11.08	0.01	4	4432	买盘
14:07:24	11.07	--	40	44280	卖盘
14:07:21	11.07	--	1	1107	卖盘
14:07:18	11.07	--	111	122877	卖盘
14:07:15	11.07	-0.01	6	6642	卖盘
14:07:09	11.08	0.01	25	27700	买盘
14:07:06	11.07	--	1	1107	卖盘
14:07:03	11.07	-0.01	10	11070	卖盘
14:06:51	11.08	--	8	8864	买盘
14:06:42	11.08	0.02	65	72020	买盘
14:06:36	11.06	--	40	44240	卖盘
14:06:33	11.06	-0.01	110	121660	卖盘
14:06:27	11.07	--	1	1107	卖盘
14:06:24	11.07	0.01	10	11070	中性盘
14:06:21	11.06	-0.02	19	21014	卖盘
14:06:18	11.08	0.02	12	13296	买盘
14:06:15	11.06	-0.02	53	58618	卖盘
14:06:12	11.08	0.01	30	33240	买盘
14:06:09	11.07	--	24	26568	卖盘
14:05:57	11.07	-0.01	8	8856	卖盘
14:05:54	11.08	0.02	4	4432	买盘
14:05:48	11.06	-0.01	148	163688	卖盘
14:05:45	11.07	-0.01	1	1107	卖盘
14:05:42	11.08	--	41	45428	买盘
14:05:39	11.08	0.02	78	86424	买盘
14:05:36	11.06	-0.01	10	11060	卖盘
14:05:33	11.07	--	40	44280	卖盘
14:05:30	11.07	-0.01	30	33210	卖盘
14:05:27	11.08	0.01	4	4432	买盘
14:05:24	11.07	--	75	83025	卖盘
14:05:18	11.07	-0.01	15	16605	卖盘
14:05:09	11.08	0.01	1	1108	买盘
14:05:06	11.07	--	10	11070	卖盘
14:05:03	11.07	--	206	228042	卖盘
14:05:00	11.07	--	1	1107	卖盘
14:04:54	11.07	-0.01	20	22140	卖盘
14:04:51	11.08	0.01	50	55400	买盘
14:04:42	11.07	-0.01	64	70848	卖盘
14:04:39	11.08	0.01	20	22160	买盘
14:04:36	11.07	-0.01	20	22140	卖盘
14:04:33	11.08	0.01	38	42104	买盘
14:04:30	11.07	-0.01	500	553500	卖盘
14:04:27	11.08	0.01	10	11080	买盘
14:04:18	11.07	--	158	174906	卖盘
14:04:15	11.07	--	1	1107	卖盘
14:04:12	11.07	-0.01	70	77490	卖盘
14:04:09	11.08	--	3	3324	买盘
14:04:06	11.08	--	5	5540	买盘
14:04:00	11.08	-0.01	97	107476	卖盘
14:03:48	11.09	0.01	12	13308	买盘
14:03:42	11.08	-0.01	2	2216	卖盘
14:03:39	11.09	0.02	45	49905	买盘
14:03:33	11.07	--	157	173799	卖盘
14:03:30	11.07	--	1	1107	卖盘
14:03:27	11.07	-0.01	41	45387	卖盘
14:03:24	11.08	--	14	15512	买盘
14:03:15	11.08	0.01	15	16620	买盘
14:03:09	11.07	--	13	14391	卖盘
14:03:06	11.07	--	13	14391	卖盘
14:03:03	11.07	-0.02	52	57564	卖盘
14:02:57	11.09	0.02	10	11090	买盘
14:02:54	11.07	-0.02	130	143910	卖盘
14:02:48	11.09	0.02	5	5545	买盘
14:02:45	11.07	-0.02	241	266787	卖盘
14:02:42	11.09	--	10	11090	买盘
14:02:39	11.09	0.02	41	45469	买盘
14:02:36	11.07	-0.01	52	57564	卖盘
14:02:21	11.08	--	78	86424	买盘
14:02:18	11.08	0.01	2	2216	买盘
14:02:15	11.07	--	1	1107	卖盘
14:02:12	11.07	-0.01	14	15498	卖盘
14:02:09	11.08	--	20	22160	买盘
14:02:06	11.08	0.01	147	162876	买盘
14:02:03	11.07	--	101	111807	卖盘
14:02:00	11.07	--	10	11070	卖盘
14:01:57	11.07	--	29	32103	卖盘
14:01:54	11.07	--	138	152766	卖盘
14:01:51	11.07	-0.01	82	90774	卖盘
14:01:48	11.08	0.01	1	1108	买盘
14:01:42	11.07	-0.01	88	97416	卖盘
14:01:39	11.08	0.01	3	3324	买盘
14:01:30	11.07	--	18	19926	卖盘
14:01:24	11.07	-0.01	4	4428	卖盘
14:01:21	11.08	0.01	139	154012	买盘
14:01:18	11.07	--	188	208691	买盘
14:01:15	11.07	--	322	356985	卖盘
14:01:12	11.07	--	29	32103	卖盘
14:01:09	11.07	--	264	292248	卖盘
14:01:06	11.07	-0.01	82	90774	卖盘
14:01:03	11.08	--	2	2216	买盘
14:00:57	11.08	--	21	23268	买盘
14:00:54	11.08	--	12	13296	买盘
14:00:51	11.08	--	2	2216	买盘
14:00:48	11.08	--	1	1108	买盘
14:00:42	11.08	--	6	6648	买盘
14:00:39	11.08	0.01	91	100828	买盘
14:00:36	11.07	-0.01	10	11070	卖盘
14:00:30	11.08	0.01	9	9972	买盘
14:00:27	11.07	-0.02	29	32103	卖盘
14:00:24	11.09	0.02	4	4436	买盘
14:00:21	11.07	-0.02	124	137268	卖盘
14:00:18	11.09	0.01	51	56559	买盘
14:00:15	11.08	-0.01	399	442092	卖盘
14:00:09	11.09	--	4	4436	买盘
14:00:03	11.09	0.01	100	110900	中性盘
13:59:54	11.08	--	10	11080	卖盘
13:59:51	11.08	--	6	6648	卖盘
13:59:45	11.08	0.01	468	519142	买盘
13:59:42	11.07	-0.01	29	32103	卖盘
13:59:39	11.08	--	41	45428	买盘
13:59:36	11.08	--	217	240436	买盘
13:59:33	11.08	--	39	43212	买盘
13:59:30	11.08	-0.02	797	883840	卖盘
13:59:24	11.1	--	7	7770	买盘
13:59:21	11.1	--	1	1110	买盘
13:59:12	11.1	--	19	21090	买盘
13:59:03	11.1	0.01	10	11100	买盘
13:58:57	11.09	0.01	134	148606	买盘
13:58:54	11.08	-0.01	131	145148	卖盘
13:58:51	11.09	--	94	104246	卖盘
13:58:48	11.09	--	33	36597	卖盘
13:58:42	11.09	--	39	43251	买盘
13:58:39	11.09	--	41	45469	买盘
13:58:36	11.09	0.01	4	4436	买盘
13:58:27	11.08	-0.01	44	48752	卖盘
13:58:24	11.09	--	20	22180	买盘
13:58:18	11.09	0.01	33	36597	买盘
13:58:12	11.08	-0.02	35	38780	卖盘
13:58:09	11.1	0.02	1	1110	买盘
13:58:06	11.08	-0.02	94	104152	卖盘
13:58:03	11.1	0.01	21	23310	买盘
13:58:00	11.09	--	800	887200	卖盘
13:57:57	11.09	--	1	1109	卖盘
13:57:54	11.09	-0.01	66	73194	卖盘
13:57:48	11.1	0.01	2	2220	买盘
13:57:45	11.09	-0.02	11	12199	卖盘
13:57:39	11.11	--	46	51106	买盘
13:57:36	11.11	0.02	45	49995	买盘
13:57:27	11.09	--	33	36597	卖盘
13:57:21	11.09	-0.01	38	42142	卖盘
13:57:18	11.1	-0.01	52	57720	卖盘
13:57:15	11.11	0.01	465	516615	买盘
13:57:12	11.1	--	1	1110	卖盘
13:57:09	11.1	--	32	35520	卖盘
13:57:06	11.1	--	310	344100	卖盘
13:57:03	11.1	-0.01	4	4440	卖盘
13:57:00	11.11	0.01	6	6666	买盘
13:56:57	11.1	-0.01	10	11100	卖盘
13:56:54	11.11	0.01	26	28886	买盘
13:56:48	11.1	--	130	144300	卖盘
13:56:45	11.1	--	130	144300	卖盘
13:56:42	11.1	-0.01	31	34410	卖盘
13:56:39	11.11	0.02	46	51106	买盘
13:56:36	11.09	-0.02	40	44360	卖盘
13:56:33	11.11	0.01	82	91102	买盘
13:56:30	11.1	-0.01	1	1110	卖盘
13:56:27	11.11	0.02	4	4444	买盘
13:56:24	11.09	-0.01	35	38815	卖盘
13:56:21	11.1	--	12	13320	买盘
13:56:18	11.1	0.01	9	9990	买盘
13:56:15	11.09	-0.01	13	14417	卖盘
13:56:12	11.1	--	53	58830	买盘
13:56:09	11.1	-0.01	43	47730	卖盘
13:56:06	11.11	0.01	80	88880	买盘
13:56:00	11.1	0.01	265	294150	卖盘
13:55:57	11.09	-0.02	29	32161	卖盘
13:55:54	11.11	0.01	269	299203	买盘
13:55:51	11.1	--	199	220890	卖盘
13:55:45	11.1	--	91	101010	卖盘
13:55:39	11.1	--	70	77700	卖盘
13:55:36	11.1	-0.01	42	46620	卖盘
13:55:33	11.11	0.01	124	137764	买盘
13:55:30	11.1	-0.01	10	11100	卖盘
13:55:27	11.11	--	11	12221	买盘
13:55:24	11.11	0.01	12	13332	买盘
13:55:21	11.1	-0.01	70	77700	卖盘
13:55:18	11.11	0.01	50	55550	买盘
13:55:15	11.1	-0.01	96	106560	卖盘
13:55:12	11.11	0.01	135	149985	买盘
13:55:06	11.1	--	20	22200	卖盘
13:55:03	11.1	--	301	334110	卖盘
13:55:00	11.1	--	297	329670	买盘
13:54:57	11.1	0.01	20	22200	买盘
13:54:54	11.09	-0.01	48	53232	卖盘
13:54:51	11.1	0.01	111	123210	买盘
13:54:48	11.09	-0.01	41	45469	卖盘
13:54:45	11.1	0.01	10	11100	买盘
13:54:42	11.09	-0.01	40	44360	卖盘
13:54:39	11.1	0.01	68	75480	买盘
13:54:30	11.09	--	179	198511	卖盘
13:54:27	11.09	--	31	34379	卖盘
13:54:18	11.09	0.01	17	18853	中性盘
13:54:15	11.08	-0.01	125	138500	卖盘
13:54:09	11.09	--	42	46578	卖盘
13:54:06	11.09	-0.01	11	12199	卖盘
13:54:00	11.1	--	14	15540	买盘
13:53:57	11.1	0.01	303	336330	买盘
13:53:54	11.09	-0.01	15	16635	卖盘
13:53:45	11.1	--	3	3330	买盘
13:53:39	11.1	--	70	77700	买盘
13:53:33	11.1	0.02	18	19980	买盘
13:53:30	11.08	--	40	44320	卖盘
13:53:27	11.08	--	94	104152	卖盘
13:53:24	11.08	--	41	45428	卖盘
13:53:21	11.08	-0.02	62	68696	卖盘
13:53:18	11.1	0.01	96	106560	买盘
13:53:15	11.09	0.01	7	7763	中性盘
13:53:03	11.08	-0.01	80	88640	卖盘
13:52:57	11.09	0.01	5	5545	买盘
13:52:54	11.08	-0.01	56	62048	卖盘
13:52:51	11.09	0.01	85	94265	买盘
13:52:42	11.08	--	147	162876	卖盘
13:52:39	11.08	-0.01	72	79776	卖盘
13:52:36	11.09	--	22	24398	买盘
13:52:33	11.09	0.01	2	2218	买盘
13:52:30	11.08	-0.01	10	11080	卖盘
13:52:27	11.09	0.01	3	3327	买盘
13:52:24	11.08	--	50	55400	卖盘
13:52:21	11.08	-0.01	17	18836	卖盘
13:52:18	11.09	--	10	11090	买盘
13:52:12	11.09	--	1	1109	买盘
13:52:09	11.09	--	35	38815	买盘
13:52:03	11.09	--	30	33270	买盘
13:52:00	11.09	0.02	3	3327	买盘
13:51:57	11.07	-0.01	43	47601	卖盘
13:51:54	11.08	--	86	95288	卖盘
13:51:48	11.08	-0.01	10	11080	卖盘
13:51:45	11.09	--	5	5545	买盘
13:51:39	11.09	--	74	82066	买盘
13:51:30	11.09	--	4	4436	买盘
13:51:27	11.09	0.01	52	57668	买盘
13:51:24	11.08	0.01	20	22160	买盘
13:51:21	11.07	-0.01	104	116212	卖盘
13:51:18	11.08	--	124	137392	买盘
13:51:15	11.08	0.01	14	15512	买盘
13:51:12	11.07	0.01	92	101844	中性盘
13:51:09	11.06	-0.01	81	89586	卖盘
13:51:06	11.07	-0.01	171	189297	卖盘
13:51:03	11.08	0.01	5	5540	买盘
13:51:00	11.07	-0.01	5	5535	卖盘
13:50:57	11.08	--	1	1108	买盘
13:50:54	11.08	--	56	62048	买盘
13:50:51	11.08	0.02	4	4432	买盘
13:50:48	11.06	-0.02	60	66360	卖盘
13:50:42	11.08	--	10	11080	买盘
13:50:39	11.08	0.02	41	45428	买盘
13:50:36	11.06	-0.02	29	32074	卖盘
13:50:33	11.08	--	52	57616	买盘
13:50:27	11.08	0.02	8	8864	买盘
13:50:24	11.06	-0.02	138	152628	卖盘
13:50:15	11.08	--	1	1108	买盘
13:50:06	11.08	--	1	1108	买盘
13:50:03	11.08	--	4	4432	买盘
13:50:00	11.08	--	3	3324	买盘
13:49:57	11.08	0.03	18	19944	买盘
13:49:54	11.05	-0.02	147	162435	卖盘
13:49:51	11.07	--	29	32103	卖盘
13:49:42	11.07	0.02	16	17712	买盘
13:49:39	11.05	-0.02	93	102765	卖盘
13:49:36	11.07	--	61	67527	买盘
13:49:30	11.07	--	10	11070	买盘
13:49:27	11.07	0.01	2	2214	买盘
13:49:24	11.06	--	25	27650	卖盘
13:49:21	11.06	--	5	5530	卖盘
13:49:06	11.06	-0.01	29	32074	卖盘
13:49:03	11.07	--	7	7749	买盘
13:48:57	11.07	0.01	1	1107	买盘
13:48:54	11.06	0.01	153	169218	买盘
13:48:51	11.05	-0.01	92	101660	卖盘
13:48:45	11.06	--	10	11060	买盘
13:48:42	11.06	--	63	69678	买盘
13:48:39	11.06	0.01	13	14378	买盘
13:48:36	11.05	-0.02	15	16575	卖盘
13:48:33	11.07	0.01	59	65313	买盘
13:48:30	11.06	0.01	10	11060	中性盘
13:48:24	11.05	-0.02	74	81770	卖盘
13:48:18	11.07	-0.01	2	2214	卖盘
13:48:15	11.08	0.03	30	33240	买盘
13:48:12	11.05	-0.03	25	27625	卖盘
13:48:09	11.08	0.02	8	8864	买盘
13:48:06	11.06	-0.01	148	163688	卖盘
13:48:03	11.07	-0.01	10	11070	卖盘
13:47:57	11.08	0.01	43	47644	买盘
13:47:51	11.07	--	6	6642	卖盘
13:47:48	11.07	-0.01	11	12177	卖盘
13:47:45	11.08	0.02	16	17728	买盘
13:47:42	11.06	0.01	86	95116	中性盘
13:47:36	11.05	-0.01	1033	1141465	卖盘
13:47:27	11.06	-0.02	473	523193	卖盘
13:47:18	11.08	-0.01	253	280324	中性盘
13:47:12	11.09	0.02	16	17744	买盘
13:47:09	11.07	-0.01	24	26568	卖盘
13:47:06	11.08	0.01	4	4432	买盘
13:47:03	11.07	-0.01	22	24354	卖盘
13:47:00	11.08	--	39	43212	买盘
13:46:57	11.08	--	10	11080	买盘
13:46:54	11.08	0.01	48	53184	买盘
13:46:51	11.07	-0.01	11	12177	卖盘
13:46:48	11.08	0.01	48	54236	买盘
13:46:45	11.07	--	48	53136	买盘
13:46:42	11.07	--	103	114021	买盘
13:46:39	11.07	--	17	18874	卖盘
13:46:36	11.07	0.01	43	48652	中性盘
13:46:33	11.06	-0.01	148	163688	卖盘
13:46:24	11.07	-0.01	10	11070	卖盘
13:46:12	11.08	--	2	2216	买盘
13:46:06	11.08	0.02	10	11080	买盘
13:46:03	11.06	--	393	434658	卖盘
13:46:00	11.06	--	79	87374	卖盘
13:45:57	11.06	-0.01	53	58618	卖盘
13:45:54	11.07	--	47	52029	买盘
13:45:51	11.07	--	6	6642	买盘
13:45:48	11.07	0.01	66	73062	买盘
13:45:45	11.06	-0.04	1097	1213282	卖盘
13:45:42	11.1	0.01	8	8880	买盘
13:45:39	11.09	--	1	1109	卖盘
13:45:36	11.09	--	52	57668	卖盘
13:45:33	11.09	--	5	5545	买盘
13:45:27	11.09	0.01	58	64322	中性盘
13:45:24	11.08	-0.01	60	66480	卖盘
13:45:18	11.09	0.01	26	28834	买盘
13:45:15	11.08	--	49	54292	卖盘
13:45:09	11.08	--	31	34348	卖盘
13:45:06	11.08	-0.01	1	1108	卖盘
13:45:03	11.09	0.01	23	25507	买盘
13:45:00	11.08	-0.01	119	131852	卖盘
13:44:54	11.09	--	12	13308	买盘
13:44:51	11.09	--	87	96483	买盘
13:44:48	11.09	0.01	50	55450	买盘
13:44:45	11.08	--	1	1108	卖盘
13:44:42	11.08	-0.01	91	100828	卖盘
13:44:39	11.09	0.01	12	13308	买盘
13:44:36	11.08	0.01	2	2216	中性盘
13:44:33	11.07	--	10	11070	卖盘
13:44:30	11.07	--	110	121770	卖盘
13:44:27	11.07	--	38	42066	卖盘
13:44:24	11.07	--	10	11070	卖盘
13:44:18	11.07	0.01	6	6642	卖盘
13:44:15	11.06	-0.01	134	148204	卖盘
13:44:12	11.07	--	11	12177	卖盘
13:44:06	11.07	--	52	57564	买盘
13:44:03	11.07	0.01	5	5535	买盘
13:44:00	11.06	--	5	5530	卖盘
13:43:57	11.06	--	11	12166	卖盘
13:43:48	11.06	-0.02	13	14378	卖盘
13:43:45	11.08	0.02	19	21052	买盘
13:43:42	11.06	-0.02	270	298620	卖盘
13:43:39	11.08	0.01	8	8864	买盘
13:43:36	11.07	-0.01	28	30996	卖盘
13:43:33	11.08	--	7	7756	买盘
13:43:30	11.08	--	179	198332	买盘
13:43:24	11.08	--	32	35456	卖盘
13:43:21	11.08	--	10	11080	卖盘
13:43:18	11.08	--	200	221600	卖盘
13:43:06	11.08	--	5054	5599832	卖盘
13:43:03	11.08	--	46	50968	卖盘
13:43:00	11.08	--	2	2216	卖盘
13:42:57	11.08	-0.01	34	37672	卖盘
13:42:48	11.09	0.01	6	6654	买盘
13:42:42	11.08	--	398	440984	卖盘
13:42:39	11.08	--	20	22160	卖盘
13:42:36	11.08	--	5	5540	卖盘
13:42:33	11.08	--	63	69804	卖盘
13:42:30	11.08	--	70	77560	卖盘
13:42:27	11.08	0.01	6	6648	中性盘
13:42:24	11.07	-0.01	68	75276	卖盘
13:42:21	11.08	0.01	105	117414	买盘
13:42:18	11.07	--	51	56457	卖盘
13:42:15	11.07	-0.01	69	76383	卖盘
13:42:12	11.08	--	5	5540	买盘
13:42:09	11.08	--	388	429937	卖盘
13:42:06	11.08	-0.01	76	84208	卖盘
13:42:03	11.09	0.01	10	11090	买盘
13:41:57	11.08	--	11	12188	卖盘
13:41:54	11.08	-0.01	165	182820	卖盘
13:41:51	11.09	0.01	1	1109	买盘
13:41:45	11.08	-0.01	129	142932	卖盘
13:41:42	11.09	0.01	53	58777	买盘
13:41:36	11.08	-0.01	289	320212	卖盘
13:41:27	11.09	--	15	16635	卖盘
13:41:21	11.09	-0.01	34	37706	卖盘
13:41:15	11.1	0.01	27	29970	买盘
13:41:12	11.09	--	53	58777	卖盘
13:41:06	11.09	-0.01	2	2218	卖盘
13:41:00	11.1	--	1	1110	买盘
13:40:54	11.1	--	12	13320	买盘
13:40:42	11.1	--	42	46620	买盘
13:40:39	11.1	0.01	1	1110	买盘
13:40:36	11.09	0.01	2	2218	中性盘
13:40:33	11.08	-0.02	74	81992	卖盘
13:40:27	11.1	0.02	4	4440	买盘
13:40:24	11.08	--	10	11080	卖盘
13:40:06	11.08	-0.01	149	165092	卖盘
13:40:00	11.09	0.01	10	11090	买盘
13:39:57	11.08	-0.02	20	22160	卖盘
13:39:51	11.1	0.02	24	26640	买盘
13:39:48	11.08	-0.01	200	221600	卖盘
13:39:42	11.09	--	14	16601	买盘
13:39:36	11.09	--	4	4436	买盘
13:39:33	11.09	--	1	1109	买盘
13:39:24	11.09	0.01	2	2218	买盘
13:39:21	11.08	-0.01	149	165092	卖盘
13:39:18	11.09	--	87	96516	卖盘
13:39:15	11.09	--	11	12199	卖盘
13:39:12	11.09	--	10	11090	卖盘
13:39:09	11.09	-0.01	26	28834	卖盘
13:39:06	11.1	0.01	173	192030	买盘
13:39:03	11.09	-0.01	80	88720	卖盘
13:39:00	11.1	--	1	1110	买盘
13:38:57	11.1	0.01	14	15540	中性盘
13:38:45	11.09	-0.01	70	77630	卖盘
13:38:42	11.1	0.01	40	44400	买盘
13:38:36	11.09	-0.01	169	187421	卖盘
13:38:33	11.1	0.01	2	2220	买盘
13:38:30	11.09	-0.01	10	11090	卖盘
13:38:27	11.1	--	5	5550	买盘
13:38:21	11.1	--	1	1110	买盘
13:38:18	11.1	--	4	4440	买盘
13:38:09	11.1	0.01	5	5550	买盘
13:38:06	11.09	-0.01	1	1109	卖盘
13:38:03	11.1	--	131	145410	买盘
13:37:54	11.1	--	6	6660	买盘
13:37:51	11.1	0.01	1	1110	买盘
13:37:48	11.09	-0.01	183	202947	卖盘
13:37:45	11.1	-0.01	2	2220	卖盘
13:37:42	11.11	0.02	41	45551	买盘
13:37:39	11.09	-0.01	574	636566	卖盘
13:37:33	11.1	-0.01	10	11100	卖盘
13:37:27	11.11	--	5	5555	买盘
13:37:15	11.11	--	15	16665	买盘
13:37:09	11.11	--	1	1111	买盘
13:37:06	11.11	0.01	2	2222	买盘
13:37:03	11.1	-0.01	46	51060	卖盘
13:37:00	11.11	--	3	3333	买盘
13:36:57	11.11	0.01	10	11110	买盘
13:36:54	11.1	--	121	134310	卖盘
13:36:48	11.1	-0.01	28	31080	卖盘
13:36:45	11.11	-0.01	93	103323	卖盘
13:36:42	11.12	0.01	41	45592	买盘
13:36:39	11.11	--	12	13332	卖盘
13:36:33	11.11	-0.01	50	55550	卖盘
13:36:30	11.12	0.01	5	5560	买盘
13:36:27	11.11	--	28	31108	买盘
13:36:18	11.11	--	54	59994	买盘
13:36:15	11.11	0.01	2	2222	买盘
13:36:09	11.1	-0.01	129	143190	卖盘
13:36:03	11.11	--	3	3333	买盘
13:36:00	11.11	--	7	7777	买盘
13:35:48	11.11	--	60	66660	买盘
13:35:42	11.11	--	2	2222	买盘
13:35:39	11.11	0.01	51	56661	买盘
13:35:33	11.1	--	40	44400	卖盘
13:35:30	11.1	--	48	53280	卖盘
13:35:21	11.1	-0.01	126	139860	卖盘
13:35:15	11.11	--	10	11110	买盘
13:35:09	11.11	--	32	35552	卖盘
13:35:00	11.11	--	8	8888	卖盘
13:34:51	11.11	--	41	45551	买盘
13:34:48	11.11	0.01	4	4444	买盘
13:34:45	11.1	-0.02	40	44400	卖盘
13:34:42	11.12	--	41	45592	买盘
13:34:39	11.12	0.02	1	1112	买盘
13:34:36	11.1	-0.02	255	283050	卖盘
13:34:33	11.12	0.02	6	6671	买盘
13:34:27	11.1	-0.02	176	195360	卖盘
13:34:18	11.12	-0.01	98	108975	卖盘
13:34:15	11.13	0.01	11	12243	买盘
13:34:12	11.12	--	21	23352	卖盘
13:34:03	11.12	--	10	11120	卖盘
13:34:00	11.12	--	23	25576	卖盘
13:33:57	11.12	--	43	47816	卖盘
13:33:54	11.12	--	125	139000	买盘
13:33:51	11.12	--	11	12232	买盘
13:33:45	11.12	0.02	24	26687	买盘
13:33:42	11.1	-0.01	45	49950	卖盘
13:33:39	11.11	--	6	7743	买盘
13:33:36	11.11	0.02	73	81103	买盘
13:33:27	11.09	-0.02	41	45469	卖盘
13:33:24	11.11	0.01	8	8888	买盘
13:33:18	11.1	--	3	3330	买盘
13:33:15	11.1	-0.01	1	1110	中性盘
13:33:09	11.11	0.01	182	202202	买盘
13:33:06	11.1	-0.01	422	468420	卖盘
13:33:03	11.11	--	1	1111	买盘
13:33:00	11.11	--	180	199980	买盘
13:32:57	11.11	--	61	67771	买盘
13:32:51	11.11	0.01	65	72215	买盘
13:32:45	11.1	--	52	57720	卖盘
13:32:39	11.1	-0.01	145	160950	卖盘
13:32:36	11.11	0.01	35	38885	买盘
13:32:33	11.1	--	4	4440	卖盘
13:32:30	11.1	--	182	202020	卖盘
13:32:27	11.1	--	9	9990	卖盘
13:32:24	11.1	-0.01	107	118770	卖盘
13:32:21	11.11	0.01	6	6666	买盘
13:32:15	11.1	-0.01	25	27750	卖盘
13:32:12	11.11	0.01	3	3333	买盘
13:32:09	11.1	-0.01	247	274170	卖盘
13:32:06	11.11	--	30	33330	买盘
13:31:54	11.11	0.01	10	11110	买盘
13:31:51	11.1	-0.01	16	17760	卖盘
13:31:45	11.11	0.01	20	22220	买盘
13:31:42	11.1	--	2	2220	卖盘
13:31:39	11.1	--	1	1110	卖盘
13:31:36	11.1	--	290	321900	买盘
13:31:33	11.1	--	198	219780	买盘
13:31:30	11.1	--	4	4440	买盘
13:31:27	11.1	--	14	15540	买盘
13:31:24	11.1	--	113	125430	买盘
13:31:21	11.1	-0.01	312	346320	卖盘
13:31:18	11.11	--	10	11110	买盘
13:31:15	11.11	--	39	43329	买盘
13:31:12	11.11	--	10	11110	买盘
13:31:09	11.11	--	17	18887	买盘
13:31:06	11.11	--	1	1111	买盘
13:31:03	11.11	--	125	138908	卖盘
13:30:54	11.11	0.01	406	452143	买盘
13:30:51	11.1	-0.01	462	512853	卖盘
13:30:48	11.11	--	60	66660	买盘
13:30:42	11.11	--	52	57772	买盘
13:30:39	11.11	0.01	767	852137	买盘
13:30:33	11.1	--	300	333000	卖盘
13:30:21	11.1	--	21	23310	卖盘
13:30:18	11.1	-0.02	80	88800	卖盘
13:30:15	11.12	0.01	13	14455	买盘
13:30:09	11.11	0.01	10	11110	中性盘
13:29:57	11.1	-0.01	502	557220	卖盘
13:29:51	11.11	--	57	63327	卖盘
13:29:48	11.11	--	206	228866	卖盘
13:29:45	11.11	--	2	2222	卖盘
13:29:42	11.11	-0.01	10	11110	卖盘
13:29:39	11.12	0.01	41	45592	买盘
13:29:36	11.11	--	5	5555	卖盘
13:29:27	11.11	0.01	15	16665	买盘
13:29:24	11.1	--	74	82140	卖盘
13:29:21	11.1	-0.01	6	6660	卖盘
13:29:18	11.11	--	12	13332	买盘
13:29:15	11.11	--	3	3333	买盘
13:29:12	11.11	--	26	28886	买盘
13:29:09	11.11	0.01	89	98879	买盘
13:29:06	11.1	--	2	2220	卖盘
13:29:03	11.1	--	14	15540	卖盘
13:29:00	11.1	--	30	33300	卖盘
13:28:57	11.1	--	127	142046	买盘
13:28:54	11.1	0.01	92	102120	买盘
13:28:51	11.09	-0.01	76	84284	买盘
13:28:48	11.1	0.01	297	329670	买盘
13:28:45	11.09	-0.01	26	28834	卖盘
13:28:42	11.1	0.01	24	26640	买盘
13:28:39	11.09	-0.01	49	54341	卖盘
13:28:36	11.1	--	2	2220	买盘
13:28:33	11.1	--	18	19980	买盘
13:28:30	11.1	--	50	55500	买盘
13:28:27	11.1	--	72	79920	买盘
13:28:24	11.1	--	69	76623	卖盘
13:28:21	11.1	-0.01	107	118770	卖盘
13:28:18	11.11	-0.01	70	77770	卖盘
13:28:15	11.12	0.02	5	5560	中性盘
13:28:06	11.1	--	130	144300	卖盘
13:28:03	11.1	-0.03	271	300810	卖盘
13:28:00	11.13	--	100	111300	买盘
13:27:54	11.13	--	50	55650	买盘
13:27:51	11.13	--	139	154707	买盘
13:27:48	11.13	--	1018	1133034	买盘
13:27:45	11.13	--	38	42294	买盘
13:27:42	11.13	-0.01	79	87927	卖盘
13:27:39	11.14	--	61	67954	买盘
13:27:33	11.14	--	1	1114	买盘
13:27:27	11.14	--	3	3342	买盘
13:27:24	11.14	--	1	1114	买盘
13:27:21	11.14	--	10	11140	买盘
13:27:12	11.14	--	10	11140	买盘
13:27:09	11.14	--	2	2228	买盘
13:26:57	11.14	--	20	22280	买盘
13:26:54	11.14	0.01	16	17824	买盘
13:26:51	11.13	-0.01	6	6678	卖盘
13:26:48	11.14	--	1	1114	买盘
13:26:45	11.14	--	4	4456	买盘
13:26:39	11.14	0.01	141	157074	买盘
13:26:36	11.13	-0.01	5	5565	卖盘
13:26:27	11.14	0.01	43	47902	买盘
13:26:21	11.13	-0.01	20	22260	卖盘
13:26:18	11.14	--	3	3342	买盘
13:26:15	11.14	0.01	21	23394	买盘
13:26:09	11.13	-0.01	20	22260	卖盘
13:26:06	11.14	0.02	6	6684	买盘
13:25:39	11.12	--	48	53375	买盘
13:25:36	11.12	0.01	10	11120	买盘
13:25:33	11.11	-0.01	2	2222	卖盘
13:25:30	11.12	--	22	24464	买盘
13:25:27	11.12	--	5	5560	买盘
13:25:24	11.12	0.01	33	36696	买盘
13:25:21	11.11	-0.01	10	11110	中性盘
13:25:18	11.12	0.02	10	11120	买盘
13:25:15	11.1	-0.02	133	147630	卖盘
13:25:12	11.12	--	3	3335	买盘
13:25:09	11.12	0.01	32	35584	买盘
13:25:03	11.11	-0.01	325	361075	卖盘
13:25:00	11.12	--	14	15567	买盘
13:24:54	11.12	--	16	17792	买盘
13:24:51	11.12	-0.01	177	196824	卖盘
13:24:42	11.13	-0.01	348	387324	卖盘
13:24:39	11.14	--	59	65726	买盘
13:24:36	11.14	--	21	23394	买盘
13:24:33	11.14	-0.01	212	236168	卖盘
13:24:30	11.15	--	43	47945	买盘
13:24:27	11.15	0.01	1	1115	买盘
13:24:24	11.14	-0.01	130	144820	卖盘
13:24:15	11.15	--	3	3345	买盘
13:24:06	11.15	--	3	3345	买盘
13:23:57	11.15	--	45	50175	买盘
13:23:45	11.15	0.01	1	1115	买盘
13:23:33	11.14	--	5	5570	卖盘
13:23:30	11.14	--	349	388786	买盘
13:23:27	11.14	-0.01	46	51244	卖盘
13:23:06	11.15	--	1	1115	买盘
13:23:03	11.15	--	1	1115	买盘
13:23:00	11.15	0.02	3	3345	买盘
13:22:48	11.13	--	4	4452	卖盘
13:22:45	11.13	--	4	4452	卖盘
13:22:39	11.13	-0.02	11	12243	卖盘
13:22:36	11.15	--	51	56865	买盘
13:22:30	11.15	0.02	1	1115	买盘
13:22:24	11.13	-0.01	52	57876	卖盘
13:22:21	11.14	--	40	44560	卖盘
13:22:15	11.14	--	52	57928	卖盘
13:22:06	11.14	-0.01	52	57928	卖盘
13:22:03	11.15	--	2	2230	买盘
13:21:51	11.15	--	1	1115	买盘
13:21:48	11.15	--	2	2230	买盘
13:21:45	11.15	--	2	2230	买盘
13:21:39	11.15	-0.01	381	424815	卖盘
13:21:30	11.16	--	7	7812	买盘
13:21:27	11.16	0.01	50	55800	买盘
13:21:21	11.15	-0.01	10	11150	卖盘
13:21:15	11.16	--	5	5580	买盘
13:21:12	11.16	--	10	11160	买盘
13:21:09	11.16	0.01	44	49104	买盘
13:21:03	11.15	--	5	5575	卖盘
13:21:00	11.15	--	20	22300	卖盘
13:20:57	11.15	-0.01	8	8920	卖盘
13:20:51	11.16	--	2	2232	买盘
13:20:45	11.16	--	11	12276	卖盘
13:20:42	11.16	-0.01	42	46872	卖盘
13:20:39	11.17	--	11	12287	买盘
13:20:36	11.17	0.01	42	46914	买盘
13:20:33	11.16	--	10	11160	卖盘
13:20:27	11.16	--	12	13392	卖盘
13:20:21	11.16	--	10	11160	卖盘
13:20:12	11.16	--	8	8928	买盘
13:20:06	11.16	--	10	11160	买盘
13:20:03	11.16	0.01	2	2232	中性盘
13:19:54	11.15	-0.02	130	144950	卖盘
13:19:45	11.17	0.01	3	3351	买盘
13:19:42	11.16	--	86	95976	买盘
13:19:39	11.16	--	13	14508	买盘
13:19:33	11.16	--	1	1116	买盘
13:19:27	11.16	0.01	10	11160	买盘
13:19:21	11.15	-0.01	3	3345	卖盘
13:19:18	11.16	--	19	21204	买盘
13:19:15	11.16	0.01	6	6696	买盘
13:19:09	11.15	-0.01	205	228575	卖盘
13:19:03	11.16	0.01	76	84816	买盘
13:18:51	11.15	--	12	13380	买盘
13:18:42	11.15	0.02	41	45715	买盘
13:18:33	11.13	-0.01	200	222600	卖盘
13:18:24	11.14	--	48	53472	买盘
13:18:21	11.14	--	1	1114	买盘
13:18:12	11.14	--	44	49016	买盘
13:18:09	11.14	--	20	22280	买盘
13:18:06	11.14	--	13	14482	买盘
13:18:00	11.14	-0.01	430	479020	卖盘
13:17:57	11.15	--	5	5575	买盘
13:17:51	11.15	0.01	80	89200	买盘
13:17:42	11.14	-0.01	1	1114	卖盘
13:17:39	11.15	0.01	11	12265	买盘
13:17:36	11.14	0.01	19	21166	买盘
13:17:33	11.13	-0.01	6	6678	卖盘
13:17:30	11.14	--	3	3342	买盘
13:17:27	11.14	--	40	44560	买盘
13:17:24	11.14	-0.01	34	37876	卖盘
13:17:12	11.15	0.01	18	20070	买盘
13:17:09	11.14	0.01	20	22280	中性盘
13:17:03	11.13	-0.02	187	208131	卖盘
13:17:00	11.15	0.02	30	33450	买盘
13:16:54	11.13	-0.02	10	11130	卖盘
13:16:51	11.15	-0.01	35	39025	卖盘
13:16:48	11.16	0.05	1	1116	买盘
13:16:45	11.11	-0.02	246	273306	卖盘
13:16:42	11.13	-0.02	73	82328	卖盘
13:16:39	11.15	--	35	39025	买盘
13:16:36	11.15	0.03	50	55750	买盘
13:16:33	11.12	-0.03	201	223511	卖盘
13:16:30	11.15	0.02	17	18955	买盘
13:16:27	11.13	-0.02	46	51198	卖盘
13:16:24	11.15	--	2	2230	买盘
13:16:21	11.15	--	5	5575	买盘
13:16:15	11.15	--	200	223000	买盘
13:16:12	11.15	--	10	11150	买盘
13:16:09	11.15	--	3	3378	卖盘
13:16:06	11.15	-0.01	12	13380	卖盘
13:16:00	11.16	--	101	112716	买盘
13:15:54	11.16	0.01	34	37944	买盘
13:15:51	11.15	-0.01	163	181745	卖盘
13:15:48	11.16	--	10	11160	买盘
13:15:42	11.16	--	41	45756	买盘
13:15:39	11.16	--	2	2232	中性盘
13:15:36	11.16	--	1	1116	买盘
13:15:33	11.16	0.01	12	13392	中性盘
13:15:24	11.15	--	117	130455	卖盘
13:15:21	11.15	-0.01	15	16725	卖盘
13:15:12	11.16	0.01	44	49104	中性盘
13:15:03	11.15	-0.01	127	142686	卖盘
13:15:00	11.16	--	26	29016	买盘
13:14:57	11.16	--	1	1116	买盘
13:14:54	11.16	--	21	23436	买盘
13:14:48	11.16	--	205	228813	卖盘
13:14:45	11.16	--	10	12242	买盘
13:14:42	11.16	--	76	84816	买盘
13:14:39	11.16	--	100	111600	买盘
13:14:36	11.16	--	5	5580	买盘
13:14:33	11.16	--	9	10044	买盘
13:14:24	11.16	--	10	11160	买盘
13:14:21	11.16	-0.01	61	68109	卖盘
13:14:15	11.17	--	4	4468	买盘
13:14:12	11.17	--	10	11170	买盘
13:14:09	11.17	-0.01	6	6702	卖盘
13:14:06	11.18	0.01	60	67080	买盘
13:14:03	11.17	--	20	22340	卖盘
13:14:00	11.17	--	10	11170	卖盘
13:13:57	11.17	0.01	577	644509	买盘
13:13:48	11.16	--	117	131654	买盘
13:13:42	11.16	--	170	189720	买盘
13:13:39	11.16	0.01	16	17856	买盘
13:13:30	11.15	--	109	121535	买盘
13:13:27	11.15	--	104	115960	买盘
13:13:24	11.15	0.01	99	110385	买盘
13:13:21	11.14	0.01	66	73524	买盘
13:13:18	11.13	-0.01	9	10017	卖盘
13:13:12	11.14	--	52	57928	买盘
13:13:06	11.14	0.01	14	15596	买盘
13:13:00	11.13	--	97	107961	买盘
13:12:54	11.13	--	117	130221	买盘
13:12:51	11.13	--	52	57876	买盘
13:12:48	11.13	--	4	4452	买盘
13:12:45	11.13	0.01	1	1113	买盘
13:12:42	11.12	--	141	156792	卖盘
13:12:36	11.12	-0.01	2	2224	卖盘
13:12:27	11.13	0.01	1	1113	买盘
13:12:15	11.12	--	169	187928	买盘
13:12:12	11.12	--	3	3335	买盘
13:11:57	11.12	0.01	1	1112	买盘
13:11:51	11.11	-0.01	1	1111	卖盘
13:11:48	11.12	0.01	2	2224	买盘
13:11:45	11.11	-0.01	2	2222	卖盘
13:11:42	11.12	--	71	78952	买盘
13:11:33	11.12	0.01	8	8896	买盘
13:11:30	11.11	-0.01	20	22220	卖盘
13:11:21	11.12	0.01	54	60047	买盘
13:11:18	11.11	-0.01	10	11110	卖盘
13:11:15	11.12	--	1	1112	买盘
13:11:12	11.12	--	4	4448	买盘
13:11:06	11.12	0.01	103	114535	买盘
13:11:03	11.11	-0.01	20	22220	卖盘
13:10:57	11.12	0.01	3	3335	买盘
13:10:54	11.11	-0.01	30	33330	卖盘
13:10:42	11.12	0.01	41	45592	买盘
13:10:39	11.11	--	49	54439	卖盘
13:10:36	11.11	--	9	9999	卖盘
13:10:33	11.11	--	5	5555	卖盘
13:10:30	11.11	-0.01	2	2222	卖盘
13:10:27	11.12	--	60	66720	买盘
13:10:21	11.12	--	6	6671	买盘
13:10:15	11.12	--	10	11120	买盘
13:10:09	11.12	--	5	5560	买盘
13:09:57	11.12	--	2	2224	买盘
13:09:51	11.12	0.01	3	3335	买盘
13:09:42	11.11	--	5	5555	买盘
13:09:39	11.11	0.01	2	2222	买盘
13:09:33	11.1	--	5	5550	卖盘
13:09:15	11.1	--	11	12210	卖盘
13:09:12	11.1	-0.01	5	5550	卖盘
13:08:57	11.11	--	5	5555	买盘
13:08:51	11.11	0.01	3	3333	买盘
13:08:42	11.1	-0.01	61	67710	卖盘
13:08:18	11.11	0.01	5	5555	买盘
13:08:12	11.1	--	118	130980	买盘
13:08:09	11.1	--	45	49950	买盘
13:08:06	11.1	-0.01	439	487290	卖盘
13:08:03	11.11	--	3	3333	买盘
13:08:00	11.11	--	22	24442	买盘
13:07:57	11.11	--	1	1111	买盘
13:07:54	11.11	--	11	12221	买盘
13:07:45	11.11	--	4	4444	买盘
13:07:42	11.11	--	45	49995	买盘
13:07:39	11.11	--	41	45551	买盘
13:07:36	11.11	--	21	23331	买盘
13:07:33	11.11	--	6	6666	买盘
13:07:30	11.11	--	3	3333	买盘
13:07:24	11.11	-0.01	54	59994	卖盘
13:07:21	11.12	0.01	5	5560	买盘
13:07:15	11.11	--	241	267751	卖盘
13:07:03	11.11	--	3	3333	卖盘
13:07:00	11.11	--	1	1111	卖盘
13:06:54	11.11	--	16	17776	卖盘
13:06:51	11.11	--	10	11110	卖盘
13:06:45	11.11	--	6	6666	卖盘
13:06:39	11.11	0.01	11	12221	买盘
13:06:36	11.1	--	9	9990	卖盘
13:06:33	11.1	-0.01	4	4440	卖盘
13:06:27	11.11	0.01	8	8888	买盘
13:06:24	11.1	-0.01	32	35520	卖盘
13:06:21	11.11	--	20	22220	买盘
13:06:15	11.11	--	10	11110	买盘
13:06:09	11.11	--	146	162206	买盘
13:06:06	11.11	--	5	5555	买盘
13:05:45	11.11	--	1	1111	买盘
13:05:39	11.11	--	41	45551	买盘
13:05:36	11.11	--	5	5555	买盘
13:05:33	11.11	0.01	5	5555	买盘
13:05:27	11.1	-0.01	200	222000	卖盘
13:05:24	11.11	0.01	1	1111	买盘
13:05:18	11.1	-0.01	1	1110	卖盘
13:05:12	11.11	--	12	13332	买盘
13:05:09	11.11	-0.01	27	29997	中性盘
13:04:57	11.12	--	10	11120	买盘
13:04:54	11.12	0.02	3	3335	买盘
13:04:42	11.1	--	1	1110	卖盘
13:04:39	11.1	--	100	111000	卖盘
13:04:15	11.1	--	240	266400	卖盘
13:04:09	11.1	-0.01	21	23310	卖盘
13:03:54	11.11	0.01	3	3333	买盘
13:03:51	11.1	--	9	9990	买盘
13:03:48	11.1	--	57	63270	买盘
13:03:39	11.1	--	103	114330	买盘
13:03:33	11.1	-0.01	131	145410	卖盘
13:03:24	11.11	--	55	61105	买盘
13:03:06	11.11	0.01	2	2222	买盘
13:03:03	11.1	0.01	12	13320	中性盘
13:03:00	11.09	-0.01	30	33270	卖盘
13:02:57	11.1	--	94	104340	买盘
13:02:39	11.1	--	41	45510	买盘
13:02:27	11.1	--	4	4440	买盘
13:02:24	11.1	-0.01	18	19980	卖盘
13:02:18	11.11	0.01	195	216645	买盘
13:02:12	11.1	-0.01	162	179820	卖盘
13:02:06	11.11	--	5	5555	买盘
13:02:03	11.11	--	10	11110	买盘
13:01:57	11.11	--	49	54439	买盘
13:01:51	11.11	0.01	1	1111	买盘
13:01:48	11.1	-0.01	4	4440	卖盘
13:01:45	11.11	-0.01	34	37774	卖盘
13:01:42	11.12	--	85	94520	买盘
13:01:39	11.12	0.01	41	45592	买盘
13:01:30	11.11	-0.01	5	5555	卖盘
13:01:27	11.12	--	1	1112	买盘
13:01:06	11.12	--	4	4448	买盘
13:01:03	11.12	-0.01	3	3335	中性盘
13:00:48	11.13	0.02	2	2226	买盘
13:00:45	11.11	0.01	4	4444	中性盘
13:00:39	11.1	--	1	1110	卖盘
13:00:36	11.1	-0.02	49	54390	卖盘
13:00:15	11.12	0.02	2	2224	买盘
13:00:12	11.1	--	50	55500	卖盘
13:00:09	11.1	-0.03	65	72150	卖盘
13:00:06	11.13	0.03	289	321657	买盘
13:00:03	11.1	--	0	0	卖盘
11:30:03	11.1	--	0	0	中性盘
11:29:51	11.1	--	6	6660	买盘
11:29:48	11.1	-0.02	152	168720	卖盘
11:29:42	11.12	-0.01	306	340272	卖盘
11:29:39	11.13	0.02	48	53424	买盘
11:29:18	11.11	-0.01	13	14443	卖盘
11:29:15	11.12	--	14	15567	买盘
11:29:00	11.12	0.02	2	2224	买盘
11:28:57	11.1	--	2	2220	卖盘
11:28:48	11.1	-0.02	40	44400	卖盘
11:28:45	11.12	0.02	88	97856	买盘
11:28:42	11.1	-0.02	1	1110	卖盘
11:28:39	11.12	--	8	8896	买盘
11:28:30	11.12	0.02	92	102304	买盘
11:28:24	11.1	--	13	14430	买盘
11:28:21	11.1	--	121	134310	买盘
11:28:12	11.1	--	24	26640	买盘
11:28:09	11.1	--	5	5550	买盘
11:28:06	11.1	--	7	7770	买盘
11:28:03	11.1	--	5	5550	买盘
11:27:54	11.1	--	12	13320	买盘
11:27:51	11.1	--	1	1110	买盘
11:27:48	11.1	0.01	10	11100	买盘
11:27:45	11.09	-0.01	1	1109	卖盘
11:27:42	11.1	--	50	55500	买盘
11:27:39	11.1	0.01	41	45510	买盘
11:27:36	11.09	--	4	4436	卖盘
11:27:30	11.09	-0.01	50	55450	卖盘
11:27:24	11.1	0.01	6	6660	买盘
11:27:15	11.09	--	38	43228	买盘
11:27:12	11.09	--	20	22180	买盘
11:27:09	11.09	--	3	3327	买盘
11:27:06	11.09	--	420	465780	买盘
11:27:03	11.09	--	10	11090	买盘
11:26:57	11.09	--	5	5545	买盘
11:26:54	11.09	0.01	2	2218	买盘
11:26:48	11.08	-0.01	8	8864	卖盘
11:26:45	11.09	--	3	3327	买盘
11:26:42	11.09	--	16	17744	买盘
11:26:39	11.09	--	4	4436	买盘
11:26:36	11.09	0.01	41	45469	买盘
11:26:33	11.08	-0.01	20	22160	卖盘
11:26:27	11.09	0.01	130	144170	买盘
11:26:21	11.08	-0.01	21	23268	卖盘
11:26:15	11.09	0.01	4	4436	买盘
11:26:09	11.08	--	52	57616	卖盘
11:26:06	11.08	--	51	56508	买盘
11:26:00	11.08	0.01	161	178388	买盘
11:25:51	11.07	-0.01	7	7749	卖盘
11:25:39	11.08	--	38	42104	买盘
11:25:36	11.08	-0.01	51	56508	卖盘
11:25:33	11.09	0.02	52	57668	买盘
11:25:30	11.07	-0.01	32	35424	卖盘
11:25:18	11.08	-0.01	85	94180	卖盘
11:25:12	11.09	0.01	68	75412	买盘
11:25:09	11.08	--	50	55400	卖盘
11:25:06	11.08	0.01	91	100828	买盘
11:25:03	11.07	-0.01	67	74169	卖盘
11:25:00	11.08	--	3	3324	买盘
11:24:57	11.08	0.01	1	1108	买盘
11:24:45	11.07	-0.01	53	58671	卖盘
11:24:42	11.08	--	16	17728	买盘
11:24:36	11.08	--	41	45428	买盘
11:24:27	11.08	--	5	5540	买盘
11:24:24	11.08	--	100	110800	买盘
11:24:18	11.08	0.01	2	2216	买盘
11:24:15	11.07	-0.01	85	94095	卖盘
11:24:12	11.08	--	15	16620	买盘
11:24:09	11.08	--	10	11080	买盘
11:24:06	11.08	--	22	24376	买盘
11:24:03	11.08	--	158	175064	卖盘
11:24:00	11.08	-0.01	57	63156	卖盘
11:23:57	11.09	--	10	11090	买盘
11:23:42	11.09	--	55	60995	卖盘
11:23:39	11.09	-0.01	5	5545	卖盘
11:23:36	11.1	--	147	163170	买盘
11:23:27	11.1	--	10	11100	买盘
11:23:18	11.1	--	5	5550	买盘
11:23:15	11.1	0.01	2	2220	买盘
11:22:57	11.09	0.01	103	114227	买盘
11:22:54	11.08	-0.01	1	1108	卖盘
11:22:45	11.09	0.01	49	54341	买盘
11:22:42	11.08	-0.01	20	22160	卖盘
11:22:36	11.09	--	90	99810	买盘
11:22:33	11.09	0.01	1	1109	买盘
11:22:30	11.08	-0.01	36	39888	卖盘
11:22:24	11.09	--	303	336027	买盘
11:22:21	11.09	0.02	9	9981	买盘
11:22:18	11.07	--	1	1107	卖盘
11:22:15	11.07	-0.02	49	54243	卖盘
11:22:06	11.09	--	4	4436	买盘
11:21:57	11.09	0.01	188	208492	买盘
11:21:48	11.08	--	6	6648	买盘
11:21:42	11.08	--	10	11080	买盘
11:21:39	11.08	--	7	7756	买盘
11:21:36	11.08	--	57	63156	买盘
11:21:27	11.08	--	110	121880	买盘
11:21:21	11.08	--	139	154012	买盘
11:21:15	11.08	0.01	49	54292	买盘
11:21:12	11.07	-0.01	3	3321	卖盘
11:21:09	11.08	--	5	5540	买盘
11:21:00	11.08	0.01	12	13296	买盘
11:20:51	11.07	-0.01	6	6642	卖盘
11:20:45	11.08	--	4	4432	买盘
11:20:39	11.08	--	5	5540	买盘
11:20:36	11.08	--	75	83100	买盘
11:20:33	11.08	0.01	10	11080	买盘
11:20:24	11.07	-0.01	14	15498	卖盘
11:20:21	11.08	--	42	46536	买盘
11:20:18	11.08	--	32	35456	买盘
11:20:12	11.08	0.01	8	8864	买盘
11:20:09	11.07	--	3	3321	买盘
11:20:06	11.07	0.01	50	55350	中性盘
11:20:03	11.06	-0.01	6	6636	卖盘
11:20:00	11.07	--	39	43173	卖盘
11:19:51	11.07	--	10	11070	卖盘
11:19:48	11.07	--	71	78597	卖盘
11:19:39	11.07	--	107	118449	卖盘
11:19:36	11.07	--	33	36531	卖盘
11:19:30	11.07	--	1	1107	卖盘
11:19:24	11.07	-0.01	49	54243	卖盘
11:19:21	11.08	0.01	2	2216	买盘
11:19:18	11.07	--	38	42066	卖盘
11:19:09	11.07	--	65	71955	卖盘
11:19:06	11.07	--	98	109338	卖盘
11:19:03	11.07	--	340	376380	买盘
11:18:51	11.07	--	74	81918	买盘
11:18:48	11.07	--	15	16605	买盘
11:18:45	11.07	--	126	139482	买盘
11:18:42	11.07	--	30	33210	买盘
11:18:30	11.07	--	5	5535	买盘
11:18:27	11.07	--	43	47601	买盘
11:18:24	11.07	0.01	10	11070	买盘
11:18:21	11.06	--	1	1106	卖盘
11:18:18	11.06	--	10	11060	卖盘
11:18:15	11.06	-0.01	20	22120	卖盘
11:18:12	11.07	0.01	10	11070	买盘
11:18:09	11.06	-0.01	19	21014	卖盘
11:18:03	11.07	0.01	5	5535	买盘
11:17:57	11.06	-0.01	394	435764	卖盘
11:17:54	11.07	--	29	32103	买盘
11:17:51	11.07	--	3	3321	买盘
11:17:45	11.07	--	45	49815	买盘
11:17:39	11.07	0.01	5	5535	买盘
11:17:33	11.06	-0.01	28	30968	卖盘
11:17:21	11.07	0.01	5	5535	买盘
11:17:18	11.06	-0.01	100	110600	卖盘
11:17:12	11.07	--	3	3321	买盘
11:17:09	11.07	--	5	5535	买盘
11:16:57	11.07	0.01	167	184869	买盘
11:16:54	11.06	0.01	5	5530	买盘
11:16:51	11.05	--	54	59670	卖盘
11:16:48	11.05	-0.01	20	22100	卖盘
11:16:45	11.06	0.01	46	50876	买盘
11:16:42	11.05	-0.01	133	146965	卖盘
11:16:39	11.06	--	10	11060	买盘
11:16:36	11.06	--	31	34286	买盘
11:16:33	11.06	--	14	15484	买盘
11:16:30	11.06	--	22	24332	中性盘
11:16:24	11.06	-0.01	143	158158	卖盘
11:16:21	11.07	--	4	4428	买盘
11:16:15	11.07	--	17	18819	买盘
11:16:09	11.07	--	132	146124	买盘
11:16:06	11.07	--	13	14391	买盘
11:16:03	11.07	--	11	12177	买盘
11:16:00	11.07	--	5	5535	买盘
11:15:54	11.07	0.01	3	3321	买盘
11:15:51	11.06	--	67	74102	卖盘
11:15:48	11.06	-0.01	2	2212	卖盘
11:15:45	11.07	0.01	4	4428	买盘
11:15:42	11.06	-0.01	33	36498	卖盘
11:15:36	11.07	--	45	49815	买盘
11:15:27	11.07	--	3	3321	买盘
11:15:24	11.07	--	4	4428	买盘
11:15:21	11.07	0.01	30	33210	买盘
11:15:15	11.06	--	105	116130	卖盘
11:15:09	11.06	-0.01	4	4424	卖盘
11:15:06	11.07	--	66	73062	买盘
11:15:03	11.07	0.01	2	2214	买盘
11:15:00	11.06	--	10	11060	卖盘
11:14:57	11.06	-0.01	4	4424	卖盘
11:14:51	11.07	--	11	12177	买盘
11:14:48	11.07	0.01	24	26568	买盘
11:14:45	11.06	-0.01	50	55300	卖盘
11:14:39	11.07	--	4	4428	买盘
11:14:36	11.07	--	20	22140	买盘
11:14:30	11.07	--	12	13284	买盘
11:14:27	11.07	--	22	24354	买盘
11:14:24	11.07	--	30	33210	卖盘
11:14:21	11.07	-0.01	16	17712	卖盘
11:14:12	11.08	0.01	5	5540	买盘
11:14:06	11.07	--	196	216972	买盘
11:14:03	11.07	0.01	7	7749	买盘
11:14:00	11.06	-0.01	1	1106	卖盘
11:13:57	11.07	--	10	11070	买盘
11:13:51	11.07	0.01	243	269001	买盘
11:13:48	11.06	-0.01	4	4424	卖盘
11:13:45	11.07	-0.01	471	521397	卖盘
11:13:33	11.08	--	202	223816	买盘
11:13:30	11.08	--	20	22160	买盘
11:13:21	11.08	--	10	11080	买盘
11:13:18	11.08	--	41	45428	买盘
11:13:15	11.08	--	5	5540	买盘
11:13:09	11.08	--	2	2216	买盘
11:13:06	11.08	0.01	66	73128	买盘
11:13:03	11.07	-0.01	110	121770	卖盘
11:13:00	11.08	0.01	39	43212	买盘
11:12:54	11.07	--	13	14391	卖盘
11:12:51	11.07	-0.01	17	18819	卖盘
11:12:48	11.08	0.01	33	36564	买盘
11:12:42	11.07	--	10	11070	卖盘
11:12:36	11.07	--	3	3321	买盘
11:12:33	11.07	--	25	27675	买盘
11:12:30	11.07	--	3	3321	买盘
11:12:27	11.07	--	27	29889	买盘
11:12:24	11.07	0.01	216	239112	买盘
11:12:18	11.06	-0.01	10	11060	卖盘
11:12:15	11.07	--	11	12177	买盘
11:12:12	11.07	--	11	12177	买盘
11:12:09	11.07	0.01	12	13284	买盘
11:12:06	11.06	-0.01	9	9954	卖盘
11:12:03	11.07	--	6	6642	买盘
11:12:00	11.07	-0.01	23	25461	卖盘
11:11:57	11.08	0.01	5	5540	买盘
11:11:54	11.07	0.01	5	5535	中性盘
11:11:51	11.06	-0.02	59	65254	卖盘
11:11:45	11.08	0.01	394	436552	买盘
11:11:42	11.07	0.01	12	13284	买盘
11:11:39	11.06	--	5	5530	卖盘
11:11:36	11.06	--	30	33180	卖盘
11:11:24	11.06	--	23	25438	买盘
11:11:21	11.06	0.01	10	11060	买盘
11:11:18	11.05	-0.01	502	554710	卖盘
11:11:15	11.06	--	5	5530	卖盘
11:11:12	11.06	--	7	7742	买盘
11:11:09	11.06	--	6	6636	买盘
11:11:06	11.06	-0.01	17	18802	中性盘
11:11:03	11.07	0.01	63	69741	买盘
11:11:00	11.06	--	50	55300	卖盘
11:10:57	11.06	0.01	5	5530	卖盘
11:10:51	11.05	-0.02	100	110500	卖盘
11:10:48	11.07	--	80	88560	买盘
11:10:45	11.07	0.01	4	4428	买盘
11:10:42	11.06	0.01	100	110600	买盘
11:10:39	11.05	--	1	1105	卖盘
11:10:27	11.05	--	33	36465	卖盘
11:10:24	11.05	-0.01	2	2210	卖盘
11:10:15	11.06	0.02	10	11060	中性盘
11:10:12	11.04	-0.03	1000	1104000	卖盘
11:10:09	11.07	0.01	37	40959	中性盘
11:10:06	11.06	-0.01	12	13272	中性盘
11:10:03	11.07	0.02	165	182655	买盘
11:10:00	11.05	-0.01	6	6630	中性盘
11:09:57	11.06	0.02	5	5530	买盘
11:09:54	11.04	-0.02	116	128063	卖盘
11:09:51	11.06	--	5	5530	买盘
11:09:48	11.06	0.02	1005	1111530	买盘
11:09:45	11.04	-0.01	128	141312	卖盘
11:09:42	11.05	--	73	80665	买盘
11:09:39	11.05	0.02	108	119340	买盘
11:09:36	11.03	-0.01	286	315458	卖盘
11:09:33	11.04	--	140	154560	买盘
11:09:30	11.04	0.01	20	22080	买盘
11:09:24	11.03	-0.01	7	7721	卖盘
11:09:21	11.04	--	275	303600	买盘
11:09:18	11.04	0.01	13	14351	买盘
11:09:15	11.03	--	8	8824	卖盘
11:09:12	11.03	-0.01	53	58459	卖盘
11:09:09	11.04	--	143	157872	买盘
11:09:06	11.04	--	23	25391	卖盘
11:09:03	11.04	-0.01	10	11040	卖盘
11:09:00	11.05	0.02	54	59670	买盘
11:08:57	11.03	--	79	87137	买盘
11:08:54	11.03	--	222	244866	买盘
11:08:51	11.03	--	2	2206	买盘
11:08:48	11.03	--	114	125741	买盘
11:08:45	11.03	--	151	166553	卖盘
11:08:42	11.03	-0.02	569	627607	卖盘
11:08:39	11.05	--	17	18785	买盘
11:08:36	11.05	--	15	16575	买盘
11:08:33	11.05	0.01	147	162435	买盘
11:08:30	11.04	0.01	47	51887	中性盘
11:08:27	11.03	-0.02	5	5515	卖盘
11:08:24	11.05	0.02	11	12155	买盘
11:08:18	11.03	--	26	28678	卖盘
11:08:12	11.03	--	4	4412	卖盘
11:08:09	11.03	--	4	4412	卖盘
11:08:06	11.03	-0.02	51	56253	卖盘
11:08:03	11.05	--	18	19890	买盘
11:08:00	11.05	0.02	10	11050	中性盘
11:07:57	11.03	-0.03	120	132360	卖盘
11:07:51	11.06	--	550	608300	买盘
11:07:48	11.06	-0.01	46	50876	中性盘
11:07:45	11.07	--	2	2214	买盘
11:07:42	11.07	0.01	2114	2340198	买盘
11:07:39	11.06	-0.01	107	118342	卖盘
11:07:36	11.07	--	18	19926	买盘
11:07:33	11.07	--	269	297783	卖盘
11:07:30	11.07	--	89	98523	卖盘
11:07:24	11.07	-0.01	98	108486	卖盘
11:07:18	11.08	0.01	51	56508	买盘
11:07:15	11.07	--	104	115128	卖盘
11:07:06	11.07	-0.01	124	137268	卖盘
11:07:03	11.08	--	211	233788	卖盘
11:06:57	11.08	--	37	40996	卖盘
11:06:54	11.08	-0.01	7	7756	卖盘
11:06:51	11.09	0.01	9	9981	买盘
11:06:48	11.08	-0.01	287	317996	卖盘
11:06:39	11.09	--	10	11090	买盘
11:06:36	11.09	--	7	7763	买盘
11:06:33	11.09	--	40	44360	买盘
11:06:30	11.09	--	60	66540	买盘
11:06:27	11.09	-0.01	772	856148	卖盘
11:06:21	11.1	--	117	129870	买盘
11:06:12	11.1	--	15	16650	买盘
11:06:09	11.1	--	2	2220	买盘
11:06:06	11.1	--	2	2220	买盘
11:06:03	11.1	0.01	35	38850	买盘
11:06:00	11.09	-0.01	169	187421	卖盘
11:05:57	11.1	--	1	1110	买盘
11:05:54	11.1	--	16	17760	买盘
11:05:51	11.1	--	4	4440	买盘
11:05:48	11.1	--	30	33300	买盘
11:05:45	11.1	--	1	1110	买盘
11:05:42	11.1	--	2	2220	买盘
11:05:39	11.1	--	50	55500	买盘
11:05:36	11.1	--	107	118770	买盘
11:05:30	11.1	0.01	10	11100	买盘
11:05:27	11.09	-0.01	22	24398	卖盘
11:05:21	11.1	--	10	11100	买盘
11:05:18	11.1	--	30	33300	买盘
11:05:15	11.1	--	16	17760	买盘
11:05:09	11.1	--	20	22200	买盘
11:05:06	11.1	--	106	117660	买盘
11:05:03	11.1	0.01	70	77700	买盘
11:05:00	11.09	--	1	1109	卖盘
11:04:54	11.09	--	62	68758	卖盘
11:04:51	11.09	-0.01	10	11090	卖盘
11:04:48	11.1	0.01	59	65490	买盘
11:04:45	11.09	--	4	4436	卖盘
11:04:42	11.09	--	5	5545	卖盘
11:04:39	11.09	--	93	103137	卖盘
11:04:36	11.09	-0.01	4	4436	卖盘
11:04:33	11.1	--	10	11100	买盘
11:04:27	11.1	0.01	21	23310	买盘
11:04:18	11.09	--	10	11090	卖盘
11:04:15	11.09	-0.01	8	8872	卖盘
11:04:03	11.1	--	5	5550	买盘
11:03:57	11.1	--	20	22200	买盘
11:03:51	11.1	-0.01	297	329670	卖盘
11:03:39	11.11	--	10	11110	卖盘
11:03:36	11.11	-0.01	5	5555	卖盘
11:03:33	11.12	0.01	2	2224	买盘
11:03:27	11.11	--	22	24442	卖盘
11:03:24	11.11	--	4	4444	卖盘
11:03:18	11.11	--	48	53328	卖盘
11:03:15	11.11	0.01	379	421069	买盘
11:03:09	11.1	0.01	20	22200	买盘
11:03:06	11.09	-0.01	240	266160	卖盘
11:03:03	11.1	0.01	239	265290	买盘
11:03:00	11.09	-0.01	46	51014	卖盘
11:02:54	11.1	--	15	16650	买盘
11:02:51	11.1	0.01	18	19980	买盘
11:02:42	11.09	-0.01	5	5545	卖盘
11:02:39	11.1	--	15	16650	买盘
11:02:36	11.1	--	11	12210	买盘
11:02:30	11.1	0.01	83	92130	买盘
11:02:27	11.09	--	27	29943	卖盘
11:02:24	11.09	--	62	68758	卖盘
11:02:21	11.09	--	6	6654	卖盘
11:02:15	11.09	-0.01	43	47687	卖盘
11:02:12	11.1	0.01	7	7770	买盘
11:02:09	11.09	-0.01	27	29943	卖盘
11:02:06	11.1	--	5	5550	买盘
11:02:03	11.1	0.01	98	108780	买盘
11:02:00	11.09	-0.01	32	36574	卖盘
11:01:57	11.1	0.01	112	124320	买盘
11:01:54	11.09	0.01	20	22180	中性盘
11:01:51	11.08	-0.01	120	132960	卖盘
11:01:48	11.09	--	33	36597	买盘
11:01:45	11.09	--	65	72085	买盘
11:01:42	11.09	--	12	13308	买盘
11:01:39	11.09	--	31	34379	买盘
11:01:36	11.09	0.01	17	18853	买盘
11:01:33	11.08	-0.01	56	62048	卖盘
11:01:30	11.09	--	113	125317	买盘
11:01:27	11.09	--	100	110900	买盘
11:01:24	11.09	--	47	52123	买盘
11:01:21	11.09	--	38	42142	买盘
11:01:18	11.09	--	6	6654	买盘
11:01:15	11.09	0.01	52	57668	买盘
11:01:12	11.08	--	60	66480	卖盘
11:01:09	11.08	--	166	183928	卖盘
11:01:06	11.08	-0.01	10	11080	卖盘
11:01:03	11.09	--	35	38815	买盘
11:01:00	11.09	0.01	2	2218	买盘
11:00:57	11.08	--	57	63156	卖盘
11:00:54	11.08	-0.01	49	54292	卖盘
11:00:51	11.09	0.01	83	92047	买盘
11:00:48	11.08	-0.01	57	63156	卖盘
11:00:45	11.09	0.01	62	68758	买盘
11:00:42	11.08	-0.01	36	39888	卖盘
11:00:39	11.09	--	42	46578	买盘
11:00:33	11.09	-0.01	27	29943	卖盘
11:00:30	11.1	0.01	36	39960	买盘
11:00:27	11.09	-0.01	209	231781	卖盘
11:00:21	11.1	0.01	11	12210	买盘
11:00:18	11.09	-0.01	34	37706	卖盘
11:00:12	11.1	--	1	1110	买盘
11:00:09	11.1	--	133	147630	卖盘
11:00:06	11.1	--	467	518370	卖盘
11:00:03	11.1	-0.01	302	335220	卖盘
11:00:00	11.11	--	75	83325	买盘
10:59:57	11.11	0.01	1	1111	买盘
10:59:54	11.1	--	25	27750	卖盘
10:59:51	11.1	--	83	92130	卖盘
10:59:48	11.1	--	421	467310	卖盘
10:59:45	11.1	--	21	23310	卖盘
10:59:42	11.1	--	15	16650	卖盘
10:59:39	11.1	-0.01	20	22200	卖盘
10:59:36	11.11	0.01	43	47773	买盘
10:59:33	11.1	--	215	238650	卖盘
10:59:30	11.1	--	50	55500	卖盘
10:59:27	11.1	-0.01	519	576090	卖盘
10:59:21	11.11	0.01	2	2222	买盘
10:59:18	11.1	-0.01	2	2220	卖盘
10:59:12	11.11	--	61	67771	卖盘
10:59:09	11.11	--	98	108878	买盘
10:59:06	11.11	-0.01	420	466620	卖盘
10:59:03	11.12	0.01	26	28911	买盘
10:59:00	11.11	-0.01	186	206646	卖盘
10:58:57	11.12	0.01	411	457031	买盘
10:58:54	11.11	-0.01	54	59994	卖盘
10:58:51	11.12	--	20	22240	买盘
10:58:45	11.12	--	157	174684	卖盘
10:58:42	11.12	--	211	234631	卖盘
10:58:39	11.12	--	8	8896	卖盘
10:58:36	11.12	--	123	136776	卖盘
10:58:33	11.12	--	107	118983	卖盘
10:58:30	11.12	--	93	103416	卖盘
10:58:27	11.12	-0.01	170	189040	卖盘
10:58:24	11.13	0.01	13	14469	买盘
10:58:21	11.12	-0.01	6	6671	卖盘
10:58:18	11.13	0.01	12	13356	买盘
10:58:15	11.12	-0.01	60	66720	卖盘
10:58:09	11.13	--	10	11130	买盘
10:58:06	11.13	0.01	105	116865	买盘
10:58:00	11.12	-0.01	20	22240	卖盘
10:57:57	11.13	0.01	10	11130	买盘
10:57:54	11.12	-0.01	16	17792	卖盘
10:57:51	11.13	0.01	108	120204	买盘
10:57:48	11.12	-0.01	25	27799	卖盘
10:57:45	11.13	--	4	4452	买盘
10:57:39	11.13	0.01	10	11130	卖盘
10:57:36	11.12	-0.01	59	65608	卖盘
10:57:33	11.13	--	77	86713	买盘
10:57:30	11.13	0.01	30	33390	买盘
10:57:27	11.12	--	20	22240	卖盘
10:57:24	11.12	-0.01	16	17792	卖盘
10:57:21	11.13	--	4	4452	买盘
10:57:18	11.13	0.01	2	2226	买盘
10:57:15	11.12	--	95	105639	卖盘
10:57:12	11.12	-0.01	38	42256	卖盘
10:57:09	11.13	0.01	45	50085	买盘
10:57:03	11.12	-0.01	4	4448	卖盘
10:56:57	11.13	0.01	4	4452	买盘
10:56:54	11.12	-0.01	41	45592	卖盘
10:56:51	11.13	--	2	2226	买盘
10:56:48	11.13	0.01	5	5565	买盘
10:56:45	11.12	--	100	111199	卖盘
10:56:42	11.12	--	112	124543	卖盘
10:56:33	11.12	-0.01	10	11120	卖盘
10:56:30	11.13	0.01	1	1113	买盘
10:56:27	11.12	-0.01	80	88960	卖盘
10:56:21	11.13	--	10	11130	买盘
10:56:15	11.13	-0.01	467	519871	卖盘
10:56:09	11.14	0.01	60	66840	买盘
10:56:06	11.13	--	5	5565	卖盘
10:56:03	11.13	-0.01	41	45633	卖盘
10:56:00	11.14	0.01	72	80208	买盘
10:55:57	11.13	-0.01	6	6678	卖盘
10:55:54	11.14	0.01	14	15596	买盘
10:55:51	11.13	-0.01	12	13356	卖盘
10:55:42	11.14	0.01	6	6684	买盘
10:55:36	11.13	-0.01	434	483042	卖盘
10:55:33	11.14	0.01	2	2228	买盘
10:55:27	11.13	--	12	13356	卖盘
10:55:24	11.13	-0.01	11	12243	卖盘
10:55:18	11.14	0.01	2	2228	买盘
10:55:15	11.13	-0.01	600	667800	卖盘
10:55:12	11.14	0.01	9	10026	买盘
10:55:03	11.13	-0.01	19	21147	卖盘
10:55:00	11.14	0.01	20	22280	买盘
10:54:57	11.13	--	130	144690	卖盘
10:54:54	11.13	--	21	23373	卖盘
10:54:48	11.13	-0.01	10	11130	卖盘
10:54:45	11.14	0.01	31	34534	买盘
10:54:42	11.13	-0.01	19	21147	卖盘
10:54:39	11.14	--	1	1114	买盘
10:54:36	11.14	--	20	22280	买盘
10:54:33	11.14	0.01	57	63498	买盘
10:54:30	11.13	-0.01	5	5565	卖盘
10:54:18	11.14	--	25	27850	买盘
10:54:15	11.14	--	14	15596	买盘
10:54:12	11.14	--	4	4456	买盘
10:54:09	11.14	--	5	5570	买盘
10:54:00	11.14	--	4	4456	买盘
10:53:57	11.14	--	124	138136	卖盘
10:53:54	11.14	--	54	60156	卖盘
10:53:51	11.14	-0.01	3	3342	卖盘
10:53:48	11.15	0.01	102	113730	买盘
10:53:45	11.14	-0.01	20	22280	卖盘
10:53:39	11.15	--	104	115960	买盘
10:53:36	11.15	0.01	10	11150	买盘
10:53:30	11.14	--	9	10026	卖盘
10:53:27	11.14	-0.01	17	18938	卖盘
10:53:24	11.15	0.01	1	1115	买盘
10:53:21	11.14	--	31	34534	卖盘
10:53:12	11.14	0.01	60	66840	卖盘
10:53:06	11.13	--	10	11130	卖盘
10:53:03	11.13	-0.01	173	192549	卖盘
10:53:00	11.14	0.01	5	5570	买盘
10:52:51	11.13	--	8	8904	卖盘
10:52:48	11.13	--	50	55650	卖盘
10:52:45	11.13	-0.02	3	3339	卖盘
10:52:42	11.15	0.01	57	63555	买盘
10:52:36	11.14	-0.01	161	179354	卖盘
10:52:33	11.15	0.02	291	324465	买盘
10:52:21	11.13	-0.02	100	111300	卖盘
10:52:18	11.15	--	2	2230	买盘
10:52:12	11.15	--	10	11150	买盘
10:52:03	11.15	0.01	206	229690	买盘
10:51:57	11.14	--	7	7798	买盘
10:51:54	11.14	--	7	7798	买盘
10:51:51	11.14	--	2	2228	买盘
10:51:48	11.14	0.01	10	11140	中性盘
10:51:42	11.13	-0.01	89	99057	卖盘
10:51:39	11.14	--	5	5570	买盘
10:51:36	11.14	--	5	5570	卖盘
10:51:33	11.14	0.01	39	43446	买盘
10:51:27	11.13	-0.01	135	150255	卖盘
10:51:24	11.14	--	10	11140	买盘
10:51:18	11.14	--	12	13368	买盘
10:51:15	11.14	--	3	3342	买盘
10:51:12	11.14	0.01	5	5570	买盘
10:51:09	11.13	--	2	2226	卖盘
10:51:06	11.13	-0.01	70	77910	卖盘
10:51:00	11.14	--	14	15596	买盘
10:50:54	11.14	--	50	55700	买盘
10:50:51	11.14	-0.01	88	98032	卖盘
10:50:48	11.15	--	34	37910	买盘
10:50:45	11.15	--	1	1115	买盘
10:50:42	11.15	0.01	78	86970	买盘
10:50:36	11.14	--	6	6684	卖盘
10:50:30	11.14	-0.01	15	16710	卖盘
10:50:24	11.15	0.01	66	73590	买盘
10:50:21	11.14	-0.01	10	11140	卖盘
10:50:18	11.15	0.01	53	59095	买盘
10:50:06	11.14	--	1	1114	卖盘
10:50:03	11.14	-0.01	18	20052	卖盘
10:50:00	11.15	0.01	5	5575	买盘
10:49:54	11.14	--	4	4456	卖盘
10:49:51	11.14	--	26	28964	买盘
10:49:45	11.14	-0.01	6	6684	中性盘
10:49:42	11.15	0.01	125	139375	买盘
10:49:30	11.14	--	20	22280	买盘
10:49:27	11.14	-0.01	2	2228	中性盘
10:49:09	11.15	--	152	169480	买盘
10:49:03	11.15	--	94	105824	买盘
10:48:57	11.15	0.01	6	6690	买盘
10:48:54	11.14	0.01	25	27850	买盘
10:48:48	11.13	-0.01	6	6678	卖盘
10:48:42	11.14	--	89	99146	买盘
10:48:33	11.14	--	37	41218	买盘
10:48:30	11.14	--	131	145934	买盘
10:48:27	11.14	0.01	2	2228	买盘
10:48:18	11.13	-0.01	58	64554	卖盘
10:48:15	11.14	--	32	35648	买盘
10:48:12	11.14	0.01	4	4456	买盘
10:48:09	11.13	--	3	3339	买盘
10:48:06	11.13	--	7	7791	卖盘
10:48:00	11.13	--	8	8904	卖盘
10:47:54	11.13	--	10	11130	卖盘
10:47:51	11.13	--	30	33390	卖盘
10:47:48	11.13	0.01	55	61215	中性盘
10:47:45	11.12	--	41	45592	卖盘
10:47:42	11.12	--	127	141224	卖盘
10:47:33	11.12	-0.01	100	111199	卖盘
10:47:27	11.13	--	10	11130	卖盘
10:47:24	11.13	--	19	21147	买盘
10:47:21	11.13	--	56	62328	买盘
10:47:18	11.13	--	13	14469	买盘
10:47:12	11.13	--	10	11130	买盘
10:47:09	11.13	--	6	6678	买盘
10:47:06	11.13	--	40	44520	卖盘
10:46:57	11.13	-0.01	4	4452	卖盘
10:46:54	11.14	0.01	32	35648	买盘
10:46:51	11.13	-0.01	4	4452	卖盘
10:46:48	11.14	0.01	13	14482	买盘
10:46:45	11.13	-0.01	519	577647	卖盘
10:46:42	11.14	--	126	140364	买盘
10:46:36	11.14	--	3	3342	买盘
10:46:33	11.14	0.01	4	4456	买盘
10:46:30	11.13	-0.01	8	8904	卖盘
10:46:27	11.14	-0.01	7	7798	卖盘
10:46:21	11.15	0.02	12	13380	买盘
10:46:12	11.13	-0.01	77	85701	卖盘
10:46:09	11.14	--	21	23394	卖盘
10:46:06	11.14	-0.01	20	22280	卖盘
10:45:57	11.15	0.01	6	6690	买盘
10:45:54	11.14	--	10	11140	卖盘
10:45:51	11.14	--	8	8912	卖盘
10:45:48	11.14	-0.01	12	13368	卖盘
10:45:42	11.15	--	69	76935	买盘
10:45:39	11.15	0.01	30	33450	买盘
10:45:33	11.14	--	23	25622	卖盘
10:45:30	11.14	-0.01	12	13368	卖盘
10:45:27	11.15	--	2	2230	买盘
10:45:21	11.15	0.01	7	7805	买盘
10:45:09	11.14	-0.01	3	3342	卖盘
10:45:06	11.15	0.01	10	11150	买盘
10:45:03	11.14	-0.01	10	11140	卖盘
10:45:00	11.15	--	5	5575	买盘
10:44:57	11.15	0.01	1	1115	买盘
10:44:54	11.14	-0.01	4	4456	卖盘
10:44:51	11.15	--	1	1115	买盘
10:44:42	11.15	0.02	75	83625	买盘
10:44:39	11.13	-0.01	111	123543	卖盘
10:44:30	11.14	--	436	485704	买盘
10:44:24	11.14	--	97	108058	买盘
10:44:21	11.14	0.01	4	4456	买盘
10:44:18	11.13	-0.01	20	22260	卖盘
10:44:15	11.14	--	64	71296	买盘
10:44:09	11.14	--	5	5570	买盘
10:44:06	11.14	--	110	122540	买盘
10:44:03	11.14	0.01	12	13368	买盘
10:44:00	11.13	-0.01	45	50085	卖盘
10:43:57	11.14	0.01	5	5570	买盘
10:43:54	11.13	--	62	69006	卖盘
10:43:51	11.13	-0.01	50	55650	卖盘
10:43:48	11.14	0.01	60	66840	买盘
10:43:45	11.13	-0.01	33	36729	卖盘
10:43:42	11.14	0.01	98	109172	买盘
10:43:39	11.13	--	5	5565	卖盘
10:43:36	11.13	--	66	73458	卖盘
10:43:33	11.13	--	3	3339	卖盘
10:43:30	11.13	-0.01	12	13356	卖盘
10:43:27	11.14	0.01	13	14482	买盘
10:43:24	11.13	-0.01	8	8904	卖盘
10:43:21	11.14	0.01	3	3342	买盘
10:43:15	11.13	--	17	18921	卖盘
10:43:12	11.13	-0.01	225	250425	卖盘
10:43:09	11.14	--	5	5570	买盘
10:43:06	11.14	0.01	18	20052	买盘
10:43:03	11.13	--	200	222600	卖盘
10:43:00	11.13	--	26	28938	卖盘
10:42:57	11.13	--	27	30051	卖盘
10:42:51	11.13	-0.01	22	24486	卖盘
10:42:45	11.14	0.01	49	54586	买盘
10:42:36	11.13	--	120	133560	卖盘
10:42:33	11.13	-0.01	57	63441	卖盘
10:42:30	11.14	0.01	12	13368	买盘
10:42:27	11.13	-0.01	41	45633	卖盘
10:42:24	11.14	0.01	11	12254	买盘
10:42:21	11.13	--	5	5565	卖盘
10:42:18	11.13	--	23	25599	卖盘
10:42:15	11.13	--	13	14469	卖盘
10:42:12	11.13	--	106	117978	卖盘
10:42:06	11.13	-0.01	66	73458	卖盘
10:42:03	11.14	0.01	39	43446	买盘
10:42:00	11.13	--	17	18921	卖盘
10:41:57	11.13	--	89	99057	卖盘
10:41:54	11.13	-0.01	13	14469	卖盘
10:41:45	11.14	0.01	146	162644	买盘
10:41:42	11.13	-0.01	203	225939	卖盘
10:41:39	11.14	0.01	30	33420	买盘
10:41:36	11.13	-0.01	1	1113	卖盘
10:41:33	11.14	0.01	38	42332	买盘
10:41:30	11.13	-0.01	11	12243	卖盘
10:41:27	11.14	0.01	14	15596	买盘
10:41:24	11.13	-0.01	62	69006	卖盘
10:41:15	11.14	--	2	2228	买盘
10:41:12	11.14	--	49	54586	买盘
10:41:09	11.14	0.01	81	90234	买盘
10:41:06	11.13	-0.01	9	10017	卖盘
10:41:03	11.14	--	5	5570	买盘
10:41:00	11.14	--	26	28964	买盘
10:40:57	11.14	--	20	22280	买盘
10:40:54	11.14	--	25	27850	买盘
10:40:51	11.14	--	15	16710	买盘
10:40:48	11.14	--	30	33420	买盘
10:40:45	11.14	--	83	92462	买盘
10:40:42	11.14	--	119	132566	卖盘
10:40:36	11.14	-0.01	14	15596	卖盘
10:40:27	11.15	0.01	2	2230	买盘
10:40:24	11.14	--	2	2228	卖盘
10:40:18	11.14	--	28	31192	卖盘
10:40:15	11.14	--	5	5570	卖盘
10:40:12	11.14	--	50	55700	卖盘
10:40:00	11.14	0.01	83	92462	买盘
10:39:57	11.13	-0.01	371	412923	卖盘
10:39:54	11.14	0.01	1	1114	买盘
10:39:51	11.13	-0.01	216	240408	卖盘
10:39:48	11.14	--	3	3342	卖盘
10:39:45	11.14	--	27	30078	买盘
10:39:42	11.14	0.01	411	457854	买盘
10:39:33	11.13	-0.01	240	267120	卖盘
10:39:27	11.14	-0.01	434	483476	卖盘
10:39:24	11.15	0.01	24	26760	买盘
10:39:21	11.14	--	287	319718	买盘
10:39:18	11.14	--	11	12254	买盘
10:39:09	11.14	-0.01	28	31192	中性盘
10:39:00	11.15	0.01	60	66900	买盘
10:38:57	11.14	--	593	661025	卖盘
10:38:51	11.14	--	3	3342	卖盘
10:38:48	11.14	--	4	4456	卖盘
10:38:36	11.14	--	49	54586	卖盘
10:38:33	11.14	--	29	32306	卖盘
10:38:30	11.14	--	58	64612	卖盘
10:38:27	11.14	-0.01	15	16710	卖盘
10:38:15	11.15	0.01	22	24530	买盘
10:38:12	11.14	--	2	2228	卖盘
10:38:09	11.14	-0.01	5	5570	卖盘
10:38:06	11.15	0.01	18	20070	买盘
10:38:03	11.14	-0.01	90	100260	卖盘
10:37:57	11.15	--	10	11150	买盘
10:37:51	11.15	0.01	248	276520	买盘
10:37:48	11.14	--	20	22280	卖盘
10:37:45	11.14	-0.01	37	41218	卖盘
10:37:42	11.15	--	71	79165	卖盘
10:37:39	11.15	--	31	34565	买盘
10:37:36	11.15	0.01	10	11150	买盘
10:37:33	11.14	-0.01	4	4456	卖盘
10:37:30	11.15	--	93	103695	买盘
10:37:27	11.15	--	4	4460	买盘
10:37:24	11.15	0.01	36	40140	买盘
10:37:21	11.14	-0.01	10	11140	卖盘
10:37:12	11.15	--	3	3345	买盘
10:37:09	11.15	--	3	3345	买盘
10:37:06	11.15	0.01	37	41255	买盘
10:37:00	11.14	--	32	35648	卖盘
10:36:57	11.14	-0.01	71	79094	卖盘
10:36:54	11.15	0.01	6	6690	买盘
10:36:48	11.14	-0.01	15	16710	卖盘
10:36:45	11.15	0.01	56	62440	买盘
10:36:39	11.14	--	140	155960	卖盘
10:36:33	11.14	-0.01	6	6684	卖盘
10:36:30	11.15	--	116	129340	卖盘
10:36:18	11.15	--	8	8920	卖盘
10:36:15	11.15	-0.01	2	2230	卖盘
10:36:06	11.16	--	13	14508	买盘
10:36:03	11.16	0.01	66	73656	买盘
10:36:00	11.15	-0.01	91	101465	卖盘
10:35:57	11.16	0.01	6	6696	买盘
10:35:51	11.15	--	25	27875	买盘
10:35:48	11.15	--	20	22300	买盘
10:35:45	11.15	0.01	16	17840	买盘
10:35:42	11.14	-0.01	70	77980	卖盘
10:35:36	11.15	--	13	14495	买盘
10:35:33	11.15	--	120	133800	买盘
10:35:30	11.15	0.01	22	24530	买盘
10:35:27	11.14	-0.01	7	7798	卖盘
10:35:24	11.15	--	4	4460	买盘
10:35:18	11.15	0.01	7	7805	买盘
10:35:15	11.14	-0.01	57	63498	卖盘
10:35:12	11.15	--	170	189550	买盘
10:35:09	11.15	--	2	2230	买盘
10:35:06	11.15	--	5	5575	买盘
10:34:57	11.15	--	5	5575	买盘
10:34:54	11.15	--	52	57980	卖盘
10:34:48	11.15	--	4	4460	卖盘
10:34:45	11.15	--	36	40140	买盘
10:34:42	11.15	--	8	8920	买盘
10:34:36	11.15	--	23	25823	买盘
10:34:33	11.15	0.01	50	55750	买盘
10:34:30	11.14	-0.01	11	12254	卖盘
10:34:24	11.15	--	111	123765	买盘
10:34:21	11.15	--	93	103695	买盘
10:34:18	11.15	--	6	6690	买盘
10:34:15	11.15	--	1	1115	买盘
10:34:09	11.15	--	12	13380	买盘
10:34:06	11.15	0.01	22	24530	买盘
10:34:03	11.14	-0.01	55	61270	卖盘
10:34:00	11.15	0.01	10	11150	买盘
10:33:57	11.14	-0.01	4	4456	卖盘
10:33:54	11.15	--	96	107040	卖盘
10:33:51	11.15	-0.01	105	117075	卖盘
10:33:48	11.16	0.01	6	6696	买盘
10:33:45	11.15	--	10	11150	卖盘
10:33:42	11.15	--	4	4460	卖盘
10:33:36	11.15	-0.01	5	5575	中性盘
10:33:33	11.16	0.01	154	171875	买盘
10:33:30	11.15	--	15	16725	卖盘
10:33:27	11.15	-0.01	17	18955	卖盘
10:33:18	11.16	--	10	11160	买盘
10:33:15	11.16	0.01	3	3348	买盘
10:33:12	11.15	-0.01	6	6690	卖盘
10:33:09	11.16	0.01	11	12276	买盘
10:33:06	11.15	-0.01	50	55750	卖盘
10:33:00	11.16	0.01	43	47988	买盘
10:32:48	11.15	-0.02	4	4460	卖盘
10:32:45	11.17	0.02	68	75956	买盘
10:32:36	11.15	-0.01	34	37910	卖盘
10:32:30	11.16	--	2	2232	买盘
10:32:24	11.16	--	2	2232	买盘
10:32:18	11.16	-0.01	26	29016	卖盘
10:32:12	11.17	0.01	2	2234	买盘
10:32:06	11.16	--	6	6696	卖盘
10:32:03	11.16	--	18	20088	买盘
10:31:57	11.16	0.01	100	111600	买盘
10:31:54	11.15	--	4	4460	卖盘
10:31:51	11.15	--	20	22300	卖盘
10:31:48	11.15	--	108	120420	卖盘
10:31:45	11.15	-0.01	57	63555	卖盘
10:31:42	11.16	--	37	41292	卖盘
10:31:39	11.16	0.01	142	158472	买盘
10:31:33	11.15	-0.01	5	5575	卖盘
10:31:27	11.16	--	11	12276	买盘
10:31:18	11.16	--	2	2232	买盘
10:31:15	11.16	--	2	2232	买盘
10:31:12	11.16	0.01	43	47988	买盘
10:31:06	11.15	--	20	22300	卖盘
10:31:03	11.15	-0.01	20	22300	卖盘
10:31:00	11.16	--	5	5580	买盘
10:30:48	11.16	--	48	53568	买盘
10:30:42	11.16	0.01	2	2232	买盘
10:30:36	11.15	-0.01	4	4460	卖盘
10:30:30	11.16	--	45	50220	买盘
10:30:21	11.16	0.01	43	47988	买盘
10:30:12	11.15	--	27	30105	卖盘
10:30:09	11.15	--	16	17840	卖盘
10:30:06	11.15	-0.01	10	11150	卖盘
10:30:00	11.16	0.01	5	5580	买盘
10:29:54	11.15	--	190	212953	卖盘
10:29:51	11.15	--	1	1115	卖盘
10:29:48	11.15	--	103	114845	卖盘
10:29:39	11.15	-0.01	104	115960	卖盘
10:29:36	11.16	--	10	11160	买盘
10:29:33	11.16	--	4	4464	买盘
10:29:21	11.16	--	86	95976	买盘
10:29:18	11.16	--	10	11160	买盘
10:29:12	11.16	--	372	415152	卖盘
10:29:06	11.16	--	109	121644	卖盘
10:29:03	11.16	--	18	20088	卖盘
10:29:00	11.16	--	52	58032	卖盘
10:28:57	11.16	--	52	58032	卖盘
10:28:54	11.16	--	55	61380	卖盘
10:28:51	11.16	-0.01	4	4464	卖盘
10:28:48	11.17	--	43	48031	卖盘
10:28:45	11.17	-0.01	4	4468	卖盘
10:28:39	11.18	0.01	106	118508	买盘
10:28:30	11.17	--	19	21223	卖盘
10:28:27	11.17	--	10	11170	卖盘
10:28:15	11.17	--	102	113934	卖盘
10:28:03	11.17	-0.01	80	89360	卖盘
10:27:57	11.18	0.01	5	5590	买盘
10:27:51	11.17	-0.01	73	81541	卖盘
10:27:45	11.18	0.01	10	11180	买盘
10:27:42	11.17	--	153	170901	买盘
10:27:39	11.17	--	24	26808	买盘
10:27:36	11.17	--	11	12287	买盘
10:27:33	11.17	--	2	2234	买盘
10:27:30	11.17	--	2	2234	买盘
10:27:21	11.17	--	10	11170	买盘
10:27:18	11.17	--	4	4468	买盘
10:27:15	11.17	--	16	17872	买盘
10:27:12	11.17	--	159	177603	卖盘
10:27:09	11.17	--	20	22340	卖盘
10:27:06	11.17	--	200	223400	卖盘
10:27:03	11.17	--	22	24574	卖盘
10:26:54	11.17	-0.01	30	33510	卖盘
10:26:51	11.18	0.01	6	6708	买盘
10:26:36	11.17	-0.01	43	48031	卖盘
10:26:15	11.18	0.01	27	30186	买盘
10:26:12	11.17	-0.01	60	67020	卖盘
10:26:06	11.18	--	5	5590	买盘
10:25:54	11.18	0.01	66	73788	买盘
10:25:42	11.17	-0.01	11	12287	卖盘
10:25:36	11.18	0.01	5	5590	买盘
10:25:30	11.17	-0.01	10	11170	卖盘
10:25:15	11.18	0.01	8	8944	买盘
10:25:12	11.17	-0.01	3	3351	卖盘
10:25:09	11.18	--	8	8944	买盘
10:25:03	11.18	0.01	50	55900	买盘
10:25:00	11.17	-0.01	40	44680	卖盘
10:24:54	11.18	0.01	10	11180	买盘
10:24:45	11.17	--	68	75956	卖盘
10:24:39	11.17	--	4	4468	卖盘
10:24:33	11.17	-0.02	4	4468	卖盘
10:24:27	11.19	0.02	1	1119	买盘
10:24:24	11.17	-0.02	192	214464	卖盘
10:24:18	11.19	0.01	6	6714	买盘
10:24:15	11.18	--	77	86086	买盘
10:24:12	11.18	--	23	25714	买盘
10:24:09	11.18	--	6	6708	买盘
10:24:03	11.18	--	5	5590	买盘
10:23:57	11.18	--	76	84968	卖盘
10:23:42	11.18	-0.01	14	15652	卖盘
10:23:39	11.19	--	1	1119	买盘
10:23:36	11.19	0.01	2	2238	买盘
10:23:33	11.18	0.01	21	23478	买盘
10:23:27	11.17	0.01	45	50265	中性盘
10:23:21	11.16	-0.02	31	34596	卖盘
10:23:03	11.18	0.02	5	5590	买盘
10:23:00	11.16	-0.02	863	963108	卖盘
10:22:57	11.18	--	12	13416	买盘
10:22:54	11.18	--	2	2236	买盘
10:22:48	11.18	0.01	44	49192	买盘
10:22:45	11.17	-0.01	1	1117	卖盘
10:22:42	11.18	--	104	116272	买盘
10:22:39	11.18	--	2	2236	买盘
10:22:33	11.18	0.01	43	48074	买盘
10:22:30	11.17	-0.01	4	4468	卖盘
10:22:27	11.18	--	8	8944	买盘
10:22:24	11.18	--	21	23478	买盘
10:22:21	11.18	--	2	2236	买盘
10:22:15	11.18	--	1	1118	买盘
10:22:12	11.18	-0.01	44	49192	卖盘
10:21:57	11.19	--	19	21261	买盘
10:21:54	11.19	0.01	5	5595	买盘
10:21:51	11.18	--	388	433784	卖盘
10:21:42	11.18	-0.01	33	36894	卖盘
10:21:36	11.19	0.01	6	6714	买盘
10:21:30	11.18	--	127	141986	买盘
10:21:21	11.18	0.01	10	11180	买盘
10:21:18	11.17	--	10	11170	卖盘
10:21:15	11.17	-0.01	62	69254	卖盘
10:21:03	11.18	--	51	57018	卖盘
10:21:00	11.18	-0.01	51	57018	卖盘
10:20:54	11.19	--	43	48117	买盘
10:20:51	11.19	0.01	47	52593	买盘
10:20:48	11.18	--	56	62608	卖盘
10:20:45	11.18	--	77	86086	买盘
10:20:42	11.18	--	15	16770	买盘
10:20:36	11.18	-0.01	233	260494	卖盘
10:20:33	11.19	--	72	80568	买盘
10:20:30	11.19	--	3	3357	买盘
10:20:24	11.19	0.01	339	379341	买盘
10:20:18	11.18	--	24	26832	卖盘
10:20:15	11.18	-0.01	122	136396	卖盘
10:20:06	11.19	--	10	11190	买盘
10:20:03	11.19	0.01	131	146589	买盘
10:19:54	11.18	--	7	7826	卖盘
10:19:51	11.18	-0.01	25	27950	卖盘
10:19:48	11.19	--	38	42522	买盘
10:19:45	11.19	--	10	11190	买盘
10:19:42	11.19	--	50	55950	买盘
10:19:39	11.19	--	11	12309	卖盘
10:19:30	11.19	-0.01	4	4476	卖盘
10:19:24	11.2	--	4	4480	买盘
10:19:21	11.2	0.01	76	85120	买盘
10:19:18	11.19	-0.01	6	6714	卖盘
10:19:15	11.2	0.01	15	16800	买盘
10:19:12	11.19	0.01	41	45879	买盘
10:19:09	11.18	-0.01	12	13416	卖盘
10:18:57	11.19	0.01	98	109662	买盘
10:18:54	11.18	0.01	210	234780	买盘
10:18:51	11.17	--	50	55850	买盘
10:18:48	11.17	--	15	16755	买盘
10:18:45	11.17	--	50	55850	买盘
10:18:39	11.17	-0.01	295	329515	卖盘
10:18:36	11.18	0.01	10	11180	买盘
10:18:30	11.17	-0.01	59	65903	卖盘
10:18:27	11.18	--	6	6708	买盘
10:18:18	11.18	--	3	3354	买盘
10:18:15	11.18	--	27	30186	买盘
10:18:09	11.18	0.01	110	122980	买盘
10:18:06	11.17	--	11	12287	卖盘
10:18:03	11.17	--	220	245740	买盘
10:18:00	11.17	0.01	22	24574	买盘
10:17:54	11.16	--	71	79236	卖盘
10:17:51	11.16	--	1	1116	卖盘
10:17:45	11.16	0.01	20	22320	中性盘
10:17:42	11.15	--	12	13380	卖盘
10:17:36	11.15	-0.01	53	59095	卖盘
10:17:33	11.16	0.01	4	4464	买盘
10:17:30	11.15	-0.01	226	251990	卖盘
10:17:27	11.16	--	4	4464	买盘
10:17:21	11.16	--	20	22320	买盘
10:17:12	11.16	--	93	103788	买盘
10:17:09	11.16	--	52	58032	买盘
10:17:06	11.16	--	28	31248	卖盘
10:17:03	11.16	-0.01	60	66960	卖盘
10:17:00	11.17	0.01	55	61435	买盘
10:16:54	11.16	-0.01	50	55800	卖盘
10:16:51	11.17	--	5	5585	买盘
10:16:48	11.17	--	5	5585	买盘
10:16:45	11.17	0.01	28	31276	买盘
10:16:42	11.16	-0.01	20	22320	卖盘
10:16:36	11.17	0.01	6	6702	买盘
10:16:33	11.16	--	20	22320	卖盘
10:16:27	11.16	--	52	58032	卖盘
10:16:18	11.16	--	5	5580	卖盘
10:16:15	11.16	--	17	18972	卖盘
10:16:06	11.16	0.01	73	81468	买盘
10:16:03	11.15	-0.01	15	16725	卖盘
10:15:57	11.16	--	7	7812	买盘
10:15:54	11.16	--	73	81468	买盘
10:15:51	11.16	--	36	40176	买盘
10:15:42	11.16	0.01	6	6696	买盘
10:15:36	11.15	--	28	31220	卖盘
10:15:33	11.15	-0.01	14	15610	卖盘
10:15:30	11.16	--	12	13392	买盘
10:15:27	11.16	0.01	90	100440	买盘
10:15:24	11.15	-0.01	5	5575	卖盘
10:15:18	11.16	0.01	3	3348	买盘
10:15:15	11.15	--	50	55750	卖盘
10:15:09	11.15	--	1	1115	卖盘
10:15:03	11.15	-0.01	93	103695	卖盘
10:15:00	11.16	0.01	5	5580	买盘
10:14:57	11.15	--	10	11150	卖盘
10:14:54	11.15	--	50	55750	卖盘
10:14:51	11.15	--	2	2230	买盘
10:14:48	11.15	0.01	36	40140	买盘
10:14:45	11.14	-0.01	20	22280	卖盘
10:14:36	11.15	--	9	10035	买盘
10:14:33	11.15	--	2	2230	买盘
10:14:30	11.15	--	12	13380	买盘
10:14:24	11.15	0.01	5	5575	卖盘
10:14:21	11.14	-0.02	10	11140	卖盘
10:14:18	11.16	0.02	5	5580	买盘
10:14:15	11.14	-0.01	25	27850	卖盘
10:14:12	11.15	-0.01	20	22300	卖盘
10:14:09	11.16	0.01	59	66357	买盘
10:14:06	11.15	0.01	20	22300	买盘
10:14:00	11.14	-0.01	6	6684	卖盘
10:13:54	11.15	0.01	5	5575	买盘
10:13:51	11.14	-0.01	5	5570	卖盘
10:13:48	11.15	--	35	39025	买盘
10:13:45	11.15	--	5	5575	买盘
10:13:39	11.15	0.01	34	37910	买盘
10:13:36	11.14	-0.01	48	53472	卖盘
10:13:33	11.15	--	51	56865	买盘
10:13:30	11.15	--	49	54635	买盘
10:13:27	11.15	0.01	9	10035	买盘
10:13:24	11.14	--	4	4456	卖盘
10:13:09	11.14	--	16	17824	卖盘
10:13:03	11.14	--	10	11140	卖盘
10:13:00	11.14	--	26	28964	卖盘
10:12:57	11.14	-0.01	100	111400	卖盘
10:12:54	11.15	--	9	10035	买盘
10:12:51	11.15	0.01	5	5575	买盘
10:12:48	11.14	-0.01	68	75752	卖盘
10:12:45	11.15	0.01	10	11150	买盘
10:12:42	11.14	--	94	104716	卖盘
10:12:39	11.14	-0.01	10	11140	卖盘
10:12:36	11.15	0.01	19	21185	买盘
10:12:33	11.14	-0.01	120	133680	卖盘
10:12:30	11.15	0.01	56	62440	买盘
10:12:27	11.14	-0.01	32	35648	卖盘
10:12:24	11.15	--	7	7805	买盘
10:12:21	11.15	--	27	30105	买盘
10:12:18	11.15	0.01	21	23415	买盘
10:12:15	11.14	-0.01	10	11140	卖盘
10:12:12	11.15	0.01	3	3345	买盘
10:12:09	11.14	-0.01	1	1114	卖盘
10:12:06	11.15	--	20	22300	买盘
10:12:03	11.15	--	70	78050	买盘
10:12:00	11.15	0.01	116	129340	买盘
10:11:57	11.14	-0.01	41	45674	卖盘
10:11:54	11.15	--	1	1115	买盘
10:11:51	11.15	0.01	7	7805	买盘
10:11:48	11.14	--	141	157074	卖盘
10:11:45	11.14	-0.01	112	124768	卖盘
10:11:42	11.15	0.01	30	33450	买盘
10:11:39	11.14	--	58	64612	卖盘
10:11:36	11.14	-0.01	44	49016	卖盘
10:11:33	11.15	--	2	2230	买盘
10:11:30	11.15	0.01	9	10035	买盘
10:11:27	11.14	-0.01	8	8912	卖盘
10:11:24	11.15	--	27	30105	买盘
10:11:18	11.15	--	1	1115	买盘
10:11:15	11.15	--	20	22300	买盘
10:11:12	11.15	0.01	100	111500	买盘
10:11:09	11.14	-0.01	46	51244	卖盘
10:11:06	11.15	0.01	20	22300	买盘
10:11:03	11.14	-0.01	3	3342	卖盘
10:10:57	11.15	--	335	373525	买盘
10:10:54	11.15	--	30	33450	买盘
10:10:51	11.15	0.01	39	43485	买盘
10:10:48	11.14	-0.01	70	77980	卖盘
10:10:42	11.15	0.01	54	60210	买盘
10:10:36	11.14	--	34	37876	卖盘
10:10:33	11.14	--	55	61270	卖盘
10:10:30	11.14	-0.01	28	31192	卖盘
10:10:24	11.15	--	2	2230	买盘
10:10:21	11.15	0.02	29	32335	买盘
10:10:18	11.13	-0.01	149	165837	卖盘
10:10:15	11.14	0.01	71	79094	买盘
10:10:09	11.13	-0.01	3	3339	卖盘
10:10:06	11.14	--	86	95804	买盘
10:10:03	11.14	--	23	25622	买盘
10:10:00	11.14	-0.01	57	63498	中性盘
10:09:57	11.15	0.01	61	68015	买盘
10:09:54	11.14	--	191	212774	卖盘
10:09:51	11.14	--	64	71296	卖盘
10:09:48	11.14	--	105	116970	卖盘
10:09:42	11.14	--	194	216116	卖盘
10:09:39	11.14	--	12	13368	卖盘
10:09:36	11.14	--	7	7798	卖盘
10:09:33	11.14	--	23	25622	卖盘
10:09:30	11.14	--	151	168214	卖盘
10:09:27	11.14	-0.01	64	71296	卖盘
10:09:24	11.15	0.01	2	2230	买盘
10:09:21	11.14	--	15	16710	卖盘
10:09:15	11.14	-0.01	22	24508	卖盘
10:09:12	11.15	0.01	21	23415	买盘
10:09:06	11.14	-0.01	15	16710	卖盘
10:09:00	11.15	--	14	15610	买盘
10:08:57	11.15	-0.02	6	6690	中性盘
10:08:54	11.17	0.02	56	62552	买盘
10:08:51	11.15	--	16	17840	卖盘
10:08:48	11.15	-0.01	30	33450	卖盘
10:08:45	11.16	--	2	2232	卖盘
10:08:42	11.16	--	27	30132	卖盘
10:08:39	11.16	0.01	29	32364	买盘
10:08:36	11.15	0.01	3	3345	买盘
10:08:33	11.14	-0.02	324	360936	卖盘
10:08:30	11.16	--	4	4464	买盘
10:08:24	11.16	--	2	2232	买盘
10:08:21	11.16	0.01	7	7812	买盘
10:08:18	11.15	-0.01	1169	1303435	卖盘
10:08:15	11.16	--	5	5580	卖盘
10:08:12	11.16	-0.01	18	20088	卖盘
10:08:09	11.17	0.01	140	156380	买盘
10:08:06	11.16	--	114	127224	卖盘
10:08:03	11.16	-0.01	16	17856	卖盘
10:08:00	11.17	0.01	5	5585	买盘
10:07:57	11.16	--	10	11160	卖盘
10:07:51	11.16	-0.01	7	7812	卖盘
10:07:48	11.17	--	39	43563	买盘
10:07:45	11.17	0.01	56	62552	买盘
10:07:42	11.16	--	5	5580	卖盘
10:07:39	11.16	--	88	98208	卖盘
10:07:36	11.16	--	228	254448	卖盘
10:07:33	11.16	--	23	25668	卖盘
10:07:27	11.16	--	254	283464	卖盘
10:07:24	11.16	-0.01	9	10044	卖盘
10:07:18	11.17	0.01	16	17872	买盘
10:07:15	11.16	-0.01	10	11160	卖盘
10:07:09	11.17	--	13	14521	买盘
10:07:03	11.17	--	49	54733	卖盘
10:07:00	11.17	--	47	52499	卖盘
10:06:57	11.17	--	80	89360	卖盘
10:06:54	11.17	--	15	16755	卖盘
10:06:51	11.17	-0.01	7	7819	卖盘
10:06:48	11.18	0.01	6	6708	买盘
10:06:45	11.17	--	25	27925	卖盘
10:06:42	11.17	--	7	7819	卖盘
10:06:39	11.17	--	30	33510	卖盘
10:06:36	11.17	--	3	3351	卖盘
10:06:33	11.17	-0.01	4	4468	卖盘
10:06:15	11.18	0.01	9	10062	买盘
10:06:09	11.17	-0.01	349	389833	卖盘
10:06:06	11.18	0.01	6	6708	买盘
10:06:03	11.17	-0.01	16	17872	卖盘
10:06:00	11.18	--	28	31304	买盘
10:05:57	11.18	0.01	8	8944	买盘
10:05:51	11.17	-0.01	52	58084	卖盘
10:05:45	11.18	--	8	8944	买盘
10:05:42	11.18	--	154	172172	卖盘
10:05:39	11.18	--	3	3354	卖盘
10:05:27	11.18	--	46	51428	买盘
10:05:24	11.18	--	63	70434	卖盘
10:05:21	11.18	0.01	37	41366	买盘
10:05:15	11.17	-0.01	13	14521	卖盘
10:05:12	11.18	0.01	4	4472	买盘
10:05:09	11.17	--	3	3351	卖盘
10:05:00	11.17	-0.01	10	11170	卖盘
10:04:57	11.18	--	5	5590	买盘
10:04:51	11.18	--	2	2236	买盘
10:04:48	11.18	0.02	5	5590	中性盘
10:04:45	11.16	-0.02	52	58032	卖盘
10:04:39	11.18	--	20	22360	卖盘
10:04:36	11.18	--	37	41366	买盘
10:04:33	11.18	0.01	803	897754	买盘
10:04:30	11.17	--	24	26808	卖盘
10:04:27	11.17	-0.01	31	34627	卖盘
10:04:24	11.18	0.01	16	17888	买盘
10:04:21	11.17	-0.01	10	11170	卖盘
10:04:18	11.18	-0.01	2	2236	中性盘
10:04:12	11.19	0.02	10	11190	买盘
10:04:09	11.17	-0.01	400	446800	卖盘
10:04:06	11.18	-0.01	14	15652	卖盘
10:04:03	11.19	--	60	67140	买盘
10:04:00	11.19	--	3	3357	买盘
10:03:57	11.19	--	5	5595	买盘
10:03:51	11.19	-0.01	49	55121	卖盘
10:03:48	11.2	0.01	5	5600	买盘
10:03:42	11.19	-0.01	69	77211	卖盘
10:03:39	11.2	0.01	2	2240	买盘
10:03:36	11.19	--	4	4476	卖盘
10:03:30	11.19	0.01	5	5595	卖盘
10:03:24	11.18	--	10	12007	买盘
10:03:21	11.18	-0.02	104	116562	卖盘
10:03:18	11.2	0.01	3	3360	买盘
10:03:15	11.19	--	1	1947	买盘
10:03:12	11.19	--	15	16785	买盘
10:03:09	11.19	--	30	33570	买盘
10:03:06	11.19	--	1	1119	买盘
10:03:03	11.19	--	40	44760	买盘
10:03:00	11.19	--	4	4476	买盘
10:02:57	11.19	--	23	25737	买盘
10:02:54	11.19	--	5	5595	买盘
10:02:51	11.19	--	22	24908	卖盘
10:02:48	11.19	-0.01	1	1119	卖盘
10:02:45	11.2	0.01	2	2240	买盘
10:02:42	11.19	--	4	4476	卖盘
10:02:39	11.19	--	33	36927	卖盘
10:02:36	11.19	--	11	12309	卖盘
10:02:30	11.19	--	39	44469	买盘
10:02:27	11.19	--	28	31332	买盘
10:02:24	11.19	0.01	8	8952	买盘
10:02:21	11.18	--	4	4472	买盘
10:02:15	11.18	--	149	166582	买盘
10:02:09	11.18	--	32	35776	买盘
10:02:06	11.18	0.01	1	1118	中性盘
10:02:00	11.17	-0.02	118	131806	卖盘
10:01:57	11.19	--	4	4476	买盘
10:01:54	11.19	0.01	5	5595	买盘
10:01:51	11.18	-0.01	6	6708	卖盘
10:01:48	11.19	0.01	30	33570	买盘
10:01:42	11.18	--	55	61490	卖盘
10:01:39	11.18	--	8	8944	卖盘
10:01:36	11.18	-0.01	17	19006	卖盘
10:01:30	11.19	--	4	4476	买盘
10:01:27	11.19	--	2	2238	买盘
10:01:24	11.19	0.02	8	8952	买盘
10:01:18	11.17	-0.02	100	111700	卖盘
10:01:15	11.19	0.02	4	4476	买盘
10:01:12	11.17	-0.02	100	111700	卖盘
10:01:09	11.19	0.01	44	49236	买盘
10:01:06	11.18	0.01	120	134160	买盘
10:01:00	11.17	-0.01	38	42446	卖盘
10:00:57	11.18	--	53	59254	买盘
10:00:51	11.18	0.01	57	63726	买盘
10:00:42	11.17	-0.01	59	65903	卖盘
10:00:39	11.18	0.01	6	6708	买盘
10:00:36	11.17	--	15	16755	卖盘
10:00:33	11.17	--	5	5585	卖盘
10:00:27	11.17	-0.01	130	145210	卖盘
10:00:24	11.18	--	1	1118	买盘
10:00:21	11.18	0.01	10	11180	买盘
10:00:18	11.17	-0.01	20	22340	卖盘
10:00:15	11.18	0.01	1	1118	买盘
10:00:12	11.17	-0.01	10	11170	卖盘
10:00:06	11.18	0.01	1	1118	买盘
10:00:03	11.17	-0.01	3	3351	中性盘
09:59:51	11.18	0.02	10	11180	买盘
09:59:48	11.16	--	44	49104	卖盘
09:59:45	11.16	-0.02	6	6696	卖盘
09:59:42	11.18	0.02	300	335400	买盘
09:59:39	11.16	--	138	154008	卖盘
09:59:36	11.16	-0.01	5	5580	卖盘
09:59:33	11.17	0.01	1	1117	买盘
09:59:30	11.16	-0.01	465	518940	卖盘
09:59:24	11.17	0.01	1	1117	买盘
09:59:21	11.16	--	8	8928	卖盘
09:59:18	11.16	-0.02	73	81468	卖盘
09:59:12	11.18	0.01	2	2236	买盘
09:59:09	11.17	--	3	3351	买盘
09:59:06	11.17	0.01	1	1117	买盘
09:59:03	11.16	--	110	122760	卖盘
09:58:57	11.16	--	104	116064	卖盘
09:58:51	11.16	-0.02	68	75888	卖盘
09:58:48	11.18	0.02	5	5590	买盘
09:58:39	11.16	-0.02	1000	1116000	卖盘
09:58:36	11.18	--	5	5590	买盘
09:58:33	11.18	--	171	191178	卖盘
09:58:30	11.18	--	4	4472	卖盘
09:58:21	11.18	-0.01	9	10062	卖盘
09:58:18	11.19	--	8	8952	买盘
09:58:12	11.19	-0.01	40	44760	卖盘
09:58:09	11.2	0.01	20	22400	买盘
09:58:06	11.19	--	6	6714	卖盘
09:57:57	11.19	0.01	47	52593	买盘
09:57:54	11.18	--	6	6708	买盘
09:57:51	11.18	-0.01	104	116272	卖盘
09:57:48	11.19	0.01	22	24618	买盘
09:57:45	11.18	--	2	2236	卖盘
09:57:42	11.18	-0.01	11	12298	卖盘
09:57:39	11.19	--	10	11190	买盘
09:57:33	11.19	--	26	29094	买盘
09:57:27	11.19	-0.01	8	8952	中性盘
09:57:24	11.2	--	305	341600	买盘
09:57:15	11.2	--	2	2240	买盘
09:57:03	11.2	0.01	200	224000	买盘
09:57:00	11.19	--	2	2238	买盘
09:56:57	11.19	0.01	100	111900	买盘
09:56:54	11.18	-0.01	20	22360	卖盘
09:56:51	11.19	0.01	132	147708	买盘
09:56:45	11.18	--	10	11180	卖盘
09:56:39	11.18	--	13	14534	买盘
09:56:36	11.18	0.01	26	29068	买盘
09:56:33	11.17	-0.01	120	134040	卖盘
09:56:30	11.18	0.01	100	111800	买盘
09:56:27	11.17	--	20	22340	卖盘
09:56:24	11.17	-0.01	41	45797	卖盘
09:56:21	11.18	0.01	3	3354	买盘
09:56:15	11.17	-0.01	60	67020	卖盘
09:56:12	11.18	--	2	2236	买盘
09:56:03	11.18	0.01	1	1118	买盘
09:56:00	11.17	--	4	4468	卖盘
09:55:57	11.17	--	10	11170	卖盘
09:55:54	11.17	--	15	16755	卖盘
09:55:48	11.17	--	4	4468	卖盘
09:55:45	11.17	-0.01	11	12287	卖盘
09:55:42	11.18	0.01	5	5590	买盘
09:55:39	11.17	--	30	33510	卖盘
09:55:33	11.17	--	61	68137	卖盘
09:55:21	11.17	--	12	13404	卖盘
09:55:18	11.17	--	251	280367	买盘
09:55:12	11.17	--	10	11170	买盘
09:55:09	11.17	--	20	22340	买盘
09:55:06	11.17	--	104	116168	买盘
09:55:03	11.17	--	2	2234	买盘
09:55:00	11.17	--	21	23457	买盘
09:54:54	11.17	--	54	60318	买盘
09:54:51	11.17	--	5	5585	买盘
09:54:48	11.17	--	223	249091	卖盘
09:54:45	11.17	-0.01	10	11170	卖盘
09:54:42	11.18	--	5	5590	买盘
09:54:36	11.18	0.01	40	44720	买盘
09:54:33	11.17	-0.01	158	176486	卖盘
09:54:30	11.18	0.01	5	5590	买盘
09:54:27	11.17	--	38	42446	卖盘
09:54:24	11.17	--	1	1117	卖盘
09:54:18	11.17	--	5	5585	卖盘
09:54:15	11.17	-0.01	16	17872	卖盘
09:54:12	11.18	-0.01	10	11180	卖盘
09:54:09	11.19	--	3	3357	买盘
09:54:06	11.19	0.02	1	1119	买盘
09:54:03	11.17	--	9	10053	卖盘
09:54:00	11.17	-0.01	74	82658	卖盘
09:53:57	11.18	--	18	20124	买盘
09:53:54	11.18	--	34	38012	卖盘
09:53:51	11.18	--	1	1118	卖盘
09:53:48	11.18	0.01	65	72670	买盘
09:53:45	11.17	-0.01	153	170901	卖盘
09:53:42	11.18	--	5	5590	买盘
09:53:39	11.18	--	65	72670	买盘
09:53:36	11.18	--	3	3354	买盘
09:53:33	11.18	--	67	74906	买盘
09:53:30	11.18	0.01	1	1118	买盘
09:53:27	11.17	--	4	4468	卖盘
09:53:24	11.17	--	20	22340	卖盘
09:53:21	11.17	-0.01	12	13404	卖盘
09:53:15	11.18	0.01	50	55900	买盘
09:53:12	11.17	--	4	4468	卖盘
09:53:09	11.17	-0.01	57	63669	卖盘
09:53:06	11.18	0.01	27	30186	买盘
09:53:00	11.17	-0.01	6	6702	卖盘
09:52:57	11.18	--	5	5590	买盘
09:52:51	11.18	--	10	11180	买盘
09:52:48	11.18	--	5	5590	买盘
09:52:45	11.18	--	24	26832	买盘
09:52:39	11.18	0.01	89	99502	买盘
09:52:36	11.17	--	11	12287	卖盘
09:52:30	11.17	-0.01	18	20106	卖盘
09:52:27	11.18	--	65	72670	买盘
09:52:24	11.18	--	1	1118	买盘
09:52:21	11.18	--	9	10062	买盘
09:52:15	11.18	-0.01	2	2236	卖盘
09:52:12	11.19	0.01	13	14547	买盘
09:52:09	11.18	--	2	2236	买盘
09:52:06	11.18	--	54	60372	卖盘
09:51:57	11.18	--	100	111800	卖盘
09:51:54	11.18	--	25	27950	卖盘
09:51:51	11.18	0.01	76	84968	买盘
09:51:48	11.17	-0.01	83	92711	卖盘
09:51:45	11.18	--	12	13416	卖盘
09:51:42	11.18	--	5	5590	卖盘
09:51:39	11.18	--	10	11180	卖盘
09:51:36	11.18	--	6	6708	卖盘
09:51:33	11.18	--	25	27950	买盘
09:51:30	11.18	--	50	55900	买盘
09:51:27	11.18	--	10	11180	卖盘
09:51:21	11.18	--	6	6708	卖盘
09:51:15	11.18	--	39	43602	卖盘
09:51:12	11.18	0.01	74	82732	买盘
09:51:06	11.17	--	10	11170	卖盘
09:51:03	11.17	--	11	12287	卖盘
09:51:00	11.17	-0.01	23	25691	卖盘
09:50:57	11.18	0.01	20	22360	买盘
09:50:54	11.17	--	80	89360	卖盘
09:50:45	11.17	-0.01	2	2234	卖盘
09:50:42	11.18	0.01	100	111800	买盘
09:50:39	11.17	0.01	215	240155	买盘
09:50:33	11.16	-0.02	17	18972	卖盘
09:50:27	11.18	0.01	50	55900	买盘
09:50:24	11.17	--	53	59201	卖盘
09:50:12	11.17	-0.01	4	4468	卖盘
09:50:09	11.18	0.01	2	2236	中性盘
09:50:06	11.17	--	13	14521	卖盘
09:50:03	11.17	-0.02	61	68137	卖盘
09:50:00	11.19	0.02	20	22380	买盘
09:49:57	11.17	0.01	67	74839	中性盘
09:49:54	11.16	-0.01	211	235476	卖盘
09:49:51	11.17	-0.02	48	53616	卖盘
09:49:48	11.19	0.02	5	5595	买盘
09:49:42	11.17	--	10	11170	卖盘
09:49:39	11.17	--	114	127338	卖盘
09:49:36	11.17	-0.01	57	63669	卖盘
09:49:33	11.18	--	11	12298	买盘
09:49:30	11.18	--	127	141986	买盘
09:49:24	11.18	0.01	50	55900	买盘
09:49:21	11.17	-0.01	24	26808	卖盘
09:49:15	11.18	-0.01	10	11180	买盘
09:49:12	11.19	0.01	3	3357	买盘
09:49:06	11.18	0.01	20	22360	买盘
09:49:03	11.17	-0.01	24	26808	卖盘
09:49:00	11.18	0.02	17	19006	买盘
09:48:51	11.16	-0.02	158	176328	卖盘
09:48:48	11.18	--	2	2236	买盘
09:48:45	11.18	0.01	77	86086	买盘
09:48:42	11.17	--	209	233453	卖盘
09:48:36	11.17	--	6	6702	卖盘
09:48:33	11.17	0.01	267	298239	买盘
09:48:30	11.16	--	23	25668	卖盘
09:48:27	11.16	-0.01	114	127224	卖盘
09:48:24	11.17	--	16	17872	买盘
09:48:21	11.17	--	9	10053	买盘
09:48:18	11.17	--	10	11170	买盘
09:48:15	11.17	--	5	5585	买盘
09:48:12	11.17	--	20	22340	买盘
09:48:09	11.17	--	37	41329	买盘
09:48:06	11.17	--	2	2234	买盘
09:48:03	11.17	--	135	150795	买盘
09:48:00	11.17	0.01	7	7819	买盘
09:47:57	11.16	-0.01	148	165168	卖盘
09:47:54	11.17	-0.01	52	58084	卖盘
09:47:51	11.18	0.01	6	6708	买盘
09:47:48	11.17	-0.01	53	59201	卖盘
09:47:45	11.18	0.01	41	45838	买盘
09:47:42	11.17	--	268	299356	卖盘
09:47:39	11.17	--	86	96062	卖盘
09:47:36	11.17	--	127	141859	卖盘
09:47:33	11.17	--	20	22340	卖盘
09:47:30	11.17	--	104	116168	卖盘
09:47:24	11.17	--	4	4468	卖盘
09:47:21	11.17	-0.01	132	147444	卖盘
09:47:18	11.18	-0.01	192	214656	卖盘
09:47:15	11.19	0.01	58	64902	买盘
09:47:12	11.18	--	25	27950	卖盘
09:47:09	11.18	--	8	8944	卖盘
09:47:06	11.18	-0.01	153	171054	卖盘
09:47:03	11.19	-0.01	3	3357	买盘
09:47:00	11.2	--	238	266560	买盘
09:46:54	11.2	0.01	148	165760	买盘
09:46:48	11.19	-0.01	57	63783	卖盘
09:46:42	11.2	-0.02	590	661068	卖盘
09:46:39	11.22	-0.01	4	4488	卖盘
09:46:33	11.23	0.01	135	152009	买盘
09:46:27	11.22	--	12	13464	卖盘
09:46:18	11.22	-0.01	3	3366	卖盘
09:46:15	11.23	0.01	26	29198	买盘
09:46:12	11.22	--	8	8976	卖盘
09:46:06	11.22	--	28	31416	卖盘
09:46:03	11.22	--	3	3366	卖盘
09:46:00	11.22	--	17	19074	卖盘
09:45:54	11.22	-0.01	5	5610	卖盘
09:45:45	11.23	0.01	46	51658	买盘
09:45:42	11.22	-0.01	23	25806	卖盘
09:45:39	11.23	0.01	14	16440	买盘
09:45:36	11.22	--	40	44880	卖盘
09:45:33	11.22	--	11	12342	买盘
09:45:30	11.22	--	95	106590	卖盘
09:45:24	11.22	0.01	84	94248	买盘
09:45:21	11.21	-0.01	6	6726	卖盘
09:45:18	11.22	--	5	5610	买盘
09:45:15	11.22	0.01	92	103224	买盘
09:45:12	11.21	-0.01	28	31388	卖盘
09:45:09	11.22	--	100	112200	买盘
09:45:03	11.22	--	38	42636	买盘
09:44:57	11.22	-0.01	48	53856	卖盘
09:44:54	11.23	0.01	40	44920	买盘
09:44:51	11.22	-0.01	10	11220	卖盘
09:44:48	11.23	0.01	7	7861	买盘
09:44:45	11.22	-0.01	16	17952	中性盘
09:44:39	11.23	0.02	817	917491	买盘
09:44:33	11.21	--	20	22420	卖盘
09:44:30	11.21	-0.01	98	109858	卖盘
09:44:27	11.22	0.01	48	53856	买盘
09:44:24	11.21	--	53	59413	卖盘
09:44:21	11.21	-0.01	0	851	卖盘
09:44:15	11.22	--	53	59466	卖盘
09:44:12	11.22	0.01	66	74052	买盘
09:44:09	11.21	-0.01	14	15694	卖盘
09:44:06	11.22	--	25	28050	买盘
09:44:03	11.22	-0.01	3	3366	中性盘
09:44:00	11.23	--	16	17968	买盘
09:43:57	11.23	--	316	354868	买盘
09:43:54	11.23	0.02	20	22460	买盘
09:43:48	11.21	-0.01	50	56050	卖盘
09:43:45	11.22	0.01	362	406164	买盘
09:43:42	11.21	--	39	43719	卖盘
09:43:39	11.21	--	6	6726	卖盘
09:43:36	11.21	--	24	26904	买盘
09:43:30	11.21	--	60	67260	买盘
09:43:27	11.21	--	111	124431	买盘
09:43:24	11.21	0.01	52	58292	买盘
09:43:21	11.2	-0.01	8	8960	卖盘
09:43:18	11.21	0.01	10	11210	买盘
09:43:15	11.2	--	61	68320	卖盘
09:43:12	11.2	-0.01	4	4480	卖盘
09:43:09	11.21	0.01	22	24662	买盘
09:43:06	11.2	0.01	39	43680	买盘
09:43:03	11.19	-0.01	11	12309	卖盘
09:43:00	11.2	--	10	11200	买盘
09:42:57	11.2	-0.02	4	4480	中性盘
09:42:54	11.22	0.02	42	47124	买盘
09:42:51	11.2	0.01	6	6720	买盘
09:42:48	11.19	-0.02	27	30213	卖盘
09:42:45	11.21	0.02	35	39235	中性盘
09:42:30	11.19	--	16	17904	卖盘
09:42:24	11.19	--	48	53712	卖盘
09:42:21	11.19	--	106	118614	卖盘
09:42:15	11.19	-0.04	56	62664	卖盘
09:42:12	11.23	0.02	35	39305	买盘
09:42:09	11.21	--	125	140125	买盘
09:42:06	11.21	-0.02	2209	2476501	卖盘
09:42:03	11.23	--	71	79733	买盘
09:42:00	11.23	--	30	33690	买盘
09:41:57	11.23	--	124	139252	买盘
09:41:54	11.23	0.01	110	123530	买盘
09:41:51	11.22	--	124	139128	卖盘
09:41:48	11.22	--	1	1122	卖盘
09:41:45	11.22	-0.01	1	1122	卖盘
09:41:42	11.23	--	34	38182	买盘
09:41:39	11.23	--	10	11230	买盘
09:41:33	11.23	0.01	8	8984	买盘
09:41:30	11.22	--	378	425024	买盘
09:41:27	11.22	--	15	16830	买盘
09:41:24	11.22	0.01	22	24684	买盘
09:41:21	11.21	-0.01	11	12331	卖盘
09:41:18	11.22	0.01	37	41514	买盘
09:41:15	11.21	--	28	31388	卖盘
09:41:12	11.21	--	4	4484	卖盘
09:41:06	11.21	0.02	423	474183	买盘
09:41:03	11.19	0.02	72	80568	买盘
09:41:00	11.17	-0.02	160	178720	卖盘
09:40:57	11.19	0.01	29	32451	买盘
09:40:54	11.18	0.01	1	1118	卖盘
09:40:51	11.17	--	50	55850	卖盘
09:40:48	11.17	--	100	111700	卖盘
09:40:42	11.17	0.01	128	142976	中性盘
09:40:39	11.16	-0.01	63	70308	卖盘
09:40:36	11.17	0.01	8	8936	买盘
09:40:33	11.16	-0.01	5	5580	卖盘
09:40:30	11.17	0.01	1	1117	买盘
09:40:27	11.16	0.01	23	25668	卖盘
09:40:24	11.15	--	73	81395	卖盘
09:40:21	11.15	--	31	34565	卖盘
09:40:18	11.15	-0.02	430	479450	卖盘
09:40:15	11.17	0.02	234	261378	买盘
09:40:12	11.15	--	194	216310	买盘
09:40:09	11.15	--	479	534085	买盘
09:40:06	11.15	--	160	178400	买盘
09:40:03	11.15	--	79	88085	买盘
09:40:00	11.15	--	359	400285	买盘
09:39:57	11.15	--	25	27875	买盘
09:39:54	11.15	--	10	11150	买盘
09:39:51	11.15	--	240	267600	买盘
09:39:48	11.15	--	10	11150	买盘
09:39:45	11.15	-0.05	381	424815	卖盘
09:39:42	11.2	0.02	281	314720	买盘
09:39:39	11.18	-0.01	46	51428	卖盘
09:39:36	11.19	0.01	23	25737	买盘
09:39:30	11.18	--	72	80496	卖盘
09:39:27	11.18	--	208	232544	卖盘
09:39:24	11.18	--	1080	1207440	买盘
09:39:21	11.18	--	18	20124	买盘
09:39:18	11.18	--	24	26832	买盘
09:39:15	11.18	0.01	8	8944	买盘
09:39:12	11.17	--	22	24574	买盘
09:39:09	11.17	-0.01	65	72605	卖盘
