成交时间	成交价	价格变动	成交量(手)	成交额(元)	性质
15:00:03	19.05	-0.01	913	1739265	中性盘
14:57:03	19.06	--	9	17154	买盘
14:57:00	19.06	--	59	112453	买盘
14:56:54	19.06	--	1	1905	买盘
14:56:51	19.06	0.01	7	13342	买盘
14:56:45	19.05	-0.01	20	38100	卖盘
14:56:42	19.06	0.01	52	99112	买盘
14:56:39	19.05	--	14	26670	卖盘
14:56:36	19.05	-0.01	30	57150	卖盘
14:56:30	19.06	--	4	7623	买盘
14:56:27	19.06	0.01	1	1905	买盘
14:56:24	19.05	--	3	5715	卖盘
14:56:21	19.05	--	10	19050	卖盘
14:56:18	19.05	-0.01	72	137160	卖盘
14:56:06	19.06	0.01	1	1905	买盘
14:56:03	19.05	-0.01	28	53340	卖盘
14:56:00	19.06	--	1	1905	买盘
14:55:54	19.06	0.01	1	1905	买盘
14:55:45	19.05	0.01	5	9525	买盘
14:55:42	19.04	--	2	3808	卖盘
14:55:39	19.04	-0.02	38	72352	卖盘
14:55:36	19.06	0.01	4	7623	买盘
14:55:33	19.05	--	16	30480	买盘
14:55:30	19.05	--	2	3810	买盘
14:55:24	19.05	--	20	38100	买盘
14:55:12	19.05	-0.01	1	1905	中性盘
14:55:06	19.06	0.01	6	11436	买盘
14:55:00	19.05	0.01	26	49530	买盘
14:54:57	19.04	-0.01	50	95200	卖盘
14:54:54	19.05	--	5	9525	买盘
14:54:48	19.05	--	11	20955	买盘
14:54:45	19.05	--	2	3810	买盘
14:54:42	19.05	--	15	28575	买盘
14:54:18	19.05	0.01	17	32385	买盘
14:54:15	19.04	-0.02	302	575008	卖盘
14:54:09	19.06	--	2	3811	买盘
14:54:03	19.06	0.01	6	11436	买盘
14:54:00	19.05	-0.01	76	144780	卖盘
14:53:57	19.06	--	102	194412	买盘
14:53:51	19.06	--	2	3811	买盘
14:53:48	19.06	--	50	95300	买盘
14:53:39	19.06	--	85	162010	买盘
14:53:36	19.06	-0.01	287	547022	卖盘
14:53:27	19.07	--	8	15256	买盘
14:53:21	19.07	0.01	15	28605	买盘
14:53:18	19.06	-0.01	5	9530	卖盘
14:53:12	19.07	0.01	4	7628	买盘
14:53:09	19.06	-0.01	17	32401	卖盘
14:53:06	19.07	0.02	15	28605	买盘
14:53:00	19.05	-0.01	71	135255	卖盘
14:52:57	19.06	--	20	38120	卖盘
14:52:54	19.06	--	5	9530	卖盘
14:52:51	19.06	--	7	15228	买盘
14:52:48	19.06	--	78	148668	买盘
14:52:45	19.06	--	1	1905	买盘
14:52:30	19.06	--	35	66710	买盘
14:52:24	19.06	--	4	7623	买盘
14:52:18	19.06	0.01	138	263028	买盘
14:52:12	19.05	--	1	1905	卖盘
14:52:06	19.05	--	22	41910	卖盘
14:52:03	19.05	--	5	9525	卖盘
14:52:00	19.05	--	13	24765	卖盘
14:51:57	19.05	-0.01	8	15240	卖盘
14:51:54	19.06	0.01	3	5718	买盘
14:51:51	19.05	-0.01	5	9525	卖盘
14:51:42	19.06	--	6	11436	买盘
14:51:30	19.06	--	15	28589	买盘
14:51:24	19.06	--	1	1905	买盘
14:51:15	19.06	--	17	32401	买盘
14:51:12	19.06	--	5	9530	买盘
14:51:09	19.06	-0.01	7	13342	卖盘
14:51:06	19.07	--	5	9535	买盘
14:50:54	19.07	--	21	40047	买盘
14:50:39	19.07	--	3	5721	买盘
14:50:33	19.07	--	25	47675	买盘
14:50:30	19.07	--	76	144932	买盘
14:50:27	19.07	--	8	15256	买盘
14:50:24	19.07	--	3	5721	买盘
14:50:18	19.07	0.02	2	3814	买盘
14:50:15	19.05	-0.02	10	19050	卖盘
14:50:06	19.07	0.01	458	873406	买盘
14:50:00	19.06	--	16	30495	卖盘
14:49:54	19.06	-0.01	45	85770	卖盘
14:49:45	19.07	--	100	190700	买盘
14:49:42	19.07	--	28	53396	买盘
14:49:33	19.07	--	27	51489	买盘
14:49:30	19.07	--	5	9535	买盘
14:49:24	19.07	--	4	7628	买盘
14:49:21	19.07	--	10	19070	买盘
14:49:18	19.07	--	10	19070	买盘
14:49:06	19.07	--	11	20977	买盘
14:48:48	19.07	0.02	2	3814	买盘
14:48:45	19.05	-0.01	69	131445	卖盘
14:48:42	19.06	--	45	85770	买盘
14:48:30	19.06	--	5	9530	买盘
14:48:27	19.06	-0.01	12	22872	卖盘
14:48:24	19.07	0.01	570	1086990	买盘
14:48:21	19.06	-0.01	2	3811	中性盘
14:48:12	19.07	0.01	712	1357784	买盘
14:48:09	19.06	-0.01	5	9530	中性盘
14:47:45	19.07	0.01	140	266980	买盘
14:47:42	19.06	0.01	33	62897	买盘
14:47:39	19.05	--	56	106680	卖盘
14:47:27	19.05	-0.01	21	40005	卖盘
14:47:24	19.06	--	8	15247	买盘
14:47:18	19.06	--	17	32401	买盘
14:47:09	19.06	--	50	95300	买盘
14:47:03	19.06	--	30	57179	买盘
14:46:54	19.06	--	2	3811	买盘
14:46:48	19.06	--	26	49556	卖盘
14:46:45	19.06	--	60	114359	卖盘
14:46:42	19.06	--	203	386918	卖盘
14:46:39	19.06	--	100	190600	卖盘
14:46:30	19.06	-0.01	120	228719	卖盘
14:46:27	19.07	--	5	9535	买盘
14:46:24	19.07	0.01	36	68652	买盘
14:46:21	19.06	-0.01	2	3811	卖盘
14:46:09	19.07	--	21	40047	卖盘
14:46:06	19.07	-0.01	2	3814	卖盘
14:46:03	19.08	--	10	19080	买盘
14:45:42	19.08	0.01	78	148824	买盘
14:45:39	19.07	--	2	3814	买盘
14:45:33	19.07	--	3	5721	买盘
14:45:27	19.07	-0.01	7	13349	卖盘
14:45:21	19.08	--	23	43883	买盘
14:45:18	19.08	--	5	9540	买盘
14:45:15	19.08	--	2	3815	买盘
14:45:12	19.08	--	4	7631	买盘
14:45:06	19.08	-0.01	37	70596	中性盘
14:44:54	19.09	--	2	3818	买盘
14:44:42	19.09	0.05	70	133630	买盘
14:44:27	19.04	-0.05	40	76160	卖盘
14:44:18	19.09	--	5	9545	买盘
14:44:12	19.09	0.06	1	1909	中性盘
14:43:48	19.03	-0.07	1	1903	中性盘
14:43:42	19.1	0.07	37	70670	买盘
14:43:39	19.03	-0.07	13	24739	卖盘
14:43:30	19.1	--	41	79838	卖盘
14:43:24	19.1	--	15	28650	卖盘
14:43:21	19.1	--	8	15280	卖盘
14:43:15	19.1	0.07	1212	2314920	买盘
14:43:09	19.03	0.01	5	9515	买盘
14:43:03	19.02	--	0	380	卖盘
14:43:00	19.02	--	76	144552	卖盘
14:42:54	19.02	-0.01	83	157866	卖盘
14:42:48	19.03	--	21	39963	买盘
14:42:42	19.03	--	32	60896	买盘
14:42:39	19.03	-0.02	25	47575	卖盘
14:42:24	19.05	0.03	5	9525	买盘
14:42:00	19.02	-0.03	350	665700	卖盘
14:41:48	19.05	--	2	3810	卖盘
14:41:45	19.05	0.01	32	60960	买盘
14:41:39	19.04	-0.01	40	76160	卖盘
14:41:33	19.05	--	5	9525	买盘
14:41:30	19.05	--	3	5715	买盘
14:41:24	19.05	-0.01	11	20955	卖盘
14:41:06	19.06	0.02	7	13342	买盘
14:41:03	19.04	--	1	1904	卖盘
14:41:00	19.04	-0.02	1	1904	卖盘
14:40:45	19.06	0.01	32	60991	买盘
14:40:42	19.05	--	31	59055	买盘
14:40:39	19.05	0.01	7	13335	买盘
14:40:36	19.04	--	41	78064	卖盘
14:40:27	19.04	--	10	19040	卖盘
14:40:24	19.04	-0.01	4	7616	卖盘
14:40:12	19.05	--	7	13335	买盘
14:40:06	19.05	--	5	9525	买盘
14:40:00	19.05	--	11	20955	买盘
14:39:54	19.05	0.01	1	1905	买盘
14:39:48	19.04	-0.02	240	456960	卖盘
14:39:45	19.06	--	15	28589	买盘
14:39:42	19.06	0.01	1	1905	买盘
14:39:36	19.05	-0.01	40	76200	卖盘
14:39:33	19.06	0.01	11	20966	买盘
14:39:24	19.05	-0.01	138	262890	卖盘
14:39:12	19.06	0.01	3	5718	买盘
14:39:06	19.05	--	0	19	卖盘
14:39:03	19.05	--	13	24765	卖盘
14:39:00	19.05	-0.01	15	28575	卖盘
14:38:57	19.06	--	130	247779	买盘
14:38:48	19.06	--	5	9530	买盘
14:38:42	19.06	--	2	3811	买盘
14:38:36	19.06	--	118	224907	卖盘
14:38:33	19.06	--	70	133420	卖盘
14:38:06	19.06	-0.02	10	19060	卖盘
14:38:00	19.08	--	2	3815	买盘
14:37:54	19.08	0.01	30	57239	买盘
14:37:51	19.07	--	3	5721	买盘
14:37:39	19.07	0.01	50	95350	买盘
14:37:33	19.06	-0.01	40	76240	卖盘
14:37:30	19.07	--	4	7628	卖盘
14:37:27	19.07	-0.01	2	3814	中性盘
14:37:24	19.08	0.02	5	9540	买盘
14:37:21	19.06	-0.01	10	19060	卖盘
14:37:18	19.07	--	10	19070	买盘
14:37:15	19.07	0.01	1	1907	买盘
14:37:12	19.06	-0.01	1	1905	卖盘
14:37:06	19.07	--	47	89629	买盘
14:37:03	19.07	0.02	3	5721	中性盘
14:36:51	19.05	-0.02	86	163830	卖盘
14:36:48	19.07	0.01	6	11442	买盘
14:36:36	19.06	-0.01	15	28589	卖盘
14:36:33	19.07	0.01	3	5721	买盘
14:36:30	19.06	-0.01	40	76240	卖盘
14:36:27	19.07	--	1	1907	买盘
14:36:24	19.07	0.01	23	43861	买盘
14:36:21	19.06	-0.01	90	171540	卖盘
14:36:06	19.07	0.01	7	13349	买盘
14:36:03	19.06	-0.01	23	43838	卖盘
14:36:00	19.07	--	4	7628	买盘
14:35:57	19.07	--	9	17163	买盘
14:35:54	19.07	--	20	38140	买盘
14:35:51	19.07	--	4	7628	买盘
14:35:48	19.07	--	18	34326	买盘
14:35:33	19.07	0.01	10	19070	买盘
14:35:30	19.06	-0.02	40	76240	卖盘
14:35:24	19.08	--	1	1907	买盘
14:35:21	19.08	0.02	22	41975	买盘
14:35:15	19.06	--	23	43838	卖盘
14:35:09	19.06	--	23	43838	卖盘
14:35:00	19.06	--	23	43838	卖盘
14:34:57	19.06	--	237	451721	买盘
14:34:54	19.06	--	10	19060	买盘
14:34:39	19.06	--	13	24778	买盘
14:34:36	19.06	--	3	5718	买盘
14:34:33	19.06	0.01	3	5718	买盘
14:34:30	19.05	-0.01	46	87630	卖盘
14:34:15	19.06	0.01	33	62897	买盘
14:34:06	19.05	--	37	70485	卖盘
14:34:00	19.05	--	3	5715	卖盘
14:33:51	19.05	--	18	34290	卖盘
14:33:48	19.05	--	93	179050	买盘
14:33:45	19.05	0.01	3	5715	买盘
14:33:42	19.04	--	40	76160	卖盘
14:33:39	19.04	-0.01	5	9520	卖盘
14:33:33	19.05	0.01	12	22860	买盘
14:33:30	19.04	-0.01	41	78064	卖盘
14:33:21	19.05	--	2	3810	买盘
14:33:09	19.05	0.01	2	3810	买盘
14:33:03	19.04	-0.01	1	1904	卖盘
14:32:57	19.05	--	4	7620	买盘
14:32:54	19.05	--	14	26670	买盘
14:32:51	19.05	0.01	19	36195	买盘
14:32:27	19.04	-0.01	41	78064	卖盘
14:32:21	19.05	0.02	10	19050	买盘
14:32:15	19.03	--	62	117986	卖盘
14:32:06	19.03	-0.01	50	95150	卖盘
14:32:03	19.04	--	24	45696	买盘
14:32:00	19.04	0.01	10	19040	买盘
14:31:57	19.03	-0.01	20	38060	卖盘
14:31:48	19.04	--	12	22848	买盘
14:31:45	19.04	-0.02	26	49504	卖盘
14:31:39	19.06	0.01	20	38120	买盘
14:31:27	19.05	--	39	74295	卖盘
14:31:21	19.05	--	1	1905	买盘
14:31:18	19.05	--	6	11430	买盘
14:30:54	19.05	--	3	5715	卖盘
14:30:45	19.05	0.02	6	11430	买盘
14:30:42	19.03	-0.01	12	22836	卖盘
14:30:39	19.04	0.01	6	11424	买盘
14:30:27	19.03	--	5	9515	卖盘
14:30:24	19.03	-0.01	40	76120	卖盘
14:30:21	19.04	--	14	26656	买盘
14:30:15	19.04	--	2	3808	买盘
14:30:12	19.04	--	20	38080	买盘
14:30:09	19.04	-0.02	77	146608	卖盘
14:30:06	19.06	0.01	5	9530	买盘
14:30:03	19.05	--	10	19050	卖盘
14:29:57	19.05	0.01	30	57150	买盘
14:29:54	19.04	-0.01	7	13328	卖盘
14:29:51	19.05	0.01	6	11430	买盘
14:29:45	19.04	--	9	17136	卖盘
14:29:42	19.04	-0.01	11	20944	卖盘
14:29:39	19.05	0.01	5	9525	买盘
14:29:33	19.04	-0.01	28	53312	卖盘
14:29:30	19.05	--	1	1905	买盘
14:29:24	19.05	0.01	10	19050	买盘
14:29:18	19.04	-0.01	25	47600	卖盘
14:29:12	19.05	0.01	92	175260	买盘
14:29:06	19.04	--	20	38080	卖盘
14:28:57	19.04	-0.01	30	57120	卖盘
14:28:48	19.05	-0.01	10	19050	卖盘
14:28:42	19.06	--	1	1905	买盘
14:28:30	19.06	0.02	5	9530	买盘
14:28:27	19.04	-0.02	10	19040	卖盘
14:28:24	19.06	-0.01	24	45744	卖盘
14:27:51	19.07	0.04	1	1907	买盘
14:27:48	19.03	-0.01	29	55187	卖盘
14:27:45	19.04	-0.03	6	11424	卖盘
14:27:39	19.07	0.03	32	61024	买盘
14:27:36	19.04	--	1	1904	卖盘
14:27:27	19.04	--	3	5712	卖盘
14:27:24	19.04	0.01	6	11424	买盘
14:27:21	19.03	--	40	76120	卖盘
14:27:12	19.03	--	115	220595	买盘
14:27:09	19.03	--	5	9515	买盘
14:27:06	19.03	0.01	54	102762	买盘
14:27:03	19.02	--	5	9510	卖盘
14:27:00	19.02	-0.01	30	57060	卖盘
14:26:57	19.03	--	105	199815	买盘
14:26:51	19.03	--	43	81829	买盘
14:26:45	19.03	0.01	11	20933	买盘
14:26:42	19.02	-0.01	5	9510	卖盘
14:26:39	19.03	--	3	5709	买盘
14:26:36	19.03	--	10	19030	买盘
14:26:33	19.03	--	16	30448	买盘
14:26:30	19.03	0.01	2	3806	买盘
14:26:21	19.02	--	40	76080	卖盘
14:26:15	19.02	--	55	104610	买盘
14:26:12	19.02	--	12	22824	买盘
14:26:09	19.02	--	15	28530	买盘
14:26:03	19.02	0.01	7	13314	买盘
14:26:00	19.01	-0.01	31	58931	卖盘
14:25:57	19.02	0.01	10	19020	买盘
14:25:54	19.01	-0.01	15	28515	卖盘
14:25:51	19.02	--	23	43746	买盘
14:25:48	19.02	-0.01	61	116022	卖盘
14:25:36	19.03	--	1	1903	买盘
14:25:33	19.03	0.01	68	129404	买盘
14:25:30	19.02	-0.01	5	9510	卖盘
14:25:24	19.03	0.01	20	38060	买盘
14:25:21	19.02	--	40	76080	卖盘
14:25:15	19.02	-0.01	5	9510	卖盘
14:25:12	19.03	0.01	1	1903	买盘
14:25:09	19.02	-0.01	7	13314	卖盘
14:25:00	19.03	--	40	76120	买盘
14:24:57	19.03	--	87	165561	买盘
14:24:51	19.03	-0.03	18	34406	卖盘
14:24:48	19.06	0.02	1	1905	买盘
14:24:45	19.04	-0.05	4	7616	卖盘
14:24:42	19.09	0.06	104	198536	买盘
14:24:39	19.03	--	12	24586	买盘
14:24:36	19.03	-0.06	12	22988	卖盘
14:24:33	19.09	--	3	5727	买盘
14:24:30	19.09	0.06	47	89723	买盘
14:24:27	19.03	--	1	1903	卖盘
14:24:24	19.03	-0.03	6	11418	卖盘
14:24:21	19.06	0.03	40	76240	买盘
14:24:18	19.03	--	40	76120	卖盘
14:24:12	19.03	-0.01	26	49478	卖盘
14:24:03	19.04	0.01	2	3808	买盘
14:24:00	19.03	-0.01	2	3806	卖盘
14:23:57	19.04	--	6	11424	买盘
14:23:54	19.04	-0.01	30	57120	中性盘
14:23:51	19.05	0.02	95	180975	买盘
14:23:48	19.03	-0.01	10	19030	卖盘
14:23:45	19.04	-0.01	20	38080	卖盘
14:23:42	19.05	--	2	3810	买盘
14:23:33	19.05	--	16	30480	买盘
14:23:30	19.05	0.01	3	5715	买盘
14:23:27	19.04	-0.01	2	3808	卖盘
14:23:24	19.05	--	14	26670	买盘
14:23:18	19.05	--	10	19050	买盘
14:23:15	19.05	--	2	3810	买盘
14:23:12	19.05	0.01	5	9525	卖盘
14:23:09	19.04	-0.01	115	220844	卖盘
14:23:06	19.05	--	5	9525	卖盘
14:23:00	19.05	-0.01	20	38100	卖盘
14:22:48	19.06	0.01	20	38120	买盘
14:22:42	19.05	-0.01	1	1905	卖盘
14:22:30	19.06	--	31	59085	卖盘
14:22:24	19.06	--	47	89582	卖盘
14:22:12	19.06	-0.02	10	19060	卖盘
14:22:09	19.08	0.02	2	3815	买盘
14:22:03	19.06	--	5	9530	卖盘
14:21:57	19.06	-0.03	20	38120	卖盘
14:21:54	19.09	0.03	3	5727	买盘
14:21:45	19.06	-0.03	8	15247	卖盘
14:21:42	19.09	0.03	1	1909	买盘
14:21:30	19.06	-0.03	6	11436	卖盘
14:21:21	19.09	0.02	1	1909	买盘
14:21:15	19.07	-0.02	3	5721	卖盘
14:21:09	19.09	-0.01	8	15272	卖盘
14:21:06	19.1	--	5	9550	买盘
14:21:03	19.1	0.01	17	32470	买盘
14:20:54	19.09	--	5	9545	买盘
14:20:48	19.09	0.01	4	7636	中性盘
14:20:45	19.08	--	34	64871	卖盘
14:20:42	19.08	--	10	19080	卖盘
14:20:39	19.08	-0.01	7	13355	卖盘
14:20:36	19.09	0.01	30	57270	买盘
14:20:33	19.08	--	10	19080	卖盘
14:20:27	19.08	--	20	38160	卖盘
14:20:24	19.08	--	20	38160	卖盘
14:20:15	19.08	--	45	85859	卖盘
14:20:06	19.08	--	28	53423	买盘
14:20:00	19.08	0.03	6	11447	买盘
14:19:48	19.05	-0.04	3	5715	卖盘
14:19:39	19.09	--	3	5727	卖盘
14:19:33	19.09	0.04	2	3818	买盘
14:19:30	19.05	--	6	11430	卖盘
14:19:27	19.05	-0.01	38	72390	卖盘
14:19:24	19.06	--	66	125795	买盘
14:19:21	19.06	0.01	2	3811	买盘
14:19:12	19.05	--	43	81915	卖盘
14:19:00	19.05	--	10	19050	卖盘
14:18:57	19.05	--	6	11430	卖盘
14:18:51	19.05	--	6	11430	买盘
14:18:48	19.05	-0.01	24	45720	卖盘
14:18:45	19.06	0.01	35	66710	买盘
14:18:42	19.05	--	9	17145	中性盘
14:18:39	19.05	0.01	29	55245	买盘
14:18:33	19.04	-0.01	5	9520	卖盘
14:18:30	19.05	0.01	35	66675	买盘
14:18:18	19.04	-0.01	3	5712	卖盘
14:18:15	19.05	-0.01	5	9525	买盘
14:18:12	19.06	-0.04	3	5718	中性盘
14:18:09	19.1	0.06	3	5730	买盘
14:18:06	19.04	-0.01	168	321642	卖盘
14:18:03	19.05	-0.01	14	26670	卖盘
14:18:00	19.06	-0.01	18	34308	中性盘
14:17:48	19.07	0.02	9	17163	买盘
14:17:45	19.05	-0.02	10	19050	卖盘
14:17:42	19.07	0.02	48	91536	买盘
14:17:36	19.05	-0.01	8	15240	卖盘
14:17:33	19.06	--	38	72428	买盘
14:17:30	19.06	--	5	9530	买盘
14:17:12	19.06	--	1	1905	卖盘
14:17:09	19.06	--	42	80052	卖盘
14:17:06	19.06	--	6	11436	卖盘
14:17:03	19.06	-0.01	25	47650	卖盘
14:16:57	19.07	--	97	184979	卖盘
14:16:54	19.07	--	68	129676	卖盘
14:16:45	19.07	--	20	38140	卖盘
14:16:42	19.07	-0.01	103	196421	卖盘
14:16:33	19.08	0.01	9	17172	买盘
14:16:27	19.07	--	200	381400	卖盘
14:16:24	19.07	--	38	72466	卖盘
14:16:21	19.07	--	8	15256	卖盘
14:16:18	19.07	-0.01	50	95350	卖盘
14:16:15	19.08	--	2	3815	买盘
14:16:03	19.08	--	48	91583	卖盘
14:16:00	19.08	--	13	24803	卖盘
14:15:57	19.08	--	8	15263	卖盘
14:15:51	19.08	-0.01	5	9540	卖盘
14:15:42	19.09	0.01	1	1909	中性盘
14:15:36	19.08	-0.01	83	158364	卖盘
14:15:21	19.09	0.01	1	1909	买盘
14:15:15	19.08	-0.01	15	28619	卖盘
14:15:09	19.09	--	39	74451	卖盘
14:15:06	19.09	-0.01	2	3818	卖盘
14:15:03	19.1	0.01	5	9550	买盘
14:14:57	19.09	--	6	11454	卖盘
14:14:54	19.09	-0.01	27	51543	卖盘
14:14:51	19.1	0.01	1	1910	买盘
14:14:48	19.09	-0.01	10	19090	卖盘
14:14:42	19.1	0.01	1	1910	买盘
14:14:39	19.09	-0.02	10	19090	卖盘
14:14:24	19.11	--	30	57330	买盘
14:14:12	19.11	--	5	9555	买盘
14:14:09	19.11	0.01	30	57330	买盘
14:14:06	19.1	--	18	35506	卖盘
14:13:54	19.1	--	9	17973	买盘
14:13:51	19.1	0.02	35	66850	买盘
14:13:36	19.08	--	34	64871	买盘
14:13:33	19.08	-0.01	18	34344	卖盘
14:13:12	19.09	--	3	5727	买盘
14:13:09	19.09	0.01	2	3818	买盘
14:13:06	19.08	-0.01	40	76320	卖盘
14:12:57	19.09	--	1	1909	买盘
14:12:51	19.09	-0.01	1	1909	卖盘
14:12:48	19.1	--	40	76400	买盘
14:12:42	19.1	0.01	1	1910	买盘
14:12:39	19.09	--	6	11454	卖盘
14:12:36	19.09	-0.01	5	9545	卖盘
14:12:12	19.1	--	5	9550	买盘
14:12:09	19.1	--	26	50786	卖盘
14:12:06	19.1	--	26	49660	卖盘
14:12:03	19.1	--	40	76400	卖盘
14:11:54	19.1	-0.01	10	19100	卖盘
14:11:45	19.11	0.01	18	34398	买盘
14:11:36	19.1	--	131	250210	卖盘
14:11:03	19.1	-0.01	54	103140	卖盘
14:10:51	19.11	-0.01	16	30576	卖盘
14:10:48	19.12	0.01	5	9560	买盘
14:10:45	19.11	--	21	40131	卖盘
14:10:36	19.11	--	31	59241	卖盘
14:10:27	19.11	-0.01	120	229320	卖盘
14:10:24	19.12	--	3	5736	买盘
14:10:15	19.12	--	2	3824	买盘
14:10:03	19.12	--	7	13384	买盘
14:10:00	19.12	-0.01	21	40152	卖盘
14:09:48	19.13	--	11	21043	买盘
14:09:33	19.13	-0.01	93	177909	中性盘
14:09:27	19.14	--	5	9570	买盘
14:09:21	19.14	--	1	1914	买盘
14:09:06	19.14	0.03	18	34452	买盘
14:09:03	19.11	-0.04	98	187278	卖盘
14:09:00	19.15	0.01	32	61279	买盘
14:08:51	19.14	--	20	38280	卖盘
14:08:45	19.14	0.02	18	34452	买盘
14:08:36	19.12	0.01	45	86040	买盘
14:08:33	19.11	-0.01	40	76440	卖盘
14:08:30	19.12	0.01	2	3824	买盘
14:08:27	19.11	--	164	313404	卖盘
14:08:24	19.11	-0.01	177	338247	卖盘
14:08:03	19.12	--	5	9560	买盘
14:07:57	19.12	--	68	130016	卖盘
14:07:51	19.12	--	70	133840	卖盘
14:07:48	19.12	--	1	1912	卖盘
14:07:33	19.12	--	3	5736	卖盘
14:07:21	19.12	-0.02	10	19120	卖盘
14:07:09	19.14	--	13	24882	买盘
14:07:03	19.14	--	10	19140	买盘
14:07:00	19.14	0.02	5	9570	买盘
14:06:57	19.12	-0.03	167	319304	卖盘
14:06:51	19.15	0.01	5	9575	买盘
14:06:45	19.14	--	10	19140	买盘
14:06:30	19.14	-0.01	10	19140	中性盘
14:06:21	19.15	0.01	149	285335	买盘
14:06:18	19.14	--	11	21054	买盘
14:06:12	19.14	0.02	3	5742	买盘
14:05:57	19.12	-0.02	40	76480	卖盘
14:05:51	19.14	0.02	18	34452	买盘
14:05:45	19.12	--	11	21032	卖盘
14:05:27	19.12	--	104	198848	买盘
14:05:24	19.12	--	52	99424	买盘
14:05:21	19.12	--	9	17208	买盘
14:05:15	19.12	--	1	1912	买盘
14:05:09	19.12	--	3	5736	买盘
14:05:06	19.12	-0.03	39	74568	卖盘
14:05:03	19.15	0.03	6	11490	中性盘
14:04:54	19.12	-0.03	40	76480	卖盘
14:04:51	19.15	-0.01	1	1914	中性盘
14:04:27	19.16	0.01	50	95800	买盘
14:04:24	19.15	--	1	1914	买盘
14:04:12	19.15	0.04	3	5745	买盘
14:04:06	19.11	-0.04	1	1911	卖盘
14:04:03	19.15	-0.01	4	7659	卖盘
14:04:00	19.16	0.05	5	9580	买盘
14:03:57	19.11	--	3	5733	卖盘
14:03:54	19.11	-0.04	40	76440	卖盘
14:03:51	19.15	0.04	1	1914	买盘
14:03:45	19.11	-0.04	5	9555	卖盘
14:03:39	19.15	--	18	34470	买盘
14:03:33	19.15	0.04	27	51704	买盘
14:03:30	19.11	--	8	15288	买盘
14:03:27	19.11	-0.04	2	3822	卖盘
14:03:24	19.15	0.05	3	5745	买盘
14:03:21	19.1	--	10	19100	卖盘
14:02:54	19.1	-0.07	612	1168920	卖盘
14:02:51	19.17	0.02	15	28755	买盘
14:02:42	19.15	0.01	320	612800	买盘
14:02:39	19.14	-0.01	10	19140	卖盘
14:02:30	19.15	--	375	718125	卖盘
14:02:27	19.15	-0.01	1	1914	卖盘
14:02:21	19.16	--	19	36404	买盘
14:02:18	19.16	--	2	3832	买盘
14:02:15	19.16	--	84	160944	买盘
14:02:12	19.16	--	46	88136	买盘
14:02:09	19.16	--	9	17244	买盘
14:02:06	19.16	--	54	103464	买盘
14:02:03	19.16	0.01	3	5748	买盘
14:01:54	19.15	--	40	76600	卖盘
14:01:51	19.15	--	21	40215	买盘
14:01:39	19.15	--	75	143625	买盘
14:01:36	19.15	--	6	11490	买盘
14:01:33	19.15	--	16	30639	买盘
14:01:30	19.15	--	12	22980	买盘
14:01:27	19.15	--	38	72770	买盘
14:01:21	19.15	-0.01	5	9575	中性盘
14:01:15	19.16	--	38	72808	买盘
14:01:03	19.16	0.05	7	13412	买盘
14:01:00	19.11	-0.02	39	74529	卖盘
14:00:57	19.13	0.02	46	87998	买盘
14:00:51	19.11	--	50	95550	卖盘
14:00:45	19.11	--	44	84084	卖盘
14:00:39	19.11	-0.09	40	76440	卖盘
14:00:36	19.2	0.09	500	960000	买盘
14:00:30	19.11	-0.02	100	191100	卖盘
14:00:15	19.13	-0.01	65	124345	卖盘
14:00:12	19.14	--	50	95700	卖盘
14:00:09	19.14	-0.03	0	38	卖盘
14:00:03	19.17	0.03	500	958500	买盘
14:00:00	19.14	--	100	191400	买盘
13:59:57	19.14	0.01	50	95700	买盘
13:59:54	19.13	--	10	19130	卖盘
13:59:51	19.13	--	40	76520	卖盘
13:59:42	19.13	0.02	84	161093	买盘
13:59:36	19.11	-0.02	94	179634	卖盘
13:59:33	19.13	--	3	5739	买盘
13:59:30	19.13	--	44	84172	买盘
13:59:27	19.13	0.01	41	78433	买盘
13:59:24	19.12	-0.01	20	38240	卖盘
13:59:21	19.13	--	2	3826	买盘
13:59:18	19.13	--	100	191300	买盘
13:59:15	19.13	--	48	91824	买盘
13:59:12	19.13	--	56	107128	买盘
13:59:09	19.13	--	50	95650	买盘
13:58:57	19.13	--	10	19130	买盘
13:58:51	19.13	0.02	254	485902	买盘
13:58:48	19.11	-0.01	19	36309	卖盘
13:58:45	19.12	0.01	3	5736	买盘
13:58:39	19.11	-0.01	9	17199	中性盘
13:58:36	19.12	--	44	84128	买盘
13:58:33	19.12	0.01	100	191200	买盘
13:58:27	19.11	0.01	5	9555	中性盘
13:58:21	19.1	-0.01	125	238750	卖盘
13:58:18	19.11	--	129	246519	买盘
13:58:09	19.11	0.01	42	80262	买盘
13:58:06	19.1	--	275	525593	买盘
13:58:03	19.1	0.01	37	70670	买盘
13:57:51	19.09	0.03	10	19090	买盘
13:57:48	19.06	-0.03	264	503183	卖盘
13:57:36	19.09	--	60	114540	买盘
13:57:30	19.09	--	20	38180	买盘
13:57:24	19.09	--	4	7636	买盘
13:57:18	19.09	--	1	1909	买盘
13:57:09	19.09	0.02	40	76360	买盘
13:57:06	19.07	--	5	9535	买盘
13:56:51	19.07	--	2	3814	买盘
13:56:48	19.07	-0.02	6	11442	卖盘
13:56:42	19.09	--	40	76360	买盘
13:56:39	19.09	0.01	87	166083	买盘
13:56:33	19.08	0.01	74	141192	买盘
13:56:30	19.07	--	1	1907	买盘
13:56:12	19.07	-0.01	266	507262	卖盘
13:56:03	19.08	0.01	2	3815	买盘
13:55:51	19.07	--	30	57210	卖盘
13:55:45	19.07	--	40	76280	卖盘
13:55:39	19.07	--	10	19070	卖盘
13:55:36	19.07	--	3	5721	卖盘
13:55:33	19.07	--	1	1907	卖盘
13:55:24	19.07	--	12	22884	卖盘
13:55:21	19.07	--	62	118234	卖盘
13:55:15	19.07	-0.01	158	301306	卖盘
13:55:09	19.08	--	3	5723	买盘
13:55:06	19.08	--	2	3815	买盘
13:55:00	19.08	--	2	3815	买盘
13:54:57	19.08	0.01	1	1907	买盘
13:54:54	19.07	-0.02	10	19070	卖盘
13:54:51	19.09	0.02	5	9545	买盘
13:54:45	19.07	--	40	76280	卖盘
13:54:39	19.07	--	263	501541	卖盘
13:54:36	19.07	-0.01	10	19070	卖盘
13:54:30	19.08	0.01	2	3815	买盘
13:54:27	19.07	-0.01	10	19070	卖盘
13:54:24	19.08	--	20	38160	买盘
13:54:21	19.08	--	1	1907	买盘
13:54:15	19.08	--	1	1907	买盘
13:53:48	19.08	--	10	19080	买盘
13:53:42	19.08	--	28	53423	卖盘
13:53:39	19.08	--	1	1907	卖盘
13:53:36	19.08	--	5	9540	卖盘
13:53:33	19.08	--	3	5723	买盘
13:53:27	19.08	--	8	15263	买盘
13:53:21	19.08	-0.01	9	17172	卖盘
13:53:06	19.09	--	10	19090	买盘
13:52:57	19.09	0.01	1	1909	买盘
13:52:48	19.08	-0.01	12	22895	卖盘
13:52:45	19.09	0.01	30	57270	买盘
13:52:42	19.08	--	40	76320	卖盘
13:52:30	19.08	0.01	2	3815	买盘
13:52:27	19.07	-0.01	114	217398	卖盘
13:52:21	19.08	--	5	9540	买盘
13:52:18	19.08	--	52	99215	买盘
13:52:06	19.08	0.01	59	112571	买盘
13:52:03	19.07	--	2	3814	买盘
13:51:57	19.07	0.01	3	5721	买盘
13:51:54	19.06	-0.01	17	32401	卖盘
13:51:45	19.07	0.01	1	1907	买盘
13:51:42	19.06	-0.01	40	76240	卖盘
13:51:39	19.07	--	20	38140	买盘
13:51:27	19.07	--	6	11442	卖盘
13:51:24	19.07	--	1	1907	买盘
13:51:12	19.07	-0.01	1	1907	中性盘
13:51:09	19.08	0.02	14	26711	买盘
13:50:54	19.06	0.01	2	3811	买盘
13:50:51	19.05	--	31	59055	买盘
13:50:45	19.05	--	2	3810	买盘
13:50:42	19.05	-0.04	8	15240	卖盘
13:50:33	19.09	0.04	40	76360	买盘
13:50:30	19.05	-0.04	7	13335	卖盘
13:50:27	19.09	0.06	60	114540	买盘
13:50:18	19.03	-0.05	1	1903	卖盘
13:50:15	19.08	0.01	30	57239	买盘
13:50:12	19.07	0.03	41	78187	买盘
13:50:00	19.04	--	2	3808	买盘
13:49:54	19.04	-0.01	2	3808	卖盘
13:49:51	19.05	--	1	1905	买盘
13:49:45	19.05	0.01	40	76200	买盘
13:49:42	19.04	--	1	1904	卖盘
13:49:39	19.04	-0.01	40	76160	卖盘
13:49:36	19.05	0.02	5	9525	买盘
13:49:30	19.03	-0.02	20	38060	卖盘
13:49:21	19.05	0.02	5	9525	买盘
13:49:12	19.03	-0.02	27	51381	卖盘
13:48:54	19.05	0.02	19	36195	买盘
13:48:48	19.03	-0.01	20	38060	卖盘
13:48:39	19.04	--	50	95200	卖盘
13:48:36	19.04	0.01	13	24752	卖盘
13:48:24	19.03	--	5	9515	买盘
13:48:21	19.03	-0.02	45	85635	卖盘
13:48:18	19.05	0.02	2	3810	买盘
13:48:12	19.03	-0.01	18	34254	卖盘
13:47:57	19.04	--	6	11424	买盘
13:47:51	19.04	--	1	1904	买盘
13:47:45	19.04	--	2	3808	买盘
13:47:42	19.04	--	28	53312	买盘
13:47:39	19.04	--	15	28560	卖盘
13:47:33	19.04	--	23	43792	卖盘
13:47:15	19.04	-0.01	15	28560	中性盘
13:47:03	19.05	0.03	54	102870	买盘
13:46:54	19.02	-0.02	20	38040	中性盘
13:46:48	19.04	0.02	42	79968	买盘
13:46:45	19.02	--	1	1902	买盘
13:46:42	19.02	--	4	7608	买盘
13:46:36	19.02	-0.02	16	30432	卖盘
13:46:30	19.04	--	27	51408	买盘
13:46:24	19.04	0.03	5	9520	买盘
13:46:15	19.01	--	0	38	卖盘
13:46:12	19.01	-0.03	4	7604	中性盘
13:46:06	19.04	--	21	39984	买盘
13:46:03	19.04	0.04	40	76160	买盘
13:46:00	19.0	--	8	15200	卖盘
13:45:57	19.0	--	105	200412	买盘
13:45:54	19.0	--	13	24700	买盘
13:45:51	19.0	--	120	228000	买盘
13:45:48	19.0	--	160	304000	买盘
13:45:45	19.0	--	125	237500	买盘
13:45:42	19.0	--	4	7600	买盘
13:45:39	19.0	--	39	74100	买盘
13:45:36	19.0	--	67	127300	买盘
13:45:33	19.0	--	10	19000	买盘
13:45:30	19.0	--	62	117800	买盘
13:45:27	19.0	--	55	104500	买盘
13:45:24	19.0	--	1	1900	买盘
13:45:21	19.0	--	121	229900	买盘
13:45:18	19.0	--	5	9500	买盘
13:45:12	19.0	--	2	3800	买盘
13:45:09	19.0	--	102	193800	买盘
13:45:06	19.0	--	112	212800	买盘
13:45:03	19.0	--	3	5700	买盘
13:45:00	19.0	--	13	24700	买盘
13:44:57	19.0	--	13	24700	买盘
13:44:54	19.0	--	52	98800	买盘
13:44:51	19.0	--	5	9500	买盘
13:44:45	19.0	0.01	205	389500	买盘
13:44:42	18.99	--	40	75960	买盘
13:44:36	18.99	0.01	124	235475	买盘
13:44:33	18.98	-0.01	85	161330	卖盘
13:44:30	18.99	--	54	102545	买盘
13:44:27	18.99	--	53	100646	买盘
13:44:21	18.99	-0.01	58	110141	卖盘
13:44:18	19.0	--	40	76000	买盘
13:44:15	19.0	--	40	76000	买盘
13:44:12	19.0	--	3	5700	买盘
13:44:03	19.0	--	54	102600	买盘
13:44:00	19.0	-0.04	306	582388	卖盘
13:43:57	19.04	--	3	5712	买盘
13:43:54	19.04	0.04	40	76160	买盘
13:43:51	19.0	--	307	583300	卖盘
13:43:48	19.0	-0.01	10	19000	卖盘
13:43:45	19.01	--	23	43723	买盘
13:43:42	19.01	0.01	64	121664	买盘
13:43:39	19.0	-0.01	203	385700	卖盘
13:43:36	19.01	0.01	8	15208	中性盘
13:43:30	19.0	-0.01	128	243903	卖盘
13:43:27	19.01	--	23	44920	卖盘
13:43:24	19.01	--	248	471448	卖盘
13:43:18	19.01	--	89	169189	卖盘
13:43:09	19.01	-0.01	6	11653	卖盘
13:43:06	19.02	--	1	1902	卖盘
13:43:00	19.02	--	3	5706	卖盘
13:42:48	19.02	0.01	29	55158	中性盘
13:42:45	19.01	-0.04	200	380200	卖盘
13:42:36	19.05	0.03	301	573405	买盘
13:42:33	19.02	-0.01	52	98904	卖盘
13:42:30	19.03	--	20	38060	买盘
13:42:27	19.03	--	6	11418	买盘
13:42:21	19.03	--	2	3806	买盘
13:42:12	19.03	--	1	1903	买盘
13:42:09	19.03	-0.01	64	121792	卖盘
13:42:06	19.04	0.01	1	1904	买盘
13:42:03	19.03	0.01	36	68508	卖盘
13:42:00	19.02	-0.02	40	76080	卖盘
13:41:54	19.04	0.02	1	1904	买盘
13:41:48	19.02	--	25	47550	卖盘
13:41:45	19.02	-0.02	24	45648	卖盘
13:41:42	19.04	--	5	9520	买盘
13:41:36	19.04	0.02	7	13328	买盘
13:41:33	19.02	-0.02	80	152160	卖盘
13:41:06	19.04	0.02	5	9520	买盘
13:41:03	19.02	--	3	5706	卖盘
13:40:45	19.02	--	2	3804	卖盘
13:40:39	19.02	-0.01	59	112218	卖盘
13:40:36	19.03	--	17	32351	买盘
13:40:33	19.03	--	3	5709	买盘
13:40:30	19.03	--	20	38060	卖盘
13:40:24	19.03	-0.01	7	13321	卖盘
13:40:18	19.04	--	4	7616	买盘
13:40:15	19.04	0.01	6	11424	买盘
13:40:12	19.03	-0.01	2	3806	中性盘
13:39:54	19.04	--	10	19040	买盘
13:39:42	19.04	-0.01	5	9520	中性盘
13:39:30	19.05	0.03	50	95250	买盘
13:39:27	19.02	--	2	3804	卖盘
13:39:21	19.02	-0.03	18	34236	卖盘
13:39:12	19.05	0.02	9	17145	买盘
13:39:06	19.03	-0.02	10	19030	卖盘
13:39:00	19.05	--	16	30480	买盘
13:38:51	19.05	--	1	1905	买盘
13:38:30	19.05	0.02	5	9525	买盘
13:38:27	19.03	--	36	68508	卖盘
13:38:12	19.03	--	2	3806	卖盘
13:38:06	19.03	-0.02	4	7612	卖盘
13:37:57	19.05	--	20	38100	买盘
13:37:51	19.05	--	8	15240	卖盘
13:37:42	19.05	0.02	34	64770	买盘
13:37:30	19.03	-0.02	4	7612	卖盘
13:37:27	19.05	--	25	47625	卖盘
13:37:18	19.05	0.03	10	19050	卖盘
13:37:06	19.02	-0.03	30	57060	卖盘
13:37:03	19.05	0.02	5	9525	买盘
13:37:00	19.03	-0.02	44	83732	中性盘
13:36:51	19.05	--	15	28575	买盘
13:36:48	19.05	-0.03	102	194310	中性盘
13:36:39	19.08	0.07	40	76320	买盘
13:36:30	19.01	-0.01	30	57030	卖盘
13:36:27	19.02	--	40	76080	卖盘
13:36:24	19.02	-0.05	7	13314	中性盘
13:36:18	19.07	0.06	97	184979	买盘
13:36:15	19.01	-0.04	10	19010	卖盘
13:36:06	19.05	0.04	80	152400	买盘
13:36:00	19.01	-0.03	727	1382027	卖盘
13:35:57	19.04	--	3	5712	买盘
13:35:54	19.04	0.01	1	1904	买盘
13:35:51	19.03	-0.01	5	9515	卖盘
13:35:45	19.04	--	33	62832	买盘
13:35:42	19.04	--	3	5712	买盘
13:35:30	19.04	--	1	1904	买盘
13:35:27	19.04	0.01	3	5712	买盘
13:35:24	19.03	-0.02	94	178882	卖盘
13:35:15	19.05	0.01	15	28575	买盘
13:35:09	19.04	--	26	49504	卖盘
13:34:54	19.04	--	18	34272	卖盘
13:34:51	19.04	-0.01	67	127568	卖盘
13:34:42	19.05	0.01	2	3810	买盘
13:34:39	19.04	--	45	85680	卖盘
13:34:33	19.04	-0.01	10	19040	卖盘
13:34:27	19.05	--	5	9525	卖盘
13:34:24	19.05	--	40	76200	卖盘
13:34:21	19.05	--	82	156210	卖盘
13:34:12	19.05	--	50	95250	卖盘
13:34:06	19.05	-0.01	57	110280	卖盘
13:33:57	19.06	--	27	51462	卖盘
13:33:54	19.06	--	21	40026	卖盘
13:33:42	19.06	--	20	38120	卖盘
13:33:36	19.06	-0.01	50	95300	卖盘
13:33:24	19.07	--	13	24791	卖盘
13:33:21	19.07	--	45	85815	卖盘
13:33:15	19.07	-0.01	7	13349	卖盘
13:33:06	19.08	--	63	120413	卖盘
13:33:00	19.08	--	20	39858	卖盘
13:32:54	19.08	-0.01	20	38160	卖盘
13:32:48	19.09	0.01	2	3818	买盘
13:32:45	19.08	-0.01	100	190799	卖盘
13:32:42	19.09	--	22	41998	买盘
13:32:24	19.09	--	1	1909	买盘
13:32:21	19.09	0.01	1	1909	买盘
13:32:18	19.08	-0.02	5	9540	卖盘
13:32:12	19.1	-0.01	17	32470	中性盘
13:32:03	19.11	--	15	28665	买盘
13:32:00	19.11	--	14	26754	买盘
13:31:54	19.11	0.01	10	19110	买盘
13:31:51	19.1	-0.01	3	5730	卖盘
13:31:42	19.11	0.01	2	3822	买盘
13:31:39	19.1	--	5	9550	买盘
13:31:27	19.1	--	15	28650	买盘
13:31:24	19.1	--	10	19100	买盘
13:31:21	19.1	--	10	19100	卖盘
13:31:18	19.1	--	5	9550	卖盘
13:31:12	19.1	--	3	5730	卖盘
13:31:06	19.1	0.02	76	145160	买盘
13:31:03	19.08	--	13	24803	卖盘
13:31:00	19.08	-0.01	7	13355	卖盘
13:30:51	19.09	0.01	43	82087	买盘
13:30:33	19.08	--	5	9540	买盘
13:30:21	19.08	--	35	66780	卖盘
13:30:06	19.08	0.01	15	28619	买盘
13:30:00	19.07	-0.01	7	13349	卖盘
13:29:42	19.08	0.02	6	11447	买盘
13:29:39	19.06	-0.02	3	5718	卖盘
13:29:36	19.08	0.01	30	57239	买盘
13:29:30	19.07	-0.01	7	13349	卖盘
13:29:21	19.08	--	1	1907	买盘
13:29:18	19.08	0.01	10	19080	中性盘
13:29:03	19.07	-0.04	3	5721	卖盘
13:28:42	19.11	0.04	160	305760	买盘
13:28:39	19.07	--	10	19070	卖盘
13:28:18	19.07	-0.05	40	76280	卖盘
13:28:09	19.12	--	45	86040	买盘
13:28:03	19.12	0.05	78	149136	买盘
13:27:45	19.07	-0.03	1	1907	中性盘
13:27:36	19.1	0.05	90	171900	买盘
13:27:27	19.05	-0.04	20	38100	卖盘
13:27:21	19.09	0.04	40	76360	买盘
13:27:15	19.05	-0.03	40	76200	卖盘
13:27:09	19.08	0.02	90	171719	买盘
13:27:06	19.06	-0.01	16	32020	卖盘
13:26:39	19.07	--	12	22884	买盘
13:26:33	19.07	--	17	32419	买盘
13:26:30	19.07	0.01	10	19070	买盘
13:26:24	19.06	-0.01	10	19060	卖盘
13:26:18	19.07	--	6	11442	买盘
13:26:15	19.07	--	2	3814	卖盘
13:26:03	19.07	-0.01	34	64838	卖盘
13:26:00	19.08	0.01	40	76320	买盘
13:25:48	19.07	--	4	7628	卖盘
13:25:39	19.07	--	9	17163	卖盘
13:25:36	19.07	0.01	18	34326	买盘
13:25:33	19.06	--	7	13342	卖盘
13:25:24	19.06	0.01	73	139519	买盘
13:25:15	19.05	0.01	1	1905	买盘
13:25:12	19.04	-0.01	10	19040	卖盘
13:25:06	19.05	-0.01	10	19050	卖盘
13:25:00	19.06	0.01	1	1905	买盘
13:24:54	19.05	--	10	19126	卖盘
13:24:51	19.05	--	7	13335	买盘
13:24:45	19.05	0.01	3	5715	中性盘
13:24:42	19.04	-0.01	10	19040	卖盘
13:24:36	19.05	--	4	7620	卖盘
13:24:30	19.05	--	4	7620	卖盘
13:24:27	19.05	--	6	11430	卖盘
13:24:21	19.05	--	5	9525	卖盘
13:24:15	19.05	0.01	38	72390	买盘
13:24:12	19.04	--	40	76160	卖盘
13:24:00	19.04	-0.01	10	19040	卖盘
13:23:54	19.05	--	10	19050	买盘
13:23:36	19.05	--	2	3810	中性盘
13:23:24	19.05	0.01	1	1905	买盘
13:23:21	19.04	--	2	3808	买盘
13:23:18	19.04	-0.02	2	3808	买盘
13:23:15	19.06	0.03	20	38120	买盘
13:23:12	19.03	-0.01	40	76120	卖盘
13:23:06	19.04	--	5	9520	买盘
13:23:03	19.04	--	1	1904	卖盘
13:23:00	19.04	--	5	9520	卖盘
13:22:48	19.04	0.01	47	89488	中性盘
13:22:15	19.03	-0.02	3	5709	卖盘
13:22:09	19.05	0.01	24	45720	买盘
13:22:06	19.04	-0.01	4	7616	卖盘
13:21:54	19.05	--	32	60960	买盘
13:21:51	19.05	0.01	50	95250	买盘
13:21:48	19.04	-0.01	2	3808	卖盘
13:21:45	19.05	--	22	41910	买盘
13:21:42	19.05	--	10	19050	买盘
13:21:30	19.05	0.01	10	19050	买盘
13:21:15	19.04	-0.01	1	1904	卖盘
13:21:12	19.05	--	8	15240	买盘
13:21:06	19.05	--	3	5715	买盘
13:20:51	19.05	--	1	1905	卖盘
13:20:48	19.05	--	5	9525	卖盘
13:20:42	19.05	--	5	9525	卖盘
13:20:36	19.05	0.02	86	163830	买盘
13:20:33	19.03	--	1	1903	卖盘
13:20:30	19.03	--	1	1903	卖盘
13:20:24	19.03	-0.02	6	11418	卖盘
13:20:21	19.05	0.02	2	3810	买盘
13:20:12	19.03	--	5	9515	卖盘
13:19:54	19.03	--	40	76120	卖盘
13:19:51	19.03	--	3	5709	卖盘
13:19:48	19.03	--	1	1903	卖盘
13:19:42	19.03	--	2	3806	卖盘
13:19:33	19.03	-0.02	60	114180	卖盘
13:19:27	19.05	0.02	5	9525	买盘
13:19:21	19.03	--	20	38060	卖盘
13:19:12	19.03	--	18	34843	卖盘
13:19:03	19.03	--	2	3806	卖盘
13:18:51	19.03	-0.02	40	76120	卖盘
13:18:48	19.05	0.02	2	3810	买盘
13:18:39	19.03	--	4	7612	卖盘
13:18:21	19.03	-0.02	2	3806	卖盘
13:18:09	19.05	0.02	5	9525	买盘
13:18:06	19.03	--	5	9515	买盘
13:18:00	19.03	-0.01	95	180785	卖盘
13:17:51	19.04	-0.01	44	85089	卖盘
13:17:39	19.05	--	8	15240	卖盘
13:17:36	19.05	--	2	3810	买盘
13:17:18	19.05	--	1	1905	买盘
13:17:15	19.05	--	6	11430	买盘
13:17:09	19.05	0.01	50	95250	买盘
13:17:00	19.04	--	10	19040	卖盘
13:16:51	19.04	-0.01	51	97104	卖盘
13:16:39	19.05	0.01	5	9525	买盘
13:16:33	19.04	--	6	11424	卖盘
13:16:27	19.04	-0.01	50	95200	卖盘
13:16:12	19.05	--	2	3810	卖盘
13:16:09	19.05	0.01	10	19640	买盘
13:16:03	19.04	-0.01	11	20944	卖盘
13:16:00	19.05	--	6	11430	买盘
13:15:51	19.05	--	1	1905	买盘
13:15:48	19.05	-0.01	22	43224	卖盘
13:15:45	19.06	-0.02	8	15247	买盘
13:15:42	19.08	0.03	2	3815	买盘
13:15:21	19.05	-0.03	111	211455	卖盘
13:15:15	19.08	--	2	3815	买盘
13:15:12	19.08	0.03	5	9540	买盘
13:15:09	19.05	-0.03	10	19050	卖盘
13:15:03	19.08	0.02	65	124019	买盘
13:15:00	19.06	--	3	5718	卖盘
13:14:57	19.06	--	40	76240	卖盘
13:14:51	19.06	0.01	5	10120	买盘
13:14:48	19.05	--	61	116205	卖盘
13:14:39	19.05	--	9	17145	卖盘
13:14:24	19.05	--	70	133350	卖盘
13:14:18	19.05	-0.01	3	5715	卖盘
13:14:09	19.06	0.01	1	1905	买盘
13:14:06	19.05	-0.01	10	19050	卖盘
13:13:57	19.06	0.01	21	40026	买盘
13:13:48	19.05	-0.01	40	76200	卖盘
13:13:45	19.06	0.01	10	19060	买盘
13:13:36	19.05	-0.01	1	1905	卖盘
13:13:33	19.06	--	2	3811	买盘
13:13:27	19.06	--	3	5718	买盘
13:13:24	19.06	--	1	1905	买盘
13:13:21	19.06	--	5	9530	买盘
13:13:18	19.06	--	20	38120	买盘
13:13:15	19.06	--	2	3811	买盘
13:13:06	19.06	--	63	121393	买盘
13:13:03	19.06	0.01	8	15247	买盘
13:13:00	19.05	--	6	11430	卖盘
13:12:57	19.05	--	5	9525	卖盘
13:12:54	19.05	--	24	45720	卖盘
13:12:45	19.05	-0.01	40	76200	卖盘
13:12:39	19.06	0.01	15	28589	买盘
13:12:36	19.05	--	13	24765	卖盘
13:12:24	19.05	--	60	114300	卖盘
13:12:15	19.05	--	5	9525	卖盘
13:11:48	19.05	--	21	40595	买盘
13:11:45	19.05	-0.01	18	35604	卖盘
13:11:39	19.06	--	10	19060	买盘
13:11:24	19.06	--	13	24778	买盘
13:11:21	19.06	--	9	17154	买盘
13:11:18	19.06	0.01	10	19060	买盘
13:11:15	19.05	-0.01	30	57150	卖盘
13:11:03	19.06	0.01	2	3811	买盘
13:10:57	19.05	-0.01	10	19050	卖盘
13:10:54	19.06	0.01	5	9530	买盘
13:10:45	19.05	-0.01	40	76200	卖盘
13:10:15	19.06	0.01	20	38120	中性盘
13:09:57	19.05	-0.05	4	7620	卖盘
13:09:54	19.1	0.04	4	7640	买盘
13:09:51	19.06	-0.04	10	19060	卖盘
13:09:42	19.1	--	43	82130	买盘
13:09:39	19.1	-0.02	16	30560	卖盘
13:09:27	19.12	0.02	6	11472	买盘
13:09:21	19.1	--	1	1910	卖盘
13:09:00	19.1	-0.02	10	19100	卖盘
13:08:57	19.12	--	11	21032	买盘
13:08:51	19.12	0.02	3	5736	买盘
13:08:48	19.1	--	5	9550	卖盘
13:08:42	19.1	--	40	76400	卖盘
13:08:36	19.1	--	3	5730	卖盘
13:08:30	19.1	--	1	1910	卖盘
13:08:27	19.1	0.05	15	28650	卖盘
13:08:24	19.05	-0.05	110	209550	卖盘
13:08:21	19.1	--	4	7640	卖盘
13:08:18	19.1	--	12	22920	卖盘
13:08:03	19.1	--	10	19100	卖盘
13:08:00	19.1	--	272	520112	买盘
13:07:57	19.1	0.05	2	3820	买盘
13:07:54	19.05	-0.06	50	95250	卖盘
13:07:51	19.11	--	15	29008	卖盘
13:07:45	19.11	0.04	325	622642	买盘
13:07:42	19.07	--	1	1907	买盘
13:07:39	19.07	-0.03	24	46111	卖盘
13:07:36	19.1	0.03	300	573000	买盘
13:07:09	19.07	0.01	1	3470	买盘
13:07:06	19.06	-0.01	25	47650	卖盘
13:07:00	19.07	0.01	10	19070	买盘
13:06:48	19.06	-0.01	40	76240	卖盘
13:06:39	19.07	-0.03	28	53739	卖盘
13:06:33	19.1	--	5	9550	买盘
13:06:30	19.1	--	42	80220	买盘
13:06:24	19.1	0.03	1	1910	买盘
13:06:21	19.07	-0.01	100	190700	卖盘
13:06:18	19.08	-0.01	30	57239	卖盘
13:06:15	19.09	--	38	72542	买盘
13:05:57	19.09	--	6	11454	买盘
13:05:45	19.09	0.01	123	234807	买盘
13:05:39	19.08	--	40	76320	卖盘
13:05:24	19.08	--	1	1907	卖盘
13:05:15	19.08	--	111	211787	卖盘
13:05:09	19.08	-0.01	25	47699	卖盘
13:04:48	19.09	-0.01	2	3818	中性盘
13:04:27	19.1	--	1	1910	买盘
13:04:24	19.1	--	5	9550	买盘
13:04:21	19.1	--	4	7640	卖盘
13:04:18	19.1	--	78	148980	卖盘
13:03:57	19.1	--	5	9550	卖盘
13:03:51	19.1	0.02	36	68760	买盘
13:03:33	19.08	-0.02	3	5723	卖盘
13:03:15	19.1	-0.02	4	7640	中性盘
13:02:48	19.12	0.01	1000	1912000	买盘
13:02:45	19.11	0.03	5	9555	买盘
13:02:42	19.08	--	7	13355	卖盘
13:02:15	19.08	--	5	9540	卖盘
13:02:03	19.08	-0.05	1	1907	卖盘
13:01:57	19.13	0.05	16	32195	买盘
13:01:51	19.08	-0.01	3	5723	卖盘
13:01:45	19.09	-0.01	5	9869	卖盘
13:01:42	19.1	0.01	41	78310	买盘
13:01:39	19.09	--	3	5727	卖盘
13:01:33	19.09	--	40	76360	卖盘
13:01:21	19.09	--	3	5727	卖盘
13:01:18	19.09	-0.01	46	87814	卖盘
13:01:15	19.1	0.01	5	9550	买盘
13:01:12	19.09	-0.01	3	5727	卖盘
13:01:09	19.1	--	3	5730	卖盘
13:00:54	19.1	--	6	11460	卖盘
13:00:51	19.1	-0.04	5	9550	卖盘
13:00:48	19.14	0.02	300	574200	买盘
13:00:39	19.12	--	3	5736	卖盘
13:00:36	19.12	-0.01	2	3824	中性盘
13:00:15	19.13	0.03	52	99476	买盘
13:00:12	19.1	-0.01	501	956910	卖盘
13:00:09	19.11	0.01	73	139503	买盘
13:00:06	19.1	--	470	897700	卖盘
13:00:03	19.1	--	0	0	卖盘
11:30:03	19.1	--	24	45840	买盘
11:30:00	19.1	0.01	50	95500	买盘
11:29:57	19.09	--	3	5727	卖盘
11:29:54	19.09	-0.01	5	11129	卖盘
11:29:39	19.1	0.01	3	5730	买盘
11:29:30	19.09	--	10	19090	卖盘
11:29:15	19.09	-0.01	1	1909	卖盘
11:29:12	19.1	0.01	1	1910	买盘
11:29:09	19.09	-0.01	1	1909	卖盘
11:29:03	19.1	--	34	64940	卖盘
11:28:51	19.1	--	10	19100	卖盘
11:28:45	19.1	0.01	67	127970	买盘
11:28:39	19.09	-0.01	10	19090	卖盘
11:28:36	19.1	--	2	3820	买盘
11:28:33	19.1	0.02	45	85950	买盘
11:28:30	19.08	-0.02	50	95399	卖盘
11:28:21	19.1	0.01	3	5730	中性盘
11:28:15	19.09	--	15	30524	买盘
11:28:12	19.09	-0.01	83	158466	卖盘
11:28:09	19.1	--	24	47730	买盘
11:28:00	19.1	--	42	80220	买盘
11:27:51	19.1	--	10	19100	买盘
11:27:42	19.1	0.01	5	9550	买盘
11:27:36	19.09	0.01	4	7636	中性盘
11:27:21	19.08	--	70	133560	卖盘
11:27:09	19.08	--	1	1907	卖盘
11:27:06	19.08	-0.01	30	57239	卖盘
11:27:00	19.09	0.01	2	3818	买盘
11:26:51	19.08	0.01	33	62963	买盘
11:26:42	19.07	--	4	7628	卖盘
11:26:39	19.07	-0.01	10	19070	卖盘
11:26:30	19.08	-0.01	16	30527	买盘
11:26:18	19.09	--	5	9545	卖盘
11:26:12	19.09	0.02	143	272987	买盘
11:26:09	19.07	-0.03	2	3814	卖盘
11:26:00	19.1	0.02	300	573000	买盘
11:25:57	19.08	--	9	17172	买盘
11:25:45	19.08	--	1	1907	买盘
11:25:30	19.08	--	5	9540	买盘
11:25:27	19.08	0.01	1	1907	买盘
11:25:15	19.07	0.02	49	93443	买盘
11:25:09	19.05	--	1	1905	卖盘
11:24:57	19.05	--	49	93345	卖盘
11:24:51	19.05	--	30	57150	卖盘
11:24:42	19.05	--	2	3810	卖盘
11:24:36	19.05	--	12	22860	卖盘
11:24:33	19.05	--	3	5715	买盘
11:24:18	19.05	0.02	2	3810	买盘
11:24:15	19.03	-0.02	59	112277	卖盘
11:24:12	19.05	--	43	81915	买盘
11:24:09	19.05	--	18	34290	买盘
11:24:00	19.05	--	10	19050	买盘
11:23:57	19.05	--	5	9525	买盘
11:23:54	19.05	--	5	9525	买盘
11:23:51	19.05	--	28	53454	卖盘
11:23:45	19.05	--	5	9525	卖盘
11:23:39	19.05	--	7	13335	卖盘
11:23:33	19.05	--	3	5715	卖盘
11:23:30	19.05	--	24	45720	卖盘
11:23:12	19.05	--	1	1905	卖盘
11:23:03	19.05	-0.04	99	188595	卖盘
11:22:54	19.09	--	272	519248	买盘
11:22:48	19.09	0.02	1	1909	买盘
11:22:42	19.07	-0.02	20	38140	卖盘
11:22:36	19.09	0.02	100	190900	买盘
11:22:33	19.07	--	2	3814	卖盘
11:22:15	19.07	0.02	3	7513	买盘
11:22:12	19.05	-0.02	2	3810	卖盘
11:22:06	19.07	--	3	5721	买盘
11:21:54	19.07	--	40	76280	买盘
11:21:48	19.07	--	49	93443	买盘
11:21:42	19.07	0.02	40	76280	买盘
11:21:36	19.05	--	2	3810	买盘
11:21:30	19.05	--	5	9525	买盘
11:21:24	19.05	0.01	2	3810	买盘
11:21:21	19.04	-0.01	136	258944	卖盘
11:21:15	19.05	0.01	20	38100	买盘
11:21:09	19.04	-0.01	1	1904	卖盘
11:21:03	19.05	--	3	5715	买盘
11:20:57	19.05	--	3	5715	买盘
11:20:54	19.05	--	5	9525	买盘
11:20:48	19.05	--	3	5715	买盘
11:20:42	19.05	--	72	137160	买盘
11:20:27	19.05	0.01	4	7620	买盘
11:20:21	19.04	--	40	76160	买盘
11:20:12	19.04	0.01	11	20944	买盘
11:20:06	19.03	--	110	209330	买盘
11:20:03	19.03	--	5	9515	买盘
11:20:00	19.03	--	30	57090	买盘
11:19:57	19.03	--	3	5709	买盘
11:19:51	19.03	-0.01	262	498586	卖盘
11:19:45	19.04	--	2	3808	买盘
11:19:39	19.04	--	48	91392	卖盘
11:19:24	19.04	--	3	5712	中性盘
11:19:21	19.04	0.01	61	116144	买盘
11:19:09	19.03	-0.01	1	1903	卖盘
11:19:06	19.04	0.02	1	1904	中性盘
11:18:51	19.02	-0.03	5	9510	卖盘
11:18:45	19.05	0.03	30	57150	买盘
11:18:42	19.02	-0.03	10	19020	卖盘
11:18:39	19.05	0.03	7	13335	买盘
11:18:09	19.02	-0.04	2	3804	卖盘
11:17:33	19.06	--	2	3811	买盘
11:17:27	19.06	0.06	1	1905	买盘
11:17:12	19.0	--	1	1900	卖盘
11:17:06	19.0	-0.06	150	285000	卖盘
11:17:00	19.06	--	2	3811	卖盘
11:16:54	19.06	0.06	47	89582	买盘
11:16:51	19.0	-0.03	310	589000	卖盘
11:16:48	19.03	--	12	22836	卖盘
11:16:42	19.03	-0.03	20	38060	卖盘
11:16:36	19.06	0.03	1	1905	买盘
11:16:30	19.03	--	8	15224	卖盘
11:16:27	19.03	0.01	5	9515	中性盘
11:16:09	19.02	-0.04	1	1902	卖盘
11:15:57	19.06	0.04	2	3811	买盘
11:15:48	19.02	--	1	1902	卖盘
11:15:33	19.02	-0.04	243	462186	卖盘
11:15:27	19.06	0.03	10	19060	买盘
11:15:24	19.03	--	5	9515	卖盘
11:15:21	19.03	--	23	43769	卖盘
11:15:18	19.03	0.01	1	1903	中性盘
11:15:09	19.02	--	1	1902	卖盘
11:15:03	19.02	-0.01	10	19020	卖盘
11:15:00	19.03	--	2	3806	卖盘
11:14:57	19.03	--	3	5709	买盘
11:14:45	19.03	0.01	10	19030	买盘
11:14:42	19.02	-0.01	12	22824	卖盘
11:14:21	19.03	--	21	39963	买盘
11:14:18	19.03	--	22	41866	卖盘
11:14:12	19.03	--	10	19030	买盘
11:13:54	19.03	0.02	3	5709	买盘
11:13:39	19.01	-0.01	52	98852	卖盘
11:13:30	19.02	--	180	342360	买盘
11:13:12	19.02	0.01	91	173082	买盘
11:13:09	19.01	--	1	1901	卖盘
11:13:03	19.01	-0.01	5	9505	卖盘
11:13:00	19.02	--	13	24726	买盘
11:12:48	19.02	0.01	4	7608	买盘
11:12:39	19.01	--	1	1901	卖盘
11:12:36	19.01	--	28	53228	卖盘
11:12:33	19.01	-0.01	1	1901	卖盘
11:12:27	19.02	0.01	40	76080	买盘
11:12:21	19.01	-0.01	110	209110	卖盘
11:12:15	19.02	0.01	5	9510	买盘
11:12:09	19.01	-0.01	11	20911	卖盘
11:12:06	19.02	--	13	24726	买盘
11:12:00	19.02	-0.01	387	736074	卖盘
11:11:39	19.03	-0.01	136	258808	卖盘
11:11:33	19.04	0.01	40	76160	买盘
11:11:27	19.03	-0.01	40	76120	卖盘
11:11:15	19.04	-0.03	132	251328	卖盘
11:11:12	19.07	--	9	17163	买盘
11:11:06	19.07	--	50	95350	买盘
11:11:03	19.07	--	11	21129	卖盘
11:10:57	19.07	--	3	5721	卖盘
11:10:54	19.07	--	7	13349	卖盘
11:10:42	19.07	-0.01	5	9535	卖盘
11:10:30	19.08	0.01	4	7631	买盘
11:10:27	19.07	--	7	13349	卖盘
11:10:24	19.07	-0.01	3	7475	卖盘
11:10:09	19.08	--	38	72656	卖盘
11:10:06	19.08	--	10	19080	卖盘
11:10:03	19.08	--	45	85859	卖盘
11:09:57	19.08	--	63	120203	卖盘
11:09:54	19.08	--	19	36252	卖盘
11:09:48	19.08	--	2	3815	卖盘
11:09:42	19.08	-0.01	1	1907	卖盘
11:09:39	19.09	0.01	2	3818	买盘
11:09:36	19.08	--	10	19080	卖盘
11:09:33	19.08	0.01	109	209727	买盘
11:09:30	19.07	-0.01	77	146839	卖盘
11:09:18	19.08	0.01	53	101123	买盘
11:09:09	19.07	-0.01	1	1907	卖盘
11:09:03	19.08	0.01	3	5723	买盘
11:09:00	19.07	-0.01	4	7628	卖盘
11:08:42	19.08	0.01	5	9540	买盘
11:08:36	19.07	--	66	125862	卖盘
11:08:33	19.07	--	2	3814	卖盘
11:08:30	19.07	--	10	19070	卖盘
11:08:27	19.07	--	63	120141	卖盘
11:08:21	19.07	0.01	48	91536	买盘
11:08:15	19.06	--	7	13342	卖盘
11:08:09	19.06	-0.01	1	1905	卖盘
11:08:03	19.07	0.01	2	3814	中性盘
11:07:54	19.06	0.01	25	47650	买盘
11:07:39	19.05	-0.01	22	41910	卖盘
11:07:33	19.06	-0.01	25	47650	卖盘
11:07:30	19.07	0.01	165	314655	买盘
11:07:27	19.06	-0.01	10	19060	卖盘
11:07:24	19.07	0.01	30	57210	买盘
11:07:18	19.06	0.01	4	7623	中性盘
11:07:12	19.05	-0.01	11	20955	卖盘
11:07:06	19.06	--	3	5718	卖盘
11:07:03	19.06	--	71	135326	卖盘
11:07:00	19.06	--	10	19060	卖盘
11:06:51	19.06	--	1	1905	卖盘
11:06:45	19.06	--	26	49556	卖盘
11:06:39	19.06	--	16	30495	卖盘
11:06:30	19.06	-0.01	10	19060	卖盘
11:06:27	19.07	0.01	1	1907	买盘
11:06:09	19.06	--	1	1905	卖盘
11:06:06	19.06	0.01	22	41932	买盘
11:05:54	19.05	--	16	30480	卖盘
11:05:48	19.05	-0.02	11	20955	卖盘
11:05:45	19.07	-0.01	2	3814	中性盘
11:05:39	19.08	0.03	2	3815	买盘
11:05:36	19.05	-0.03	184	350520	卖盘
11:05:24	19.08	0.03	73	139284	买盘
11:05:15	19.05	-0.01	19	36195	卖盘
11:05:09	19.06	-0.01	49	93546	卖盘
11:05:06	19.07	0.01	15	28605	买盘
11:05:00	19.06	-0.01	31	59085	卖盘
11:04:54	19.07	0.01	2	3814	买盘
11:04:51	19.06	--	12	22872	卖盘
11:04:36	19.06	--	27	53215	买盘
11:04:30	19.06	--	68	129760	卖盘
11:04:24	19.06	--	17	32401	卖盘
11:04:18	19.06	-0.01	20	38120	卖盘
11:04:15	19.07	0.01	18	34326	买盘
11:04:09	19.06	--	1	1905	卖盘
11:04:00	19.06	--	240	459193	买盘
11:03:57	19.06	0.01	2	3811	买盘
11:03:54	19.05	--	21	40005	卖盘
11:03:51	19.05	-0.01	77	146685	卖盘
11:03:48	19.06	--	3	5718	买盘
11:03:45	19.06	--	10	19060	买盘
11:03:39	19.06	--	10	19060	买盘
11:03:30	19.06	--	30	57179	买盘
11:03:24	19.06	--	1	1905	买盘
11:03:18	19.06	0.01	1	1905	买盘
11:03:12	19.05	--	218	415290	卖盘
11:03:09	19.05	-0.01	184	350520	卖盘
11:03:06	19.06	0.01	3	5718	买盘
11:02:57	19.05	--	55	104775	买盘
11:02:51	19.05	0.01	3	5715	买盘
11:02:48	19.04	-0.02	36	68544	卖盘
11:02:42	19.06	0.02	5	9530	买盘
11:02:30	19.04	0.01	12	22848	中性盘
11:02:18	19.03	--	53	100859	卖盘
11:02:12	19.03	-0.02	30	57090	卖盘
11:02:09	19.05	0.02	8	15240	买盘
11:02:03	19.03	--	13	24739	卖盘
11:01:57	19.03	-0.02	24	45672	卖盘
11:01:45	19.05	0.02	2	3810	中性盘
11:01:39	19.03	0.01	35	66605	中性盘
11:01:30	19.02	-0.04	12	22824	卖盘
11:01:27	19.06	--	40	76240	买盘
11:01:15	19.06	0.04	202	385012	买盘
11:01:09	19.02	--	2	3804	卖盘
11:01:06	19.02	-0.03	50	95100	中性盘
11:01:00	19.05	0.04	40	76200	买盘
11:00:54	19.01	--	45	85545	卖盘
11:00:48	19.01	--	5	9505	卖盘
11:00:45	19.01	--	14	26614	卖盘
11:00:36	19.01	--	4	7604	卖盘
11:00:33	19.01	--	2	3802	买盘
11:00:30	19.01	0.01	1	1901	买盘
11:00:27	19.0	-0.01	32	60800	卖盘
11:00:18	19.01	-0.04	30	57030	卖盘
11:00:15	19.05	0.04	2017	3842385	买盘
11:00:09	19.01	--	1	1901	卖盘
11:00:06	19.01	--	49	93149	买盘
11:00:03	19.01	--	27	51327	买盘
10:59:57	19.01	--	3	5703	买盘
10:59:51	19.01	--	12	22812	卖盘
10:59:48	19.01	--	39	74139	卖盘
10:59:42	19.01	--	15	28515	卖盘
10:59:39	19.01	--	10	19010	卖盘
10:59:36	19.01	--	7	13307	卖盘
10:59:15	19.01	--	3	5703	卖盘
10:59:12	19.01	--	22	41822	卖盘
10:59:09	19.01	--	1	1901	卖盘
10:59:06	19.01	--	11	20911	卖盘
10:58:51	19.01	-0.01	40	76040	卖盘
10:58:45	19.02	0.01	5	9510	买盘
10:58:39	19.01	-0.01	3	5703	卖盘
10:58:36	19.02	0.01	7	13314	买盘
10:58:27	19.01	-0.01	8	15208	卖盘
10:58:24	19.02	0.01	10	19020	买盘
10:58:21	19.01	--	8	15208	卖盘
10:58:09	19.01	--	1	1901	卖盘
10:58:06	19.01	-0.01	4	7604	卖盘
10:58:03	19.02	0.01	5	9510	买盘
10:58:00	19.01	0.01	25	47525	卖盘
10:57:57	19.0	-0.02	14	26600	卖盘
10:57:54	19.02	0.02	1	1902	买盘
10:57:51	19.0	--	12	22800	卖盘
10:57:48	19.0	--	3	5700	卖盘
10:57:45	19.0	-0.02	210	399000	卖盘
10:57:42	19.02	0.01	5	9510	买盘
10:57:39	19.01	--	0	209	卖盘
10:57:36	19.01	-0.01	32	60832	卖盘
10:57:27	19.02	0.01	5	9510	买盘
10:57:09	19.01	-0.01	20	38020	卖盘
10:57:06	19.02	--	31	58962	买盘
10:57:00	19.02	0.02	2	3804	买盘
10:56:54	19.0	-0.02	10	19000	卖盘
10:56:36	19.02	0.02	100	190200	买盘
10:56:33	19.0	--	5	9500	卖盘
10:56:30	19.0	--	7	13300	卖盘
10:56:24	19.0	--	6	11400	卖盘
10:56:21	19.0	--	12	22800	卖盘
10:56:18	19.0	--	2	3800	卖盘
10:56:09	19.0	-0.01	8	15200	卖盘
10:56:06	19.01	0.01	24	45624	卖盘
10:55:57	19.0	--	11	20900	买盘
10:55:54	19.0	-0.02	9	17100	中性盘
10:55:45	19.02	0.02	32	60864	买盘
10:55:42	19.0	-0.01	22	41800	卖盘
10:55:36	19.01	0.01	10	19010	买盘
10:55:33	19.0	--	6	11400	卖盘
10:55:30	19.0	-0.01	12	22800	卖盘
10:55:24	19.01	--	23	43723	买盘
10:55:12	19.01	0.01	2	3802	买盘
10:55:06	19.0	--	6	11400	买盘
10:55:00	19.0	-0.02	3	5700	买盘
10:54:54	19.02	0.02	102	194004	买盘
10:54:51	19.0	--	20	38000	买盘
10:54:48	19.0	--	8	15200	买盘
10:54:42	19.0	-0.01	69	131100	卖盘
10:54:39	19.01	--	35	66535	买盘
10:54:36	19.01	0.01	20	38020	买盘
10:54:30	19.0	-0.01	40	76000	卖盘
10:54:27	19.01	--	3	5703	买盘
10:54:24	19.01	0.02	102	193902	买盘
10:54:18	18.99	-0.01	215	408284	卖盘
10:54:12	19.0	--	5	9500	卖盘
10:54:09	19.0	0.01	1	1900	卖盘
10:53:54	18.99	-0.01	3	5696	卖盘
10:53:51	19.0	--	22	41800	卖盘
10:53:48	19.0	--	15	28500	卖盘
10:53:45	19.0	-0.01	34	64600	卖盘
10:53:42	19.01	--	76	144476	买盘
10:53:39	19.01	0.01	8	15208	买盘
10:53:27	19.0	--	41	77900	卖盘
10:53:15	19.0	--	15	28500	卖盘
10:53:12	19.0	--	1	1900	卖盘
10:53:09	19.0	-0.01	28	53200	卖盘
10:53:06	19.01	--	4	9485	买盘
10:53:03	19.01	0.01	53	100753	买盘
10:53:00	19.0	-0.01	12	22800	卖盘
10:52:45	19.01	--	100	190100	买盘
10:52:42	19.01	--	2	3802	买盘
10:52:39	19.01	--	5	9505	买盘
10:52:36	19.01	--	79	150179	买盘
10:52:33	19.01	--	10	19010	买盘
10:52:30	19.01	--	5	9505	买盘
10:52:24	19.01	0.01	5	9505	买盘
10:52:21	19.0	--	9	17100	卖盘
10:52:18	19.0	-0.01	50	95000	卖盘
10:52:15	19.01	0.01	30	57030	买盘
10:52:12	19.0	-0.01	11	20900	卖盘
10:52:09	19.01	--	1	1901	买盘
10:52:06	19.01	--	83	157783	买盘
10:52:03	19.01	--	50	95050	卖盘
10:52:00	19.01	--	3	5703	卖盘
10:51:57	19.01	0.01	27	51327	中性盘
10:51:54	19.0	--	17	32300	卖盘
10:51:51	19.0	-0.02	20	38000	卖盘
10:51:45	19.02	0.02	28	53256	买盘
10:51:33	19.0	-0.01	17	32300	卖盘
10:51:30	19.01	0.01	115	218615	买盘
10:51:27	19.0	-0.02	70	133000	卖盘
10:51:24	19.02	0.01	116	220632	买盘
10:51:21	19.01	-0.01	53	100753	卖盘
10:51:18	19.02	--	10	19020	卖盘
10:51:12	19.02	--	22	41844	卖盘
10:51:09	19.02	0.01	32	60864	买盘
10:51:06	19.01	-0.01	10	19010	卖盘
10:51:03	19.02	0.01	23	43746	买盘
10:51:00	19.01	--	58	110258	卖盘
10:50:57	19.01	-0.01	11	20911	卖盘
10:50:54	19.02	--	2	3804	买盘
10:50:39	19.02	--	122	232044	买盘
10:50:33	19.02	--	53	100806	买盘
10:50:30	19.02	--	2	3804	买盘
10:50:27	19.02	0.02	20	38040	买盘
10:50:18	19.0	-0.01	20	38000	卖盘
10:50:15	19.01	0.01	9	17109	买盘
10:50:12	19.0	--	20	38000	卖盘
10:50:09	19.0	-0.01	1	1900	卖盘
10:50:06	19.01	0.01	90	171090	买盘
10:49:48	19.0	0.01	8	15200	买盘
10:49:45	18.99	--	10	18990	卖盘
10:49:36	18.99	--	121	229778	买盘
10:49:33	18.99	0.01	25	47474	买盘
10:49:30	18.98	-0.01	33	62634	卖盘
10:49:27	18.99	0.01	36	68364	买盘
10:49:24	18.98	--	5	9490	卖盘
10:49:21	18.98	-0.01	5	9490	卖盘
10:49:18	18.99	0.02	5	9495	买盘
10:49:15	18.97	-0.02	762	1445514	卖盘
10:49:09	18.99	0.01	5	9495	买盘
10:49:06	18.98	-0.01	3	5694	卖盘
10:49:00	18.99	--	259	492125	买盘
10:48:57	18.99	-0.03	35	66465	卖盘
10:48:54	19.02	0.01	15	28530	买盘
10:48:48	19.01	--	16	30416	买盘
10:48:39	19.01	0.03	15	28515	买盘
10:48:27	18.98	--	33	62634	卖盘
10:48:24	18.98	-0.03	195	370110	卖盘
10:48:18	19.01	--	10	19010	买盘
10:48:15	19.01	0.03	7	13307	买盘
10:48:09	18.98	-0.03	1	1898	卖盘
10:48:06	19.01	0.03	60	114060	买盘
10:48:03	18.98	-0.03	5	9490	卖盘
10:48:00	19.01	0.03	24	45624	买盘
10:47:54	18.98	--	3	5694	卖盘
10:47:51	18.98	-0.03	4	7592	卖盘
10:47:48	19.01	0.04	40	76040	买盘
10:47:45	18.97	--	5	9485	卖盘
10:47:42	18.97	-0.04	13	24661	卖盘
10:47:39	19.01	0.04	40	76040	买盘
10:47:36	18.97	0.01	22	41734	卖盘
10:47:33	18.96	--	59	113020	买盘
10:47:30	18.96	-0.01	233	441768	卖盘
10:47:27	18.97	--	65	123304	买盘
10:47:24	18.97	--	177	335769	买盘
10:47:21	18.97	--	65	123304	买盘
10:47:18	18.97	--	7	13279	买盘
10:47:12	18.97	--	10	18970	买盘
10:47:09	18.97	--	5	9485	买盘
10:47:06	18.97	--	13	24661	买盘
10:47:03	18.97	-0.04	2043	3875589	卖盘
10:46:54	19.01	0.01	45	85545	买盘
10:46:48	19.0	--	20	38000	卖盘
10:46:45	19.0	-0.01	49	93100	卖盘
10:46:42	19.01	--	60	114060	卖盘
10:46:36	19.01	--	51	96951	卖盘
10:46:27	19.01	0.01	10	19010	买盘
10:46:24	19.0	--	11	20900	卖盘
10:46:21	19.0	-0.01	13	24700	卖盘
10:46:18	19.01	0.01	64	121664	买盘
10:46:15	19.0	--	10	19000	卖盘
10:46:12	19.0	--	1	1900	卖盘
10:46:06	19.0	-0.02	23	43700	卖盘
10:45:57	19.02	0.02	2	3804	买盘
10:45:54	19.0	-0.02	33	62700	卖盘
10:45:48	19.02	--	10	19020	买盘
10:45:45	19.02	0.01	13	24726	买盘
10:45:39	19.01	--	8	15208	卖盘
10:45:33	19.01	--	5	9505	卖盘
10:45:30	19.01	-0.01	34	64634	卖盘
10:45:27	19.02	0.01	4	7608	买盘
10:45:24	19.01	-0.01	23	43723	卖盘
10:45:21	19.02	--	19	36138	买盘
10:45:18	19.02	0.01	51	97002	买盘
10:45:12	19.01	--	63	119763	卖盘
10:45:09	19.01	--	1	1901	卖盘
10:45:06	19.01	--	22	41822	卖盘
10:45:00	19.01	-0.01	107	203407	中性盘
10:44:51	19.02	0.01	344	654288	买盘
10:44:45	19.01	--	6	11406	买盘
10:44:42	19.01	-0.01	3	5703	卖盘
10:44:39	19.02	--	4	7608	买盘
10:44:33	19.02	--	177	336654	买盘
10:44:24	19.02	--	2	3804	买盘
10:44:21	19.02	--	10	19020	买盘
10:44:18	19.02	--	250	475500	买盘
10:44:15	19.02	--	2	3804	买盘
10:44:12	19.02	--	21	39942	买盘
10:44:09	19.02	--	6	11412	买盘
10:44:06	19.02	-0.01	259	492618	卖盘
10:44:00	19.03	0.01	43	81829	买盘
10:43:54	19.02	-0.01	20	38040	卖盘
10:43:51	19.03	0.01	5	9515	买盘
10:43:48	19.02	0.01	61	116022	买盘
10:43:45	19.01	-0.01	2	3802	卖盘
10:43:42	19.02	--	5	9510	买盘
10:43:39	19.02	0.02	15	28530	买盘
10:43:30	19.0	-0.02	10	19000	卖盘
10:43:27	19.02	--	10	19020	买盘
10:43:24	19.02	0.01	20	38040	买盘
10:43:18	19.01	--	4	7604	买盘
10:43:15	19.01	--	5	9505	买盘
10:43:12	19.01	--	24	45624	卖盘
10:43:09	19.01	--	1	1901	卖盘
10:43:06	19.01	--	24	45624	卖盘
10:42:57	19.01	0.01	5	9505	中性盘
10:42:51	19.0	--	122	231800	卖盘
10:42:48	19.0	-0.01	167	317300	卖盘
10:42:45	19.01	--	5	9505	买盘
10:42:42	19.01	--	10	19010	买盘
10:42:39	19.01	0.01	10	19010	买盘
10:42:33	19.0	--	7	13300	卖盘
10:42:24	19.0	--	5	9500	卖盘
10:42:21	19.0	--	8	15200	买盘
10:42:18	19.0	0.01	39	74100	买盘
10:42:15	18.99	0.01	15	28484	卖盘
10:42:12	18.98	--	61	115778	卖盘
10:42:09	18.98	--	1	1898	卖盘
10:42:06	18.98	--	105	199290	卖盘
10:42:03	18.98	-0.01	35	66430	卖盘
10:41:57	18.99	0.01	32	60767	买盘
10:41:54	18.98	-0.01	17	32266	卖盘
10:41:48	18.99	--	13	24686	买盘
10:41:45	18.99	0.01	4	7595	中性盘
10:41:42	18.98	0.01	100	189800	中性盘
10:41:27	18.97	-0.01	30	56910	卖盘
10:41:24	18.98	--	9	18961	买盘
10:41:18	18.98	--	7	13286	买盘
10:41:15	18.98	--	61	115778	买盘
10:41:12	18.98	--	26	49348	买盘
10:41:09	18.98	0.01	2	3796	买盘
10:41:06	18.97	--	15	28455	卖盘
10:41:03	18.97	-0.01	23	43631	卖盘
10:41:00	18.98	--	30	56958	卖盘
10:40:54	18.98	-0.02	370	702260	卖盘
10:40:51	19.0	0.01	34	64600	买盘
10:40:48	18.99	--	10	18990	卖盘
10:40:45	18.99	--	11	22769	买盘
10:40:39	18.99	--	8	15191	买盘
10:40:30	18.99	-0.01	45	85473	卖盘
10:40:18	19.0	--	18	36081	买盘
10:40:15	19.0	0.01	49	93100	买盘
10:40:12	18.99	--	10	18990	买盘
10:40:09	18.99	-0.01	53	100646	卖盘
10:40:03	19.0	--	50	95000	买盘
10:39:57	19.0	-0.01	38	72200	卖盘
10:39:54	19.01	0.01	10	19010	买盘
10:39:48	19.0	-0.03	27	51300	卖盘
10:39:39	19.03	0.04	10	19030	买盘
10:39:36	18.99	--	22	41778	卖盘
10:39:33	18.99	--	10	18990	卖盘
10:39:27	18.99	-0.05	200	379799	卖盘
10:39:24	19.04	0.01	36	68544	买盘
10:39:18	19.03	--	15	28545	卖盘
10:39:15	19.03	0.03	114	216942	买盘
10:39:12	19.0	--	10	19000	买盘
10:39:09	19.0	0.02	11	20900	买盘
10:39:06	18.98	-0.02	57	108186	卖盘
10:38:57	19.0	0.04	2	3800	买盘
10:38:54	18.96	--	21	39816	卖盘
10:38:51	18.96	-0.04	51	96696	卖盘
10:38:48	19.0	--	10	19000	买盘
10:38:45	19.0	--	2	3800	买盘
10:38:42	19.0	--	43	81700	买盘
10:38:39	19.0	0.05	75	142500	买盘
10:38:36	18.95	-0.01	62	117490	卖盘
10:38:33	18.96	0.01	80	151680	买盘
10:38:30	18.95	0.01	285	540075	买盘
10:38:27	18.94	--	81	153414	卖盘
10:38:24	18.94	--	52	98488	卖盘
10:38:21	18.94	-0.01	156	295464	卖盘
10:38:18	18.95	0.01	9	17055	买盘
10:38:15	18.94	--	43	81442	买盘
10:38:12	18.94	--	34	64396	买盘
10:38:09	18.94	-0.01	24	45456	卖盘
10:38:06	18.95	0.01	13	24635	买盘
10:38:03	18.94	-0.01	39	73866	卖盘
10:38:00	18.95	--	22	41690	买盘
10:37:57	18.95	-0.01	200	379000	卖盘
10:37:54	18.96	--	10	18960	买盘
10:37:51	18.96	--	56	106176	买盘
10:37:48	18.96	0.01	36	68256	买盘
10:37:45	18.95	-0.02	100	189500	卖盘
10:37:42	18.97	0.01	476	902972	买盘
10:37:39	18.96	-0.01	27	51192	卖盘
10:37:36	18.97	0.01	12	22764	买盘
10:37:33	18.96	-0.01	66	125136	卖盘
10:37:30	18.97	--	13	24661	买盘
10:37:27	18.97	--	6	11382	买盘
10:37:24	18.97	--	11	20867	买盘
10:37:21	18.97	--	1	1897	买盘
10:37:18	18.97	-0.02	73	138481	卖盘
10:37:15	18.99	--	106	201293	卖盘
10:37:12	18.99	--	7	13292	卖盘
10:37:09	18.99	-0.01	34	64565	卖盘
10:37:06	19.0	0.01	70	133000	买盘
10:37:00	18.99	-0.03	3246	6164153	卖盘
10:36:57	19.02	--	251	477402	卖盘
10:36:54	19.02	--	20	38040	卖盘
10:36:51	19.02	--	10	19020	卖盘
10:36:48	19.02	--	54	102708	卖盘
10:36:45	19.02	-0.01	10	19020	卖盘
10:36:42	19.03	0.01	1	1903	买盘
10:36:39	19.02	-0.01	4	7608	卖盘
10:36:36	19.03	--	10	19030	买盘
10:36:33	19.03	--	3	5709	买盘
10:36:27	19.03	0.01	26	49478	买盘
10:36:24	19.02	-0.01	265	504030	卖盘
10:36:21	19.03	-0.01	64	121792	卖盘
10:36:18	19.04	0.01	8	15232	买盘
10:36:15	19.03	-0.01	5	9515	卖盘
10:36:12	19.04	0.01	11	20944	买盘
10:36:09	19.03	--	2	3806	卖盘
10:36:03	19.03	-0.01	124	235972	卖盘
10:36:00	19.04	--	68	129472	卖盘
10:35:57	19.04	-0.01	34	64736	卖盘
10:35:51	19.05	--	20	38100	买盘
10:35:45	19.05	0.01	5	9525	买盘
10:35:42	19.04	-0.01	37	70448	卖盘
10:35:39	19.05	--	27	52311	卖盘
10:35:33	19.05	-0.01	14	26670	卖盘
10:35:30	19.06	--	5	9530	买盘
10:35:27	19.06	0.01	1	1905	买盘
10:35:24	19.05	--	10	19050	卖盘
10:35:21	19.05	--	50	95250	卖盘
10:35:12	19.05	-0.02	31	59055	卖盘
10:35:06	19.07	0.02	15	28605	买盘
10:35:03	19.05	--	5	9525	卖盘
10:34:57	19.05	-0.01	43	81915	卖盘
10:34:54	19.06	--	3	5718	卖盘
10:34:51	19.06	0.01	20	38120	卖盘
10:34:48	19.05	--	16	31508	买盘
10:34:39	19.05	--	44	84696	卖盘
10:34:36	19.05	-0.01	310	590550	卖盘
10:34:27	19.06	0.01	605	1153130	买盘
10:34:24	19.05	-0.03	25	47625	卖盘
10:34:21	19.08	0.01	58	110663	买盘
10:34:18	19.07	0.02	42	80094	买盘
10:34:15	19.05	--	20	38100	卖盘
10:34:12	19.05	--	20	38100	卖盘
10:34:09	19.05	-0.01	541	1030605	卖盘
10:34:06	19.06	--	51	97206	卖盘
10:34:03	19.06	--	25	47650	卖盘
10:33:51	19.06	-0.01	4	7623	卖盘
10:33:45	19.07	--	3	5721	买盘
10:33:39	19.07	--	5	9535	买盘
10:33:36	19.07	-0.01	32	61024	卖盘
10:33:27	19.08	--	50	95399	买盘
10:33:24	19.08	0.01	5	9540	买盘
10:33:21	19.07	-0.01	300	572100	卖盘
10:33:18	19.08	--	1	1907	买盘
10:33:15	19.08	0.01	6	11447	买盘
10:33:12	19.07	-0.01	1	1907	卖盘
10:33:06	19.08	--	5	9540	买盘
10:33:03	19.08	--	2	3815	买盘
10:33:00	19.08	-0.01	191	364427	卖盘
10:32:57	19.09	0.01	11	20999	买盘
10:32:51	19.08	-0.01	30	57239	卖盘
10:32:39	19.09	--	20	38180	买盘
10:32:36	19.09	--	1	1909	买盘
10:32:33	19.09	--	5	9545	买盘
10:32:24	19.09	--	9	17181	卖盘
10:32:12	19.09	--	4	7636	卖盘
10:32:09	19.09	-0.01	2	3818	卖盘
10:31:57	19.1	--	10	19100	买盘
10:31:54	19.1	0.01	30	57300	买盘
10:31:51	19.09	-0.01	2	3818	卖盘
10:31:42	19.1	0.01	2	3820	买盘
10:31:39	19.09	-0.01	6	11454	卖盘
10:31:36	19.1	0.01	10	19100	买盘
10:31:33	19.09	--	15	28635	卖盘
10:31:27	19.09	--	10	19090	卖盘
10:31:18	19.09	0.01	33	62997	买盘
10:31:12	19.08	--	5	9540	买盘
10:31:09	19.08	--	12	22895	买盘
10:31:06	19.08	--	10	19080	买盘
10:31:03	19.08	-0.01	57	108755	卖盘
10:31:00	19.09	0.01	10	19090	买盘
10:30:45	19.08	--	114	217511	买盘
10:30:42	19.08	0.01	25	47699	买盘
10:30:30	19.07	0.01	29	55303	买盘
10:30:27	19.06	-0.01	25	47650	卖盘
10:30:24	19.07	--	10	19070	买盘
10:30:21	19.07	--	12	22884	买盘
10:30:18	19.07	--	11	20977	买盘
10:30:15	19.07	-0.01	23	43861	卖盘
10:30:09	19.08	0.01	4	7631	买盘
10:30:06	19.07	-0.01	1	1907	卖盘
10:30:03	19.08	0.01	9	17172	买盘
10:29:57	19.07	--	2	3814	中性盘
10:29:51	19.07	--	20	38140	买盘
10:29:45	19.07	-0.01	84	160188	卖盘
10:29:42	19.08	--	1	1907	买盘
10:29:39	19.08	--	1	1907	买盘
10:29:33	19.08	--	10	19080	买盘
10:29:30	19.08	--	3	5723	买盘
10:29:24	19.08	-0.01	28	53423	卖盘
10:29:15	19.09	--	51	97359	卖盘
10:29:09	19.09	0.01	215	410435	买盘
10:29:06	19.08	-0.01	1	1907	卖盘
10:29:00	19.09	--	3	5727	买盘
10:28:51	19.09	-0.01	16	30544	中性盘
10:28:48	19.1	0.01	2053	3921230	买盘
10:28:39	19.09	-0.01	77	146993	卖盘
10:28:33	19.1	--	12	22920	买盘
10:28:27	19.1	--	10	19100	买盘
10:28:21	19.1	-0.01	171	326610	卖盘
10:28:18	19.11	--	20	38220	买盘
10:28:15	19.11	--	13	24843	买盘
10:28:09	19.11	--	4	7644	买盘
10:28:03	19.11	--	20	38220	买盘
10:27:57	19.11	0.01	14	26754	中性盘
10:27:45	19.1	-0.03	10	19100	卖盘
10:27:36	19.13	0.03	1	1913	买盘
10:27:15	19.1	--	24	45840	卖盘
10:27:09	19.1	--	120	229200	买盘
10:27:06	19.1	--	28	53480	买盘
10:27:03	19.1	--	30	57300	买盘
10:26:57	19.1	--	16	30560	买盘
10:26:54	19.1	--	10	19100	买盘
10:26:45	19.1	-0.03	105	200550	卖盘
10:26:42	19.13	--	20	38260	买盘
10:26:36	19.13	0.02	2	3826	买盘
10:26:33	19.11	-0.03	5	9555	卖盘
10:26:24	19.14	--	9	17226	卖盘
10:26:21	19.14	0.03	16	30624	买盘
10:26:06	19.11	-0.02	1	1911	卖盘
10:26:03	19.13	0.04	37	70781	买盘
10:26:00	19.09	-0.03	922	1760098	卖盘
10:25:57	19.12	--	13	24856	卖盘
10:25:48	19.12	-0.01	23	43976	卖盘
10:25:45	19.13	--	7	13391	买盘
10:25:42	19.13	0.01	14	26782	买盘
10:25:36	19.12	--	53	101336	卖盘
10:25:33	19.12	-0.01	120	229440	卖盘
10:25:30	19.13	--	30	57390	买盘
10:25:27	19.13	--	10	19130	买盘
10:25:24	19.13	0.01	1	1913	买盘
10:25:21	19.12	-0.01	40	76480	卖盘
10:25:18	19.13	0.01	5	9565	买盘
10:25:06	19.12	-0.01	1	1912	卖盘
10:24:57	19.13	--	1	1913	买盘
10:24:51	19.13	--	2	3826	买盘
10:24:45	19.13	--	10	19130	买盘
10:24:42	19.13	0.01	89	170257	买盘
10:24:30	19.12	-0.01	55	105160	卖盘
10:24:21	19.13	0.01	30	57390	买盘
10:24:15	19.12	-0.01	9	17208	卖盘
10:24:12	19.13	0.01	10	19130	买盘
10:24:09	19.12	--	1	1912	卖盘
10:24:03	19.12	-0.01	1	1912	卖盘
10:24:00	19.13	--	3	5739	买盘
10:23:57	19.13	--	46	87998	买盘
10:23:51	19.13	--	2	3826	买盘
10:23:48	19.13	--	3	5739	买盘
10:23:42	19.13	--	6	11478	买盘
10:23:24	19.13	0.01	25	47825	买盘
10:23:15	19.12	--	12	22944	买盘
10:23:12	19.12	0.01	2	3824	买盘
10:23:06	19.11	--	3	5733	卖盘
10:22:57	19.11	-0.01	6	11466	卖盘
10:22:54	19.12	0.01	4	7648	买盘
10:22:51	19.11	-0.01	63	120393	卖盘
10:22:45	19.12	0.01	70	133840	买盘
10:22:42	19.11	-0.01	62	118482	卖盘
10:22:39	19.12	--	1	1912	买盘
10:22:36	19.12	0.01	10	19120	买盘
10:22:24	19.11	-0.01	3	5733	卖盘
10:22:15	19.12	0.01	1	1912	买盘
10:22:09	19.11	-0.01	1	1911	卖盘
10:22:03	19.12	--	3	5736	买盘
10:21:57	19.12	--	8	15296	买盘
10:21:54	19.12	-0.01	13	24856	卖盘
10:21:42	19.13	0.01	10	19130	买盘
10:21:39	19.12	0.01	2	3824	买盘
10:21:36	19.11	--	27	51597	卖盘
10:21:33	19.11	--	1	1911	卖盘
10:21:21	19.11	-0.02	40	76440	卖盘
10:21:12	19.13	0.02	25	47825	买盘
10:21:09	19.11	-0.02	1	1911	卖盘
10:21:03	19.13	0.02	1	1913	买盘
10:21:00	19.11	-0.01	17	32487	卖盘
10:20:42	19.12	--	1	1912	买盘
10:20:39	19.12	0.01	12	22944	买盘
10:20:30	19.11	--	12	22932	卖盘
10:20:15	19.11	--	5	9555	卖盘
10:20:12	19.11	-0.01	50	95550	卖盘
10:20:09	19.12	--	1	1912	卖盘
10:20:06	19.12	--	3	5736	卖盘
10:20:00	19.12	--	6	11472	卖盘
10:19:57	19.12	--	69	133763	买盘
10:19:51	19.12	--	58	110972	卖盘
10:19:42	19.12	--	43	82216	卖盘
10:19:30	19.12	--	3	5736	卖盘
10:19:27	19.12	-0.01	8	15296	卖盘
10:19:24	19.13	0.01	2	3826	买盘
10:19:15	19.12	-0.01	4	7648	卖盘
10:19:09	19.13	-0.01	2	3826	卖盘
10:19:03	19.14	--	2	3828	买盘
10:18:48	19.14	0.02	2	3828	买盘
10:18:39	19.12	-0.01	7	13384	卖盘
10:18:36	19.13	0.01	2	3826	买盘
10:18:30	19.12	--	100	191200	卖盘
10:18:15	19.12	-0.01	43	82216	卖盘
10:18:09	19.13	-0.01	1	1913	中性盘
10:17:57	19.14	-0.03	43	82302	卖盘
10:17:48	19.17	0.02	155	297135	买盘
10:17:45	19.15	0.01	15	28724	买盘
10:17:39	19.14	-0.01	1	1914	卖盘
10:17:36	19.15	--	1	1914	买盘
10:17:30	19.15	--	1	1914	买盘
10:17:18	19.15	0.01	121	231714	买盘
10:17:06	19.14	--	30	57420	卖盘
10:17:00	19.14	--	62	118668	买盘
10:16:48	19.14	--	116	222024	买盘
10:16:39	19.14	0.02	2	3828	买盘
10:16:36	19.12	-0.03	8	15296	卖盘
10:16:18	19.15	0.03	24	45960	买盘
10:16:15	19.12	--	2	3824	卖盘
10:16:06	19.12	-0.03	1	1912	卖盘
10:15:54	19.15	0.03	6	11490	买盘
10:15:51	19.12	--	10	19120	卖盘
10:15:48	19.12	-0.02	76	145312	卖盘
10:15:42	19.14	--	1	1914	卖盘
10:15:39	19.14	0.02	325	623906	买盘
10:15:33	19.12	-0.01	20	38240	卖盘
10:15:30	19.13	0.01	6	11478	中性盘
10:15:18	19.12	--	4	7648	卖盘
10:15:12	19.12	-0.02	5	9560	卖盘
10:15:09	19.14	0.01	109	208626	买盘
10:14:57	19.13	--	2	3826	买盘
10:14:39	19.13	-0.01	78	149214	中性盘
10:14:21	19.14	0.02	1	1914	买盘
10:14:15	19.12	-0.01	30	57360	卖盘
10:14:12	19.13	0.01	8	15304	买盘
10:14:09	19.12	--	1	1912	卖盘
10:14:06	19.12	-0.01	2	3824	卖盘
10:13:57	19.13	0.01	20	38260	买盘
10:13:51	19.12	--	4	7648	卖盘
10:13:48	19.12	--	1	1912	卖盘
10:13:39	19.12	-0.01	59	114700	卖盘
10:13:36	19.13	--	4	7652	买盘
10:13:30	19.13	0.01	1	1913	买盘
10:13:21	19.12	--	72	137664	买盘
10:13:18	19.12	--	213	407256	买盘
10:13:12	19.12	0.01	1	1912	买盘
10:13:09	19.11	-0.01	1	1911	卖盘
10:12:54	19.12	--	22	42064	卖盘
10:12:48	19.12	-0.01	1	1912	卖盘
10:12:45	19.13	0.01	27	51651	买盘
10:12:39	19.12	-0.01	21	40152	卖盘
10:12:36	19.13	-0.01	1	1913	中性盘
10:12:21	19.14	--	45	86130	卖盘
10:12:18	19.14	--	14	26796	卖盘
10:12:15	19.14	--	8	15312	卖盘
10:12:09	19.14	--	1	1914	卖盘
10:12:00	19.14	--	7	13398	买盘
10:11:45	19.14	0.03	20	38280	买盘
10:11:33	19.11	--	4	7644	卖盘
10:11:27	19.11	--	1	1911	买盘
10:11:18	19.11	--	5	9555	买盘
10:11:15	19.11	--	11	21021	买盘
10:11:12	19.11	0.01	13	24843	买盘
10:11:06	19.1	--	2	3820	卖盘
10:11:00	19.1	-0.01	60	114600	卖盘
10:10:57	19.11	0.01	1	1911	中性盘
10:10:39	19.1	--	10	19100	卖盘
10:10:33	19.1	-0.04	40	76400	卖盘
10:10:30	19.14	0.04	305	583770	买盘
10:10:18	19.1	--	31	59210	卖盘
10:10:12	19.1	--	13	25937	买盘
10:10:09	19.1	--	16	30560	买盘
10:10:06	19.1	0.01	9	17190	买盘
10:10:03	19.09	-0.01	25	47725	卖盘
10:10:00	19.1	--	107	204370	卖盘
10:09:48	19.1	-0.01	2	3820	卖盘
10:09:45	19.11	0.01	35	66885	买盘
10:09:42	19.1	--	7	13370	买盘
10:09:39	19.1	-0.01	23	43930	卖盘
10:09:36	19.11	--	125	238875	买盘
10:09:27	19.11	0.01	40	76440	买盘
10:09:21	19.1	--	1	1910	买盘
10:09:18	19.1	0.01	20	38200	中性盘
10:09:12	19.09	-0.01	159	303531	卖盘
10:09:09	19.1	--	1	1910	卖盘
10:09:06	19.1	--	160	305600	买盘
10:09:03	19.1	--	84	160440	买盘
10:09:00	19.1	--	190	362900	买盘
10:08:57	19.1	--	76	145160	买盘
10:08:51	19.1	--	264	504240	买盘
10:08:48	19.1	--	16	30560	买盘
10:08:45	19.1	0.01	55	105050	买盘
10:08:42	19.09	-0.01	56	106904	卖盘
10:08:39	19.1	--	15	28650	买盘
10:08:36	19.1	--	1	1910	买盘
10:08:30	19.1	0.01	59	112690	买盘
10:08:27	19.09	--	40	76360	卖盘
10:08:24	19.09	--	16	30544	卖盘
10:08:21	19.09	--	10	19090	卖盘
10:08:18	19.09	--	5	9545	卖盘
10:08:15	19.09	--	1	1909	卖盘
10:08:12	19.09	--	69	131721	卖盘
10:08:09	19.09	--	70	133630	买盘
10:08:06	19.09	0.01	5	9545	买盘
10:08:03	19.08	-0.01	4	7631	卖盘
10:08:00	19.09	--	2	3818	买盘
10:07:57	19.09	--	9	17181	买盘
10:07:54	19.09	--	34	64906	卖盘
10:07:51	19.09	--	10	19090	卖盘
10:07:45	19.09	--	14	26726	卖盘
10:07:39	19.09	-0.01	22	41998	卖盘
10:07:33	19.1	--	52	99320	卖盘
10:07:30	19.1	--	215	410650	卖盘
10:07:27	19.1	--	5	9550	卖盘
10:07:24	19.1	--	111	212010	卖盘
10:07:21	19.1	--	75	143250	卖盘
10:07:18	19.1	--	109	208190	卖盘
10:07:15	19.1	-0.01	18	34380	卖盘
10:07:12	19.11	0.01	4	7644	买盘
10:07:09	19.1	-0.01	1	1910	卖盘
10:07:00	19.11	--	8	15288	买盘
10:06:57	19.11	-0.01	670	1281172	卖盘
10:06:54	19.12	--	17	32504	买盘
10:06:51	19.12	--	10	19120	买盘
10:06:45	19.12	0.01	3	5736	中性盘
10:06:36	19.11	-0.02	40	76440	卖盘
10:06:30	19.13	0.01	31	59303	买盘
10:06:27	19.12	-0.01	43	82216	卖盘
10:06:24	19.13	0.01	25	47825	买盘
10:06:21	19.12	-0.01	120	229440	卖盘
10:06:18	19.13	--	79	151127	卖盘
10:06:12	19.13	--	26	49738	卖盘
10:06:09	19.13	0.01	4	7652	买盘
10:06:00	19.12	--	27	51624	卖盘
10:05:57	19.12	-0.01	4	7648	卖盘
10:05:51	19.13	0.01	6	11478	买盘
10:05:45	19.12	--	2	3824	卖盘
10:05:36	19.12	--	2	3824	卖盘
10:05:33	19.12	-0.01	14	26768	卖盘
10:05:30	19.13	0.01	74	142671	买盘
10:05:27	19.12	--	52	99424	买盘
10:05:24	19.12	0.01	3	5736	买盘
10:05:18	19.11	--	5	9555	卖盘
10:05:15	19.11	-0.01	37	71509	卖盘
10:05:09	19.12	0.01	18	35524	买盘
10:05:06	19.11	--	1	1911	卖盘
10:05:03	19.11	--	30	57330	卖盘
10:04:57	19.11	--	9	17199	卖盘
10:04:54	19.11	--	2	3822	卖盘
10:04:51	19.11	--	4	7644	卖盘
10:04:45	19.11	--	5	9555	卖盘
10:04:39	19.11	-0.01	5	9555	卖盘
10:04:36	19.12	0.01	50	95600	买盘
10:04:33	19.11	-0.01	4	7644	卖盘
10:04:30	19.12	0.01	10	19120	买盘
10:04:24	19.11	-0.01	40	76440	卖盘
10:04:18	19.12	-0.01	22	42867	卖盘
10:04:06	19.13	0.01	21	40173	买盘
10:04:03	19.12	-0.01	60	114720	卖盘
10:04:00	19.13	--	20	38260	买盘
10:03:51	19.13	--	3	5739	买盘
10:03:48	19.13	--	10	19130	买盘
10:03:45	19.13	0.01	8	15304	买盘
10:03:42	19.12	-0.01	20	38240	卖盘
10:03:39	19.13	0.01	8	15304	买盘
10:03:36	19.12	--	30	57360	卖盘
10:03:30	19.12	-0.01	35	66920	卖盘
10:03:18	19.13	0.01	1	1913	买盘
10:03:15	19.12	--	10	19120	卖盘
10:03:06	19.12	--	1	1912	卖盘
10:03:03	19.12	-0.01	192	367104	卖盘
10:03:00	19.13	--	10	19130	买盘
10:02:54	19.13	--	8	15304	买盘
10:02:48	19.13	--	2	3826	买盘
10:02:45	19.13	0.01	20	38260	中性盘
10:02:42	19.12	-0.01	22	42064	卖盘
10:02:39	19.13	-0.01	162	309906	卖盘
10:02:36	19.14	--	37	70818	卖盘
10:02:33	19.14	--	18	34452	卖盘
10:02:27	19.14	--	10	19140	卖盘
10:02:24	19.14	0.01	77	148545	买盘
10:02:21	19.13	--	1	1913	买盘
10:02:18	19.13	--	26	49738	买盘
10:02:15	19.13	--	59	113613	卖盘
10:02:12	19.13	--	3	5739	卖盘
10:02:06	19.13	--	17	32521	卖盘
10:01:57	19.13	-0.01	26	49738	卖盘
10:01:51	19.14	0.01	3	5742	买盘
10:01:45	19.13	-0.01	7	13391	卖盘
10:01:42	19.14	0.01	17	32538	买盘
10:01:36	19.13	--	4	7652	卖盘
10:01:30	19.13	--	1	1913	卖盘
10:01:27	19.13	--	196	376114	买盘
10:01:24	19.13	0.01	32	61216	买盘
10:01:21	19.12	-0.01	51	97512	卖盘
10:01:15	19.13	0.01	21	40173	买盘
10:01:12	19.12	-0.01	1	1912	卖盘
10:01:06	19.13	0.01	6	11478	买盘
10:01:03	19.12	--	40	76480	卖盘
10:01:00	19.12	--	172	328864	卖盘
10:00:57	19.12	--	56	107072	卖盘
10:00:54	19.12	-0.01	54	105102	卖盘
10:00:51	19.13	0.01	1	1913	买盘
10:00:48	19.12	-0.01	4	7648	卖盘
10:00:42	19.13	0.01	10	19130	买盘
10:00:36	19.12	--	10	19120	卖盘
10:00:33	19.12	--	32	61184	卖盘
10:00:24	19.12	-0.01	3	5736	卖盘
10:00:21	19.13	0.01	40	76520	买盘
10:00:18	19.12	-0.01	1	1912	卖盘
10:00:15	19.13	--	1	1913	买盘
10:00:12	19.13	--	68	130830	卖盘
10:00:09	19.13	-0.01	6	11478	卖盘
10:00:06	19.14	--	1	1914	买盘
10:00:03	19.14	0.01	2	3828	买盘
09:59:57	19.13	--	200	382600	卖盘
09:59:54	19.13	--	4	7652	卖盘
09:59:51	19.13	--	50	95650	卖盘
09:59:48	19.13	--	52	99476	卖盘
09:59:45	19.13	--	207	395991	卖盘
09:59:42	19.13	--	14	26782	卖盘
09:59:39	19.13	--	1	1913	卖盘
09:59:36	19.13	--	6	11478	卖盘
09:59:30	19.13	--	1	1913	卖盘
09:59:21	19.13	--	6	11478	卖盘
09:59:15	19.13	-0.03	40	76520	卖盘
09:59:12	19.16	0.03	5	9580	买盘
09:59:09	19.13	-0.01	53	101389	卖盘
09:59:06	19.14	--	1	1914	卖盘
09:58:57	19.14	-0.02	15	28710	卖盘
09:58:54	19.16	--	6	11496	卖盘
09:58:51	19.16	0.02	48	91968	中性盘
09:58:45	19.14	--	40	76560	卖盘
09:58:42	19.14	-0.02	208	398112	卖盘
09:58:39	19.16	0.01	5	9580	买盘
09:58:36	19.15	-0.01	3	5745	卖盘
09:58:33	19.16	0.01	2	3832	买盘
09:58:24	19.15	-0.02	4	7659	卖盘
09:58:09	19.17	0.02	10	19170	买盘
09:58:06	19.15	--	9	17235	卖盘
09:58:03	19.15	-0.01	3	7640	卖盘
09:58:00	19.16	-0.01	1	1916	中性盘
09:57:54	19.17	0.02	7	13419	买盘
09:57:51	19.15	-0.01	208	398319	卖盘
09:57:36	19.16	-0.01	10	19160	卖盘
09:57:30	19.17	--	2	3834	买盘
09:57:27	19.17	0.01	51	97767	买盘
09:57:21	19.16	--	25	47900	卖盘
09:57:18	19.16	-0.01	8	15328	卖盘
09:57:12	19.17	--	20	38340	买盘
09:57:09	19.17	0.01	50	95850	买盘
09:57:06	19.16	-0.01	43	82388	卖盘
09:57:03	19.17	--	32	61344	买盘
09:57:00	19.17	--	52	99684	买盘
09:56:57	19.17	-0.01	2	3834	中性盘
09:56:45	19.18	0.01	52	99736	买盘
09:56:42	19.17	--	5	9585	买盘
09:56:27	19.17	--	5	9585	买盘
09:56:21	19.17	--	9	17253	买盘
09:56:12	19.17	0.01	2	3834	买盘
09:56:09	19.16	-0.01	71	136036	卖盘
09:56:06	19.17	--	12	23004	买盘
09:56:03	19.17	0.01	26	51068	买盘
09:56:00	19.16	-0.01	4	7664	卖盘
09:55:57	19.17	--	27	51759	买盘
09:55:51	19.17	0.01	5	9585	买盘
09:55:45	19.16	--	17	32572	卖盘
09:55:36	19.16	--	78	149448	卖盘
09:55:33	19.16	--	13	24908	卖盘
09:55:24	19.16	-0.01	16	30656	卖盘
09:55:21	19.17	0.01	1	1917	买盘
09:55:18	19.16	-0.01	11	21076	卖盘
09:55:12	19.17	0.01	12	23004	买盘
09:55:09	19.16	0.01	1	1916	卖盘
09:55:03	19.15	-0.02	153	292995	卖盘
09:55:00	19.17	0.02	65	124605	买盘
09:54:57	19.15	--	70	134050	卖盘
09:54:54	19.15	-0.02	10	19150	卖盘
09:54:48	19.17	0.02	80	153360	买盘
09:54:45	19.15	-0.01	5	9575	卖盘
09:54:42	19.16	0.01	17	32572	买盘
09:54:33	19.15	-0.01	6	11490	卖盘
09:54:27	19.16	0.01	19	36404	买盘
09:54:24	19.15	-0.01	26	49789	卖盘
09:54:15	19.16	--	10	19160	买盘
09:54:06	19.16	--	19	36404	买盘
09:54:03	19.16	--	26	49816	买盘
09:54:00	19.16	-0.01	1	1916	中性盘
09:53:51	19.17	0.01	61	116937	买盘
09:53:48	19.16	--	2	3832	买盘
09:53:39	19.16	--	27	51732	卖盘
09:53:36	19.16	--	15	28740	卖盘
09:53:33	19.16	--	38	72808	卖盘
09:53:27	19.16	-0.01	33	63228	卖盘
09:53:18	19.17	0.01	10	19170	买盘
09:53:15	19.16	-0.01	42	80472	卖盘
09:53:12	19.17	0.01	16	30672	买盘
09:53:06	19.16	--	2	3832	卖盘
09:52:57	19.16	0.01	19	36404	买盘
09:52:54	19.15	--	12	22980	卖盘
09:52:48	19.15	--	35	67025	卖盘
09:52:45	19.15	--	15	28724	卖盘
09:52:39	19.15	--	2	3829	卖盘
09:52:33	19.15	--	31	59364	卖盘
09:52:30	19.15	--	108	206819	买盘
09:52:27	19.15	--	22	42130	买盘
09:52:24	19.15	--	10	19150	买盘
09:52:12	19.15	0.01	21	40215	买盘
09:52:06	19.14	-0.01	1	1914	卖盘
09:52:03	19.15	--	4	8349	卖盘
09:52:00	19.15	--	6	11490	卖盘
09:51:51	19.15	-0.01	26	49789	卖盘
09:51:48	19.16	0.01	35	68286	买盘
09:51:42	19.15	--	11	21065	卖盘
09:51:39	19.15	--	5	9575	卖盘
09:51:36	19.15	0.01	26	49789	中性盘
09:51:30	19.14	-0.01	20	38280	卖盘
09:51:27	19.15	-0.01	5	9575	买盘
09:51:21	19.16	0.01	11	21076	买盘
09:51:15	19.15	--	5	9575	买盘
09:51:12	19.15	--	26	49789	卖盘
09:51:09	19.15	--	1	1914	卖盘
09:50:54	19.15	0.01	25	47875	买盘
09:50:51	19.14	--	114	218196	卖盘
09:50:48	19.14	-0.01	9	17226	卖盘
09:50:45	19.15	0.01	70	134050	买盘
09:50:42	19.14	--	4	7656	卖盘
09:50:39	19.14	--	97	187533	买盘
09:50:36	19.14	--	5	9570	买盘
09:50:33	19.14	--	138	264132	买盘
09:50:30	19.14	--	4	7656	买盘
09:50:27	19.14	--	5	9570	买盘
09:50:24	19.14	--	66	126324	买盘
09:50:21	19.14	--	25	47869	卖盘
09:50:18	19.14	--	19	36366	卖盘
09:50:15	19.14	--	1	1914	卖盘
09:50:12	19.14	--	49	93786	卖盘
09:50:09	19.14	-0.01	66	126324	卖盘
09:50:00	19.15	0.01	10	19150	买盘
09:49:54	19.14	-0.01	22	42108	卖盘
09:49:51	19.15	0.01	20	38300	买盘
09:49:48	19.14	-0.01	19	36366	卖盘
09:49:45	19.15	0.01	10	19150	买盘
09:49:42	19.14	-0.01	21	40194	卖盘
09:49:39	19.15	0.01	10	19150	买盘
09:49:36	19.14	-0.01	21	40194	卖盘
09:49:15	19.15	--	25	47875	卖盘
09:49:12	19.15	--	16	30639	卖盘
09:49:09	19.15	--	5	9575	卖盘
09:49:06	19.15	--	49	93835	卖盘
09:49:03	19.15	--	9	17235	卖盘
09:49:00	19.15	--	1	1914	卖盘
09:48:57	19.15	--	13	24894	卖盘
09:48:54	19.15	--	2	3829	卖盘
09:48:51	19.15	0.01	5	9575	买盘
09:48:48	19.14	--	1	1914	卖盘
09:48:45	19.14	-0.01	24	47830	中性盘
09:48:42	19.15	0.01	10	19150	买盘
09:48:36	19.14	-0.01	19	36385	卖盘
09:48:33	19.15	--	2	3829	卖盘
09:48:27	19.15	--	3	5745	卖盘
09:48:24	19.15	--	30	59345	买盘
09:48:18	19.15	0.01	20	38300	买盘
09:48:15	19.14	-0.01	32	61248	卖盘
09:48:12	19.15	0.01	39	74685	买盘
09:48:09	19.14	--	73	139722	卖盘
09:48:06	19.14	-0.01	1	1914	卖盘
09:48:03	19.15	--	121	231714	买盘
09:48:00	19.15	--	10	19150	买盘
09:47:57	19.15	0.01	68	130219	买盘
09:47:51	19.14	-0.01	3	5742	卖盘
09:47:48	19.15	0.01	18	34470	买盘
09:47:42	19.14	--	36	68904	卖盘
09:47:36	19.14	-0.02	19	36366	卖盘
09:47:30	19.16	0.01	1	1916	买盘
09:47:27	19.15	0.02	30	57449	中性盘
09:47:21	19.13	-0.02	410	784330	卖盘
09:47:18	19.15	--	1	1914	卖盘
09:47:15	19.15	0.01	1	1914	卖盘
09:47:09	19.14	--	20	38280	卖盘
09:47:06	19.14	-0.01	51	97614	卖盘
09:47:03	19.15	0.01	1	1914	买盘
09:46:57	19.14	-0.01	43	82302	卖盘
09:46:51	19.15	--	125	239374	买盘
09:46:48	19.15	--	2	3829	卖盘
09:46:45	19.15	0.01	5	9575	买盘
09:46:42	19.14	-0.01	3	5742	卖盘
09:46:39	19.15	-0.01	10	19150	中性盘
09:46:24	19.16	--	3	5748	买盘
09:46:18	19.16	0.02	116	222256	买盘
09:46:15	19.14	0.01	10	19140	买盘
09:46:12	19.13	-0.01	8	15304	卖盘
09:46:09	19.14	-0.01	183	350951	卖盘
09:46:06	19.15	--	10	19150	卖盘
09:46:03	19.15	0.01	3	5745	中性盘
09:45:54	19.14	-0.01	7	14622	卖盘
09:45:51	19.15	--	20	38300	买盘
09:45:48	19.15	0.01	15	28724	买盘
09:45:45	19.14	-0.01	118	225852	卖盘
09:45:42	19.15	--	15	28724	买盘
09:45:39	19.15	--	45	86175	买盘
09:45:36	19.15	0.01	7	13404	买盘
09:45:33	19.14	--	21	40194	卖盘
09:45:30	19.14	--	110	210540	卖盘
09:45:18	19.14	-0.01	51	97614	卖盘
09:45:15	19.15	--	36	68940	买盘
09:45:06	19.15	0.01	38	72770	买盘
09:45:03	19.14	--	5	9570	卖盘
09:44:57	19.14	0.01	18	34452	卖盘
09:44:54	19.13	--	5	9565	卖盘
09:44:51	19.13	-0.02	152	290776	卖盘
09:44:48	19.15	0.01	23	44045	买盘
09:44:45	19.14	-0.01	88	168432	卖盘
09:44:42	19.15	0.02	65	124474	中性盘
09:44:36	19.13	-0.02	248	474424	卖盘
09:44:33	19.15	--	4	7659	卖盘
09:44:27	19.15	0.01	80	153200	买盘
09:44:24	19.14	-0.01	24	45936	卖盘
09:44:21	19.15	--	1	1914	买盘
09:44:18	19.15	0.02	5	9575	买盘
09:44:15	19.13	-0.01	121	231473	卖盘
09:44:12	19.14	0.01	16	30624	中性盘
09:44:09	19.13	--	35	66955	卖盘
09:44:00	19.13	-0.02	13	24869	卖盘
09:43:57	19.15	0.01	14	26809	买盘
09:43:48	19.14	0.01	21	40194	买盘
09:43:45	19.13	--	6	11478	卖盘
09:43:39	19.13	--	37	70781	卖盘
09:43:33	19.13	--	6	11478	买盘
09:43:30	19.13	0.01	45	86085	买盘
09:43:27	19.12	-0.01	107	204584	卖盘
09:43:24	19.13	--	20	38260	买盘
09:43:21	19.13	0.01	88	168344	买盘
09:43:15	19.12	-0.01	38	72656	卖盘
09:43:12	19.13	0.01	9	17217	买盘
09:43:09	19.12	--	8	15296	卖盘
09:43:03	19.12	--	154	294448	买盘
09:43:00	19.12	0.01	13	24856	买盘
09:42:57	19.11	-0.01	1	1911	卖盘
09:42:51	19.12	--	1	1912	买盘
09:42:48	19.12	-0.01	20	38240	买盘
09:42:45	19.13	--	8	15304	买盘
09:42:42	19.13	--	605	1157365	买盘
09:42:39	19.13	--	3	5739	买盘
09:42:36	19.13	-0.01	10	19130	卖盘
09:42:33	19.14	0.01	22	42108	买盘
09:42:30	19.13	0.01	162	309906	买盘
09:42:27	19.12	-0.01	380	726560	卖盘
09:42:24	19.13	--	5	9565	卖盘
09:42:21	19.13	-0.01	120	229560	卖盘
09:42:18	19.14	0.01	13	24882	买盘
09:42:15	19.13	--	131	250603	卖盘
09:42:12	19.13	--	54	103302	卖盘
09:42:09	19.13	-0.01	8	15304	卖盘
09:41:57	19.14	--	5	9570	买盘
09:41:45	19.14	--	40	77249	卖盘
09:41:39	19.14	-0.01	28	53592	卖盘
09:41:36	19.15	-0.01	2	3829	中性盘
09:41:27	19.16	0.01	240	459840	买盘
09:41:21	19.15	--	5	9575	卖盘
09:41:18	19.15	--	2	3829	卖盘
09:41:15	19.15	0.02	48	93145	买盘
09:41:12	19.13	-0.01	15	28695	卖盘
09:41:09	19.14	0.01	65	124410	买盘
09:41:06	19.13	-0.01	19	37035	卖盘
09:41:03	19.14	--	36	69803	卖盘
09:40:57	19.14	--	0	325	买盘
09:40:54	19.14	0.01	2	3828	买盘
09:40:51	19.13	-0.01	50	95650	卖盘
09:40:48	19.14	--	22	42108	买盘
09:40:45	19.14	--	28	53592	买盘
09:40:42	19.14	--	13	24882	买盘
09:40:39	19.14	--	36	68904	买盘
09:40:36	19.14	--	10	19140	买盘
09:40:33	19.14	--	2	3828	买盘
09:40:30	19.14	-0.01	169	323504	卖盘
09:40:27	19.15	--	40	76600	买盘
09:40:24	19.15	0.01	34	65109	买盘
09:40:21	19.14	--	27	51678	卖盘
09:40:15	19.14	-0.01	48	91872	卖盘
09:40:12	19.15	0.01	20	38300	买盘
09:40:09	19.14	-0.01	2	3828	卖盘
09:40:06	19.15	0.01	17	32554	买盘
09:40:03	19.14	--	95	181830	卖盘
09:40:00	19.14	--	18	34452	卖盘
09:39:57	19.14	--	180	344520	卖盘
09:39:54	19.14	-0.01	40	76560	卖盘
09:39:51	19.15	--	26	49789	买盘
09:39:45	19.15	--	16	30639	买盘
09:39:42	19.15	-0.01	294	563010	卖盘
09:39:36	19.16	-0.02	24	45984	卖盘
09:39:33	19.18	0.02	9	17262	买盘
09:39:30	19.16	--	3	5748	卖盘
09:39:27	19.16	-0.02	6	11496	卖盘
09:39:24	19.18	0.02	14	26852	买盘
09:39:21	19.16	--	7	13412	卖盘
09:39:15	19.16	--	71	136036	卖盘
09:39:12	19.16	--	14	26824	卖盘
09:39:09	19.16	--	4	7664	卖盘
09:39:06	19.16	-0.01	47	90052	卖盘
09:38:57	19.17	-0.01	69	132273	卖盘
09:38:51	19.18	--	24	46032	卖盘
09:38:48	19.18	--	2	3836	卖盘
09:38:42	19.18	-0.02	42	80556	卖盘
09:38:39	19.2	0.02	1	1920	买盘
09:38:36	19.18	--	25	47950	卖盘
09:38:33	19.18	-0.02	10	19180	卖盘
09:38:30	19.2	--	34	65280	买盘
09:38:24	19.2	--	5	9600	买盘
09:38:12	19.2	--	51	97920	卖盘
09:38:06	19.2	--	1	1920	卖盘
09:38:03	19.2	-0.01	20	38400	卖盘
09:37:51	19.21	-0.02	20	38420	卖盘
09:37:48	19.23	0.02	130	249990	买盘
09:37:45	19.21	-0.01	8	15368	卖盘
09:37:42	19.22	--	68	130695	买盘
09:37:36	19.22	0.01	1	1922	买盘
09:37:33	19.21	--	27	51867	卖盘
09:37:30	19.21	--	226	434146	卖盘
09:37:24	19.21	--	15	28815	卖盘
09:37:18	19.21	-0.01	55	105655	卖盘
09:37:12	19.22	0.01	4	7688	中性盘
09:37:09	19.21	-0.01	58	111418	卖盘
09:37:03	19.22	--	129	247937	卖盘
09:37:00	19.22	--	100	192200	卖盘
09:36:57	19.22	--	71	136462	买盘
09:36:54	19.22	0.01	142	272924	买盘
09:36:51	19.21	--	5	9605	卖盘
09:36:48	19.21	-0.01	15	28815	卖盘
09:36:45	19.22	--	97	186434	买盘
09:36:39	19.22	--	60	115320	买盘
09:36:36	19.22	0.01	40	76880	买盘
09:36:27	19.21	--	24	46104	卖盘
09:36:24	19.21	-0.01	10	19210	卖盘
09:36:21	19.22	--	6	11532	买盘
09:36:15	19.22	0.01	25	48050	买盘
09:36:12	19.21	--	100	192100	卖盘
09:36:09	19.21	--	7	13447	卖盘
09:36:06	19.21	--	3	5763	卖盘
09:36:03	19.21	--	46	88366	卖盘
09:36:00	19.21	--	5	9605	卖盘
09:35:57	19.21	0.02	38	72998	买盘
09:35:54	19.19	--	20	38380	买盘
09:35:48	19.19	--	2	3838	中性盘
09:35:45	19.19	-0.01	33	63327	卖盘
09:35:42	19.2	--	14	26880	买盘
09:35:39	19.2	0.01	2	3840	买盘
09:35:27	19.19	0.03	25	47975	买盘
09:35:24	19.16	-0.04	48	91968	卖盘
09:35:18	19.2	0.04	90	172800	买盘
09:35:12	19.16	--	9	17244	卖盘
09:35:09	19.16	-0.02	4	7664	卖盘
09:35:03	19.18	0.03	10	19180	中性盘
09:34:54	19.15	-0.04	52	99579	卖盘
09:34:51	19.19	--	2	3838	买盘
09:34:48	19.19	0.04	8	15352	买盘
09:34:42	19.15	-0.04	100	191500	卖盘
09:34:39	19.19	0.05	3	5757	买盘
09:34:21	19.14	-0.01	5	9570	卖盘
09:34:18	19.15	0.01	4	7659	买盘
09:34:15	19.14	--	66	128199	买盘
09:34:12	19.14	--	38	72732	买盘
09:34:09	19.14	--	8	15312	买盘
09:34:06	19.14	--	5	9570	买盘
09:33:57	19.14	0.01	1	1914	买盘
09:33:54	19.13	0.01	31	59303	买盘
09:33:51	19.12	-0.01	75	143400	卖盘
09:33:48	19.13	--	2	3826	买盘
09:33:45	19.13	--	15	28695	买盘
09:33:42	19.13	--	6	11478	买盘
09:33:39	19.13	--	57	109041	买盘
09:33:36	19.13	-0.01	28	53564	卖盘
09:33:33	19.14	--	10	19140	买盘
09:33:30	19.14	--	29	55506	买盘
09:33:27	19.14	0.01	35	66990	买盘
09:33:24	19.13	-0.01	7	13391	卖盘
09:33:21	19.14	0.01	20	38280	买盘
09:33:18	19.13	-0.01	62	118606	卖盘
09:33:15	19.14	--	37	70818	买盘
09:33:12	19.14	--	20	38280	买盘
09:33:09	19.14	--	62	118668	买盘
09:33:06	19.14	--	21	40194	买盘
09:33:03	19.14	--	255	488070	卖盘
09:33:00	19.14	-0.01	5	9570	卖盘
09:32:57	19.15	--	9	17235	买盘
09:32:54	19.15	--	112	214479	卖盘
09:32:48	19.15	-0.01	8	15319	中性盘
09:32:45	19.16	0.01	86	164776	买盘
09:32:42	19.15	0.01	29	55534	中性盘
09:32:30	19.14	-0.02	278	532092	卖盘
09:32:24	19.16	0.01	74	141784	买盘
09:32:21	19.15	--	21	40215	卖盘
09:32:18	19.15	--	4	7659	买盘
09:32:15	19.15	-0.01	6	11490	卖盘
09:32:12	19.16	--	82	157112	卖盘
09:32:09	19.16	0.01	21	40236	中性盘
09:32:06	19.15	-0.01	51	97665	卖盘
09:32:03	19.16	--	9	17244	卖盘
09:32:00	19.16	-0.01	4	7664	卖盘
09:31:51	19.17	--	5	9585	买盘
09:31:48	19.17	--	36	69012	买盘
09:31:45	19.17	--	10	19170	买盘
09:31:39	19.17	-0.03	80	153360	卖盘
09:31:36	19.2	0.01	52	99840	买盘
09:31:27	19.19	--	1	1919	卖盘
09:31:24	19.19	-0.01	15	28785	卖盘
09:31:21	19.2	0.02	6	11520	买盘
09:31:18	19.18	-0.02	30	57540	卖盘
09:31:15	19.2	0.01	24	46080	买盘
09:31:06	19.19	-0.02	26	49894	卖盘
09:30:54	19.21	-0.01	4	7684	卖盘
09:30:51	19.22	0.02	3	5766	买盘
09:30:42	19.2	--	32	61440	卖盘
09:30:36	19.2	-0.02	14	26880	卖盘
09:30:33	19.22	--	10	19220	买盘
09:30:18	19.22	--	10	19220	买盘
09:30:09	19.22	0.01	84	161448	中性盘
09:30:06	19.21	-0.04	199	382279	卖盘
09:30:03	19.25	--	5	9625	买盘
09:25:03	19.25	19.25	101	194425	买盘
