成交时间	成交价	价格变动	成交量(手)	成交额(元)	性质
15:00:03	21.25	0.01	1028	2184500	买盘
14:57:03	21.24	--	0	0	卖盘
14:57:00	21.24	--	19	40356	卖盘
14:56:57	21.24	--	36	76464	卖盘
14:56:48	21.24	0.01	99	210275	买盘
14:56:45	21.23	-0.01	15	31845	卖盘
14:56:39	21.24	0.01	3	6371	买盘
14:56:36	21.23	-0.01	7	14861	卖盘
14:56:33	21.24	0.01	35	74340	买盘
14:56:30	21.23	--	6	12738	卖盘
14:56:27	21.23	--	2	4246	卖盘
14:56:24	21.23	-0.01	15	31845	卖盘
14:56:21	21.24	0.01	10	22302	买盘
14:56:15	21.23	--	106	225038	卖盘
14:56:12	21.23	--	18	38214	卖盘
14:56:09	21.23	--	20	42460	卖盘
14:56:06	21.23	--	7	14861	卖盘
14:56:03	21.23	--	9	19107	卖盘
14:56:00	21.23	--	30	63690	卖盘
14:55:54	21.23	--	28	59444	卖盘
14:55:51	21.23	--	10	21230	卖盘
14:55:48	21.23	-0.01	0	1061	卖盘
14:55:45	21.24	0.02	147	313332	买盘
14:55:36	21.22	--	25	53050	买盘
14:55:30	21.22	-0.01	97	206895	卖盘
14:55:27	21.23	--	64	135872	卖盘
14:55:24	21.23	--	10	21230	卖盘
14:55:21	21.23	0.01	44	93412	买盘
14:55:18	21.22	--	20	42440	卖盘
14:55:15	21.22	--	10	21220	卖盘
14:55:12	21.22	--	20	42440	卖盘
14:55:03	21.22	-0.01	1	2122	卖盘
14:54:54	21.23	0.01	5	10615	买盘
14:54:51	21.22	-0.01	15	33930	卖盘
14:54:48	21.23	--	40	84920	卖盘
14:54:45	21.23	--	11	23353	卖盘
14:54:39	21.23	-0.01	15	31845	卖盘
14:54:36	21.24	0.01	50	106199	买盘
14:54:27	21.23	-0.01	212	450097	卖盘
14:54:18	21.24	-0.01	55	116819	卖盘
14:54:12	21.25	0.01	1	2125	买盘
14:54:09	21.24	--	43	91332	卖盘
14:54:03	21.24	--	50	106199	卖盘
14:54:00	21.24	-0.01	1	2124	卖盘
14:53:57	21.25	--	63	133875	买盘
14:53:45	21.25	--	13	27625	买盘
14:53:42	21.25	--	4	8500	卖盘
14:53:36	21.25	--	65	138125	卖盘
14:53:30	21.25	0.01	35	74375	买盘
14:53:27	21.24	-0.01	2	4248	卖盘
14:53:15	21.25	--	29	61625	卖盘
14:53:06	21.25	--	10	21250	卖盘
14:53:00	21.25	--	10	21250	卖盘
14:52:36	21.25	-0.03	2	4250	卖盘
14:52:33	21.28	0.03	10	21280	买盘
14:52:27	21.25	-0.01	51	108375	卖盘
14:52:15	21.26	--	8	17008	卖盘
14:52:12	21.26	--	2	4252	卖盘
14:52:09	21.26	0.01	5	10630	中性盘
14:51:39	21.25	--	5	10625	卖盘
14:51:15	21.25	--	25	53125	买盘
14:51:12	21.25	--	6	12750	买盘
14:51:09	21.25	--	28	59500	买盘
14:51:06	21.25	--	100	212500	买盘
14:51:03	21.25	--	16	34000	买盘
14:51:00	21.25	0.01	30	63750	买盘
14:50:57	21.24	-0.01	31	65844	卖盘
14:50:54	21.25	0.01	2	4250	买盘
14:50:48	21.24	--	10	21240	卖盘
14:50:45	21.24	--	10	22302	卖盘
14:50:42	21.24	0.01	4	8496	卖盘
14:50:39	21.23	--	8	16984	买盘
14:50:36	21.23	--	16	33968	买盘
14:50:33	21.23	0.01	6	12738	买盘
14:50:30	21.22	-0.03	1	3183	卖盘
14:50:21	21.25	0.02	200	425000	买盘
14:50:18	21.23	--	50	106150	卖盘
14:50:12	21.23	0.01	50	106150	中性盘
14:50:03	21.22	-0.02	2	4244	卖盘
14:50:00	21.24	0.01	50	106199	买盘
14:49:54	21.23	--	4	8492	买盘
14:49:51	21.23	--	32	67936	买盘
14:49:48	21.23	--	2	4246	买盘
14:49:42	21.23	--	9	19107	卖盘
14:49:33	21.23	0.01	1	2123	卖盘
14:49:24	21.22	-0.01	56	118832	卖盘
14:49:21	21.23	0.01	23	48829	买盘
14:49:06	21.22	--	8	16976	卖盘
14:49:03	21.22	--	2	4244	卖盘
14:49:00	21.22	-0.01	10	21220	卖盘
14:48:51	21.23	--	2	4246	买盘
14:48:42	21.23	--	8	16984	卖盘
14:48:39	21.23	--	5	10615	卖盘
14:48:36	21.23	--	5	10615	卖盘
14:48:33	21.23	--	21	44583	卖盘
14:48:27	21.23	-0.01	10	21230	卖盘
14:48:21	21.24	0.01	3	6371	买盘
14:48:18	21.23	0.01	1	2123	中性盘
14:47:45	21.22	-0.02	10	21220	卖盘
14:47:42	21.24	0.02	10	21240	买盘
14:47:36	21.22	--	2	4244	卖盘
14:47:24	21.22	-0.02	1	2122	卖盘
14:47:18	21.24	0.02	10	21240	买盘
14:47:15	21.22	-0.02	2	4244	卖盘
14:47:06	21.24	0.03	7	14867	买盘
14:46:54	21.21	-0.03	5	10605	卖盘
14:46:42	21.24	0.02	34	72216	买盘
14:46:39	21.22	--	3	6366	卖盘
14:46:21	21.22	-0.02	1	2122	卖盘
14:45:54	21.24	0.03	10	21240	中性盘
14:45:39	21.21	-0.04	5	10605	卖盘
14:45:33	21.25	0.03	100	212500	买盘
14:45:30	21.22	--	5	10610	买盘
14:45:18	21.22	--	10	21220	买盘
14:45:15	21.22	0.01	5	10610	买盘
14:45:09	21.21	-0.01	10	21210	卖盘
14:45:06	21.22	0.01	72	152784	买盘
14:45:00	21.21	--	1	2121	卖盘
14:44:42	21.21	0.01	20	42420	买盘
14:44:39	21.2	--	85	180200	卖盘
14:44:33	21.2	-0.01	10	21200	卖盘
14:44:24	21.21	0.01	6	12726	买盘
14:44:12	21.2	--	10	21200	卖盘
14:43:51	21.2	-0.01	10	21200	卖盘
14:43:45	21.21	--	10	21210	卖盘
14:43:42	21.21	--	2	4242	卖盘
14:43:39	21.21	--	30	63630	买盘
14:43:33	21.21	0.01	35	74235	买盘
14:43:27	21.2	--	2	4240	卖盘
14:43:21	21.2	--	11	23320	卖盘
14:43:15	21.2	--	2	4240	卖盘
14:43:12	21.2	--	4	8480	卖盘
14:43:03	21.2	--	20	42400	卖盘
14:43:00	21.2	--	2	4240	卖盘
14:42:54	21.2	--	10	21200	卖盘
14:42:48	21.2	--	23	48760	卖盘
14:42:36	21.2	--	13	27560	卖盘
14:42:33	21.2	--	11	23320	卖盘
14:42:24	21.2	--	3	6360	卖盘
14:42:18	21.2	--	18	38160	卖盘
14:42:15	21.2	--	24	50880	买盘
14:42:09	21.2	0.01	10	21200	中性盘
14:42:00	21.19	-0.02	18	38142	卖盘
14:41:54	21.21	0.02	1	2121	买盘
14:41:36	21.19	--	12	25428	卖盘
14:41:30	21.19	--	5	10595	卖盘
14:41:27	21.19	0.01	1	2119	买盘
14:41:03	21.18	--	2	4236	卖盘
14:41:00	21.18	--	1	2118	卖盘
14:40:57	21.18	--	4	9531	卖盘
14:40:48	21.18	-0.01	23	48714	卖盘
14:40:45	21.19	--	10	21190	买盘
14:40:36	21.19	0.01	6	12714	买盘
14:40:24	21.18	--	25	52950	卖盘
14:40:12	21.18	0.01	34	72605	买盘
14:40:00	21.17	0.01	5	10585	买盘
14:39:51	21.16	-0.01	14	29624	卖盘
14:39:45	21.17	--	2	4234	买盘
14:39:42	21.17	-0.01	10	21170	卖盘
14:39:36	21.18	--	12	25416	买盘
14:39:33	21.18	--	10	21180	买盘
14:39:27	21.18	-0.02	46	97428	卖盘
14:39:12	21.2	0.01	10	21200	买盘
14:39:09	21.19	-0.01	12	25428	卖盘
14:38:57	21.2	0.01	6	12720	买盘
14:38:48	21.19	-0.01	12	25428	卖盘
14:38:42	21.2	--	11	23320	买盘
14:38:27	21.2	--	8	16960	买盘
14:38:24	21.2	-0.01	51	110091	卖盘
14:38:09	21.21	-0.01	1	2121	卖盘
14:38:06	21.22	0.01	3	6366	买盘
14:37:42	21.21	-0.03	5	10753	卖盘
14:37:36	21.24	0.02	53	112571	买盘
14:37:18	21.22	--	2	4244	卖盘
14:37:03	21.22	-0.02	12	25464	卖盘
14:36:36	21.24	--	48	101951	卖盘
14:36:18	21.24	--	15	31859	买盘
14:35:57	21.24	--	37	78588	卖盘
14:35:42	21.24	--	23	48852	卖盘
14:35:39	21.24	--	15	31859	卖盘
14:35:27	21.24	-0.01	177	375948	卖盘
14:35:24	21.25	0.01	24	51000	买盘
14:35:18	21.24	-0.01	6	12743	卖盘
14:35:12	21.25	0.01	7	14875	买盘
14:35:09	21.24	-0.01	1	2124	卖盘
14:35:06	21.25	--	100	212500	买盘
14:35:00	21.25	--	27	57375	买盘
14:34:57	21.25	0.01	8	17000	买盘
14:34:54	21.24	-0.01	192	407807	卖盘
14:34:51	21.25	0.01	145	308125	买盘
14:34:48	21.24	-0.01	20	42480	卖盘
14:34:42	21.25	--	10	21250	买盘
14:34:30	21.25	--	11	23375	买盘
14:34:21	21.25	--	5	10625	买盘
14:34:18	21.25	--	124	263500	买盘
14:34:12	21.25	--	123	261375	买盘
14:34:00	21.25	--	10	21250	买盘
14:33:57	21.25	--	5	10625	买盘
14:33:54	21.25	--	2	4250	买盘
14:33:42	21.25	0.01	20	42500	买盘
14:33:39	21.24	-0.01	35	74340	卖盘
14:33:33	21.25	--	40	85000	买盘
14:33:30	21.25	0.01	13	27625	买盘
14:33:24	21.24	--	13	27611	卖盘
14:33:15	21.24	--	2	4248	卖盘
14:33:00	21.24	0.04	177	375948	买盘
14:32:51	21.2	0.01	52	110240	买盘
14:32:48	21.19	-0.01	30	63570	卖盘
14:32:45	21.2	--	5	10600	买盘
14:32:21	21.2	--	1	2120	买盘
14:32:18	21.2	0.01	4	8480	买盘
14:32:09	21.19	-0.01	10	21190	卖盘
14:32:06	21.2	--	9	19080	买盘
14:32:00	21.2	0.01	3	6360	买盘
14:31:51	21.19	-0.01	12	25428	卖盘
14:31:33	21.2	--	15	31800	买盘
14:31:30	21.2	-0.01	17	36040	卖盘
14:31:24	21.21	--	5	10605	买盘
14:31:15	21.21	--	14	29694	买盘
14:30:33	21.21	--	15	31815	买盘
14:30:27	21.21	--	5	10605	买盘
14:30:21	21.21	0.01	1	2121	买盘
14:30:12	21.2	-0.01	5	10600	卖盘
14:30:06	21.21	--	8	16968	卖盘
14:29:54	21.21	--	6	12726	卖盘
14:29:48	21.21	--	8	16968	卖盘
14:29:12	21.21	-0.01	6	12726	卖盘
14:29:00	21.22	--	2	4244	买盘
14:28:57	21.22	--	4	8488	买盘
14:28:48	21.22	-0.02	11	23342	卖盘
14:28:39	21.24	0.02	12	25487	买盘
14:28:21	21.22	0.01	10	21220	中性盘
14:28:12	21.21	-0.01	50	106050	卖盘
14:28:06	21.22	0.01	5	10610	买盘
14:27:42	21.21	--	6	13786	买盘
14:27:36	21.21	--	3	6363	买盘
14:27:30	21.21	0.01	30	63630	买盘
14:27:18	21.2	--	1	2120	买盘
14:27:15	21.2	--	1	2120	买盘
14:27:12	21.2	--	2	4240	买盘
14:27:00	21.2	0.01	30	63600	买盘
14:26:51	21.19	-0.01	53	112307	买盘
14:26:39	21.2	0.01	50	106000	买盘
14:26:33	21.19	-0.01	47	99593	卖盘
14:26:27	21.2	--	50	106000	买盘
14:25:48	21.2	0.01	3	6360	买盘
14:25:39	21.19	0.03	2	4238	买盘
14:25:24	21.16	-0.01	2	4232	卖盘
14:25:21	21.17	--	5	10585	买盘
14:25:12	21.17	-0.03	15	31755	卖盘
14:25:00	21.2	0.04	3	6360	买盘
14:24:48	21.16	--	68	143888	卖盘
14:24:27	21.16	-0.01	128	270848	卖盘
14:24:24	21.17	0.01	22	46574	买盘
14:24:09	21.16	-0.01	23	48668	卖盘
14:23:51	21.17	--	5	10585	买盘
14:23:48	21.17	--	35	74095	卖盘
14:23:39	21.17	--	1	2117	卖盘
14:23:33	21.17	--	23	48691	卖盘
14:23:30	21.17	--	3	6351	卖盘
14:23:27	21.17	--	5	10585	卖盘
14:23:24	21.17	-0.01	2	4234	卖盘
14:23:21	21.18	--	15	31770	买盘
14:23:12	21.18	--	10	21180	卖盘
14:23:09	21.18	--	41	86838	卖盘
14:22:42	21.18	--	1	2118	买盘
14:22:39	21.18	--	19	40242	卖盘
14:22:33	21.18	--	20	42360	卖盘
14:22:21	21.18	--	5	10590	卖盘
14:22:18	21.18	-0.02	20	42360	卖盘
14:22:12	21.2	--	16	33920	买盘
14:22:00	21.2	--	8	16960	卖盘
14:21:48	21.2	--	7	14840	卖盘
14:21:36	21.2	0.01	12	25440	买盘
14:21:33	21.19	-0.01	5	10595	卖盘
14:21:18	21.2	-0.01	110	233200	卖盘
14:21:15	21.21	0.01	10	21210	买盘
14:21:12	21.2	--	10	21200	卖盘
14:20:51	21.2	--	80	169600	中性盘
14:20:45	21.2	-0.01	20	42400	卖盘
14:20:15	21.21	-0.01	28	59388	卖盘
14:20:12	21.22	--	2	4244	买盘
14:20:00	21.22	-0.01	28	59416	卖盘
14:19:54	21.23	0.01	10	21230	买盘
14:19:45	21.22	-0.01	8	16976	卖盘
14:19:42	21.23	--	4	8492	卖盘
14:19:39	21.23	--	1	2123	卖盘
14:19:33	21.23	-0.02	10	21230	卖盘
14:19:24	21.25	--	5	10625	买盘
14:19:12	21.25	-0.01	5	10625	卖盘
14:19:09	21.26	--	16	34016	买盘
14:18:51	21.26	--	1	2126	买盘
14:18:48	21.26	0.01	2	4252	买盘
14:18:39	21.25	0.03	12	25500	买盘
14:18:24	21.22	--	50	106100	卖盘
14:18:18	21.22	--	6	12732	卖盘
14:18:09	21.22	--	1	2143	买盘
14:18:06	21.22	--	21	44562	买盘
14:18:03	21.22	0.01	55	116710	买盘
14:17:57	21.21	-0.01	6	12726	中性盘
14:17:51	21.22	0.02	41	87002	买盘
14:17:45	21.2	-0.02	1040	2204800	卖盘
14:17:33	21.22	--	9	19098	买盘
14:17:27	21.22	0.02	5	10610	买盘
14:17:21	21.2	-0.01	143	303160	卖盘
14:17:18	21.21	-0.01	16	33936	卖盘
14:17:15	21.22	0.01	30	63660	买盘
14:17:12	21.21	0.01	62	131502	买盘
14:17:03	21.2	--	11	23320	买盘
14:16:51	21.2	0.02	19	40280	买盘
14:16:39	21.18	--	6	12708	卖盘
14:16:36	21.18	--	19	40242	买盘
14:16:30	21.18	-0.02	41	86838	卖盘
14:16:06	21.2	--	13	27560	卖盘
14:16:03	21.2	--	35	74200	卖盘
14:16:00	21.2	--	1	2120	卖盘
14:15:57	21.2	--	15	31800	卖盘
14:15:54	21.2	-0.01	60	127200	卖盘
14:15:48	21.21	-0.01	30	63630	卖盘
14:15:39	21.22	-0.03	43	91246	卖盘
14:15:36	21.25	0.01	17	36125	买盘
14:15:30	21.24	-0.01	4	9558	买盘
14:15:06	21.25	-0.01	8	18062	卖盘
14:14:57	21.26	0.01	6	12756	买盘
14:14:51	21.25	-0.01	21	44625	卖盘
14:14:48	21.26	--	1	2126	卖盘
14:14:45	21.26	--	3	6378	卖盘
14:14:42	21.26	0.01	2	4252	中性盘
14:14:33	21.25	-0.01	45	95625	卖盘
14:14:18	21.26	-0.01	5	10630	卖盘
14:14:03	21.27	-0.01	50	106350	卖盘
14:13:42	21.28	--	2	5320	买盘
14:13:36	21.28	--	7	15960	卖盘
14:13:27	21.28	-0.01	30	63840	卖盘
14:13:24	21.29	--	2	4258	卖盘
14:13:21	21.29	-0.01	12	25548	卖盘
14:13:15	21.3	0.01	3	6390	买盘
14:13:09	21.29	-0.01	29	61741	卖盘
14:13:06	21.3	--	2	4260	买盘
14:12:51	21.3	--	10	21300	买盘
14:12:36	21.3	--	13	27690	买盘
14:12:30	21.3	0.01	15	31950	买盘
14:12:27	21.29	--	62	131998	卖盘
14:12:18	21.29	--	6	12774	卖盘
14:12:15	21.29	-0.01	20	42580	卖盘
14:11:51	21.3	0.01	5	10650	买盘
14:11:45	21.29	-0.01	10	21290	卖盘
14:11:33	21.3	--	40	85200	买盘
14:11:18	21.3	--	26	55380	买盘
14:11:06	21.3	--	17	37999	卖盘
14:10:57	21.3	0.01	0	340	买盘
14:10:54	21.29	-0.01	10	21290	卖盘
14:10:48	21.3	0.01	3	6390	买盘
14:10:45	21.29	-0.02	26	57142	卖盘
14:10:36	21.31	0.01	8	17048	买盘
14:10:21	21.3	--	4	8520	卖盘
14:10:18	21.3	--	1	2130	卖盘
14:10:15	21.3	--	18	38680	买盘
14:09:57	21.3	-0.01	21	46519	卖盘
14:09:48	21.31	0.01	50	106890	买盘
14:09:45	21.3	-0.01	63	135979	卖盘
14:09:42	21.31	0.01	5	10655	买盘
14:09:39	21.3	-0.01	59	125670	卖盘
14:09:30	21.31	--	2	4262	买盘
14:09:24	21.31	--	20	42620	买盘
14:09:12	21.31	--	22	46882	买盘
14:09:09	21.31	0.01	30	63929	买盘
14:09:06	21.3	--	10	21300	卖盘
14:09:03	21.3	--	2	4260	卖盘
14:08:57	21.3	--	10	21300	卖盘
14:08:51	21.3	--	100	213000	卖盘
14:08:42	21.3	--	57	121410	卖盘
14:08:33	21.3	-0.01	32	68500	卖盘
14:08:21	21.31	-0.02	112	240462	卖盘
14:08:15	21.33	-0.01	3	6398	卖盘
14:08:03	21.34	--	18	38412	卖盘
14:07:51	21.34	--	2	4268	卖盘
14:07:45	21.34	-0.02	10	21340	卖盘
14:07:27	21.36	--	1	2136	卖盘
14:07:24	21.36	--	5	10680	卖盘
14:07:21	21.36	--	11	23496	卖盘
14:07:18	21.36	--	1	2136	卖盘
14:07:12	21.36	--	11	23496	买盘
14:07:09	21.36	--	7	14952	卖盘
14:07:03	21.36	--	5	10680	卖盘
14:06:57	21.36	-0.01	8	17088	中性盘
14:06:51	21.37	0.04	25	53425	买盘
14:06:48	21.33	--	20	42660	卖盘
14:06:45	21.33	-0.04	10	21671	卖盘
14:06:39	21.37	0.04	17	36329	买盘
14:06:24	21.33	-0.05	10	21330	卖盘
14:06:15	21.38	--	19	40622	买盘
14:06:03	21.38	0.05	29	62002	买盘
14:05:57	21.33	--	2	4266	买盘
14:05:54	21.33	-0.05	31	66123	卖盘
14:05:51	21.38	0.04	192	410496	买盘
14:05:48	21.34	0.01	3	6402	买盘
14:05:45	21.33	--	3	6398	卖盘
14:05:33	21.33	--	15	31994	卖盘
14:05:27	21.33	--	4	8532	买盘
14:05:18	21.33	0.03	2	4266	买盘
14:05:00	21.3	--	103	219390	买盘
14:04:51	21.3	-0.01	97	206610	卖盘
14:04:48	21.31	0.01	20	42620	中性盘
14:04:30	21.3	--	14	29820	卖盘
14:04:24	21.3	--	2	4260	卖盘
14:04:21	21.3	--	20	42600	卖盘
14:04:18	21.3	-0.01	59	125670	卖盘
14:04:15	21.31	--	5	10655	买盘
14:04:12	21.31	--	10	21310	买盘
14:04:00	21.31	-0.02	30	63929	卖盘
14:03:45	21.33	--	15	31994	卖盘
14:03:42	21.33	--	10	21330	卖盘
14:03:39	21.33	--	1	2133	卖盘
14:03:36	21.33	-0.01	24	51191	卖盘
14:03:30	21.34	--	1	2134	买盘
14:03:09	21.34	-0.01	11	23474	卖盘
14:02:54	21.35	--	1	2135	卖盘
14:02:51	21.35	--	10	21350	卖盘
14:02:39	21.35	-0.01	5	10675	卖盘
14:02:33	21.36	--	2	4272	买盘
14:02:30	21.36	-0.01	1	2136	卖盘
14:02:21	21.37	-0.01	14	29918	中性盘
14:02:12	21.38	--	15	32070	买盘
14:01:45	21.38	0.01	34	72692	买盘
14:01:42	21.37	--	13	27781	买盘
14:01:39	21.37	--	5	10685	买盘
14:01:36	21.37	-0.01	40	85480	卖盘
14:01:30	21.38	-0.01	20	42760	买盘
14:01:27	21.39	0.02	2	4278	买盘
14:01:18	21.37	-0.02	20	42740	卖盘
14:01:12	21.39	--	3	6417	买盘
14:01:06	21.39	0.02	3	6417	买盘
14:00:57	21.37	-0.02	21	44877	卖盘
14:00:48	21.39	--	47	100533	买盘
14:00:45	21.39	0.03	12	25668	买盘
14:00:42	21.36	--	10	21360	卖盘
14:00:39	21.36	-0.04	2	4272	卖盘
14:00:33	21.4	0.03	6	12840	买盘
14:00:18	21.37	-0.03	13	27781	卖盘
14:00:12	21.4	--	3	6420	买盘
14:00:09	21.4	0.03	3	6420	买盘
14:00:06	21.37	-0.03	5	10685	卖盘
14:00:03	21.4	--	20	42800	买盘
14:00:00	21.4	-0.01	10	21400	中性盘
13:59:57	21.41	0.01	5	10705	买盘
13:59:48	21.4	--	15	32099	买盘
13:59:45	21.4	0.02	14	29959	买盘
13:59:42	21.38	0.03	3	6414	中性盘
13:59:36	21.35	-0.07	66	140910	卖盘
13:59:33	21.42	0.02	45	96390	买盘
13:59:21	21.4	-0.04	43	92020	中性盘
13:59:12	21.44	0.04	135	289440	买盘
13:59:09	21.4	-0.02	3	6420	买盘
13:59:06	21.42	--	2	4284	卖盘
13:59:03	21.42	-0.01	7	14994	卖盘
13:59:00	21.43	-0.01	65	139295	卖盘
13:58:57	21.44	-0.01	42	90048	买盘
13:58:54	21.45	0.01	23	49335	买盘
13:58:51	21.44	-0.01	109	233696	卖盘
13:58:48	21.45	0.01	9	19305	买盘
13:58:45	21.44	-0.01	50	107200	卖盘
13:58:42	21.45	--	41	87945	卖盘
13:58:39	21.45	--	3	6435	卖盘
13:58:36	21.45	0.02	346	742170	买盘
13:58:33	21.43	--	34	72862	卖盘
13:58:30	21.43	--	8	17144	卖盘
13:58:27	21.43	0.03	335	717905	买盘
13:58:24	21.4	-0.02	8	17120	卖盘
13:58:21	21.42	0.01	8	17136	买盘
13:58:18	21.41	--	10	21410	买盘
13:58:15	21.41	0.01	3	6423	买盘
13:58:03	21.4	0.07	332	710480	买盘
13:58:00	21.33	--	1	2133	买盘
13:57:45	21.33	0.02	30	63989	买盘
13:57:39	21.31	--	5	10655	买盘
13:57:36	21.31	0.01	20	42620	买盘
13:57:30	21.3	--	9	19170	卖盘
13:57:24	21.3	0.02	189	403890	买盘
13:57:12	21.28	0.07	214	456456	买盘
13:56:51	21.21	-0.04	5	10605	卖盘
13:56:48	21.25	-0.01	9	20187	卖盘
13:56:42	21.26	0.01	10	21260	买盘
13:56:39	21.25	--	6	12750	卖盘
13:56:27	21.25	0.05	51	109437	买盘
13:56:06	21.2	--	9	19080	卖盘
13:56:03	21.2	--	10	21200	卖盘
13:55:36	21.2	--	5	10600	卖盘
13:55:33	21.2	-0.03	8	16960	卖盘
13:55:30	21.23	--	5	10615	买盘
13:55:27	21.23	--	10	21230	买盘
13:55:12	21.23	--	5	10615	买盘
13:54:57	21.23	--	10	21230	买盘
13:54:33	21.23	--	3	6369	买盘
13:54:27	21.23	--	14	30783	卖盘
13:54:21	21.23	--	15	32906	买盘
13:54:12	21.23	--	6	13799	卖盘
13:54:03	21.23	--	1	2123	卖盘
13:53:57	21.23	-0.02	12	26537	卖盘
13:53:51	21.25	--	1	2125	中性盘
13:53:42	21.25	-0.01	2	4250	卖盘
13:53:30	21.26	--	12	25512	卖盘
13:53:21	21.26	--	8	17008	买盘
13:52:54	21.26	--	13	27638	卖盘
13:52:51	21.26	-0.01	11	23386	卖盘
13:52:45	21.27	--	4	8508	买盘
13:52:42	21.27	0.01	1	2127	买盘
13:52:39	21.26	--	1	2126	卖盘
13:52:36	21.26	-0.02	1	2126	中性盘
13:52:30	21.28	0.03	12	25536	买盘
13:52:27	21.25	-0.03	36	76500	卖盘
13:52:18	21.28	--	1	2128	买盘
13:52:15	21.28	-0.01	3	6384	卖盘
13:52:12	21.29	0.01	17	36193	买盘
13:52:09	21.28	-0.01	12	25536	卖盘
13:52:06	21.29	--	41	87289	买盘
13:52:03	21.29	0.01	27	57483	买盘
13:52:00	21.28	-0.01	2	4256	卖盘
13:51:57	21.29	--	60	127740	买盘
13:51:54	21.29	--	7	14903	买盘
13:51:51	21.29	0.01	2	4258	买盘
13:51:48	21.28	-0.01	17	36176	卖盘
13:51:45	21.29	-0.01	1	2129	卖盘
13:51:42	21.3	0.01	53	112890	买盘
13:51:33	21.29	-0.01	1	2129	买盘
13:51:30	21.3	--	50	106500	买盘
13:51:24	21.3	--	114	242820	买盘
13:51:18	21.3	--	97	206610	买盘
13:51:15	21.3	--	22	46860	买盘
13:51:12	21.3	0.01	62	132060	买盘
13:51:09	21.29	--	43	91547	卖盘
13:51:06	21.29	--	25	53225	卖盘
13:51:03	21.29	--	23	48967	买盘
13:51:00	21.29	0.01	21	44709	买盘
13:50:51	21.28	0.02	223	474544	买盘
13:50:48	21.26	0.01	12	25512	买盘
13:50:39	21.25	--	4	8500	卖盘
13:50:36	21.25	--	18	38250	买盘
13:50:33	21.25	--	4	8500	买盘
13:50:27	21.25	--	50	106250	买盘
13:50:21	21.25	0.04	100	212500	买盘
13:50:15	21.21	-0.03	10	21210	卖盘
13:50:12	21.24	0.03	11	23364	买盘
13:50:06	21.21	--	50	106050	卖盘
13:50:00	21.21	--	28	59388	买盘
13:49:57	21.21	--	12	25452	买盘
13:49:51	21.21	--	23	48783	买盘
13:49:48	21.21	--	1	2121	买盘
13:49:45	21.21	--	12	25452	买盘
13:49:42	21.21	--	17	36057	买盘
13:49:33	21.21	--	6	12726	买盘
13:49:30	21.21	-0.04	1	2121	卖盘
13:49:27	21.25	--	22	46750	买盘
13:49:21	21.25	--	21	44625	卖盘
13:49:18	21.25	--	1	2125	卖盘
13:49:15	21.25	--	11	23375	卖盘
13:49:12	21.25	-0.01	10	21250	卖盘
13:49:09	21.26	0.01	15	31890	买盘
13:48:57	21.25	--	4	8500	买盘
13:48:54	21.25	--	1	2125	买盘
13:48:48	21.25	--	9	19125	卖盘
13:48:39	21.25	--	1	2125	卖盘
13:48:36	21.25	0.04	10	21250	买盘
13:48:30	21.21	0.01	7	14847	卖盘
13:48:24	21.2	--	21	44520	买盘
13:48:21	21.2	-0.06	30	63600	中性盘
13:48:15	21.26	0.05	28	59528	买盘
13:48:12	21.21	--	1	2121	买盘
13:48:06	21.21	0.02	300	636300	买盘
13:48:00	21.19	0.01	4	8476	买盘
13:47:57	21.18	0.02	7	14826	买盘
13:47:51	21.16	-0.02	4	8464	卖盘
13:47:48	21.18	0.02	20	42360	买盘
13:47:45	21.16	--	65	137540	买盘
13:47:42	21.16	0.01	3	6348	买盘
13:47:33	21.15	--	15	31724	卖盘
13:47:30	21.15	--	34	71910	买盘
13:47:27	21.15	--	27	57104	买盘
13:47:24	21.15	--	58	122669	买盘
13:47:18	21.15	--	66	139590	买盘
13:47:15	21.15	--	7	14804	买盘
13:47:12	21.15	-0.01	18	38070	卖盘
13:47:09	21.16	0.01	10	21160	买盘
13:47:03	21.15	-0.01	15	31724	卖盘
13:47:00	21.16	--	5	10580	卖盘
13:46:57	21.16	--	5	10580	买盘
13:46:51	21.16	--	6	12696	买盘
13:46:48	21.16	--	19	40204	买盘
13:46:42	21.16	--	12	25392	买盘
13:46:39	21.16	--	14	29624	卖盘
13:46:30	21.16	0.01	7	14812	买盘
13:46:27	21.15	-0.01	12	25380	卖盘
13:46:24	21.16	--	5	10580	买盘
13:46:21	21.16	--	8	16928	买盘
13:46:18	21.16	--	3	6348	买盘
13:46:15	21.16	0.01	14	29624	买盘
13:46:03	21.15	0.03	6	12690	买盘
13:45:45	21.12	--	11	23232	卖盘
13:45:42	21.12	0.01	12	25344	买盘
13:45:30	21.11	--	25	52796	买盘
13:45:27	21.11	--	10	21110	买盘
13:45:24	21.11	--	20	42220	买盘
13:45:21	21.11	--	109	230099	买盘
13:45:15	21.11	--	1	2111	买盘
13:45:06	21.11	0.02	2	4222	买盘
13:45:03	21.09	-0.02	50	105450	卖盘
13:45:00	21.11	0.01	30	63330	买盘
13:44:54	21.1	--	9	18990	买盘
13:44:51	21.1	--	55	116050	买盘
13:44:48	21.1	--	1	2110	买盘
13:44:45	21.1	0.01	64	135040	买盘
13:44:39	21.09	--	4	8436	卖盘
13:44:36	21.09	-0.01	5	10545	买盘
13:44:33	21.1	0.01	33	69630	卖盘
13:44:30	21.09	--	8	16872	买盘
13:44:27	21.09	--	56	118104	卖盘
13:44:24	21.09	-0.02	26	54834	卖盘
13:44:21	21.11	0.02	48	101328	买盘
13:44:18	21.09	--	7	14763	买盘
13:44:15	21.09	-0.01	43	90687	卖盘
13:44:12	21.1	0.01	3	6330	买盘
13:44:09	21.09	-0.01	15	31635	卖盘
13:44:00	21.1	--	2	4220	买盘
13:43:57	21.1	-0.01	67	141370	卖盘
13:43:54	21.11	0.01	18	37998	买盘
13:43:51	21.1	--	126	265860	卖盘
13:43:48	21.1	--	100	211000	卖盘
13:43:39	21.1	--	30	63300	卖盘
13:43:33	21.1	-0.01	228	481080	卖盘
13:43:30	21.11	--	4	8444	卖盘
13:43:27	21.11	--	76	160436	卖盘
13:43:24	21.11	--	21	44331	卖盘
13:43:21	21.11	-0.01	72	151992	卖盘
13:43:12	21.12	--	172	364320	卖盘
13:43:03	21.12	--	52	109824	卖盘
13:42:57	21.12	-0.01	8	16896	卖盘
13:42:54	21.13	--	35	75011	卖盘
13:42:51	21.13	--	2	4226	卖盘
13:42:48	21.13	--	37	78181	卖盘
13:42:45	21.13	--	15	31695	卖盘
13:42:42	21.13	--	11	23243	卖盘
13:42:39	21.13	--	3	6339	卖盘
13:42:30	21.13	--	1	2113	卖盘
13:42:18	21.13	-0.03	3	6339	卖盘
13:42:06	21.16	--	35	74060	卖盘
13:42:03	21.16	--	20	42320	卖盘
13:42:00	21.16	-0.01	21	44436	卖盘
13:41:57	21.17	0.01	13	27521	买盘
13:41:51	21.16	0.03	23	48668	中性盘
13:41:48	21.13	-0.03	173	365549	卖盘
13:41:45	21.16	--	9	19044	买盘
13:41:39	21.16	0.01	14	29624	买盘
13:41:36	21.15	--	5	10575	卖盘
13:41:18	21.15	-0.01	10	21150	卖盘
13:41:12	21.16	--	16	33856	卖盘
13:41:06	21.16	-0.01	2	4232	卖盘
13:40:48	21.17	--	31	65627	买盘
13:40:45	21.17	--	6	12702	买盘
13:40:24	21.17	--	10	21170	卖盘
13:40:18	21.17	--	119	251923	卖盘
13:39:48	21.17	0.02	5	10585	买盘
13:39:33	21.15	0.01	10	21150	买盘
13:39:27	21.14	--	1	2114	卖盘
13:39:21	21.14	--	14	29596	卖盘
13:39:18	21.14	--	94	198716	买盘
13:39:15	21.14	--	1	2114	买盘
13:39:12	21.14	--	5	10570	买盘
13:39:06	21.14	--	53	112042	卖盘
13:38:57	21.14	--	1	2114	卖盘
13:38:54	21.14	--	7	14798	卖盘
13:38:48	21.14	-0.01	4	8456	卖盘
13:38:45	21.15	0.01	5	10575	卖盘
13:38:42	21.14	0.01	10	21140	卖盘
13:38:33	21.13	-0.01	17	35921	卖盘
13:38:30	21.14	-0.01	12	26425	卖盘
13:38:24	21.15	0.01	76	160740	买盘
13:38:21	21.14	--	33	69762	买盘
13:38:18	21.14	--	45	95130	买盘
13:38:12	21.14	--	2	4228	买盘
13:38:09	21.14	0.01	2	4228	买盘
13:38:00	21.13	-0.01	10	21130	卖盘
13:37:57	21.14	--	2	4228	买盘
13:37:51	21.14	--	8	16912	买盘
13:37:39	21.14	-0.01	8	16912	中性盘
13:37:36	21.15	0.02	5	10575	买盘
13:37:30	21.13	-0.02	136	287368	卖盘
13:37:27	21.15	--	15	31724	买盘
13:37:24	21.15	--	1	2115	买盘
13:37:21	21.15	-0.01	7	14804	卖盘
13:37:18	21.16	0.01	20	42320	买盘
13:37:12	21.15	-0.01	21	44415	卖盘
13:37:09	21.16	0.01	20	42320	买盘
13:36:57	21.15	--	9	19035	买盘
13:36:54	21.15	--	25	52875	买盘
13:36:51	21.15	--	20	42300	买盘
13:36:45	21.15	0.02	7	14804	买盘
13:36:36	21.13	--	1	2113	卖盘
13:36:33	21.13	-0.02	10	21130	卖盘
13:36:30	21.15	0.02	1	2115	买盘
13:36:27	21.13	-0.02	10	21130	卖盘
13:36:24	21.15	0.02	15	31724	买盘
13:36:15	21.13	--	68	143684	卖盘
13:36:09	21.13	--	22	46486	买盘
13:36:06	21.13	--	9	19017	买盘
13:36:03	21.13	--	6	12678	买盘
13:35:57	21.13	--	17	35921	买盘
13:35:54	21.13	--	11	23243	买盘
13:35:51	21.13	--	20	43316	买盘
13:35:45	21.13	0.01	11	23243	买盘
13:35:42	21.12	-0.01	11	23232	卖盘
13:35:39	21.13	--	19	40147	买盘
13:35:33	21.13	0.01	19	40147	买盘
13:35:30	21.12	--	45	95040	卖盘
13:35:27	21.12	-0.01	10	21120	卖盘
13:35:21	21.13	--	3	6339	买盘
13:35:18	21.13	--	5	10565	买盘
13:35:15	21.13	--	36	76068	卖盘
13:35:09	21.13	--	45	95085	卖盘
13:34:57	21.13	-0.02	79	166927	卖盘
13:34:51	21.15	--	45	95175	买盘
13:34:48	21.15	--	13	27494	买盘
13:34:39	21.15	0.01	25	52875	买盘
13:34:33	21.14	-0.01	50	105700	卖盘
13:34:30	21.15	--	1	2115	买盘
13:34:21	21.15	--	30	63449	卖盘
13:34:18	21.15	--	26	54989	卖盘
13:34:15	21.15	--	73	154395	卖盘
13:34:12	21.15	--	33	69795	卖盘
13:34:06	21.15	--	2	4230	卖盘
13:34:03	21.15	-0.01	110	232649	卖盘
13:33:57	21.16	--	41	86756	买盘
13:33:48	21.16	--	32	68685	卖盘
13:33:45	21.16	--	20	42320	卖盘
13:33:42	21.16	--	19	40204	卖盘
13:33:36	21.16	-0.01	93	196788	卖盘
13:33:15	21.17	0.01	10	21170	买盘
13:33:09	21.16	-0.01	20	42320	卖盘
13:33:03	21.17	--	3	6351	买盘
13:32:54	21.17	--	15	31755	卖盘
13:32:51	21.17	--	11	23287	卖盘
13:32:30	21.17	-0.01	40	84680	卖盘
13:32:21	21.18	0.01	5	10590	买盘
13:32:18	21.17	-0.01	40	84680	卖盘
13:32:15	21.18	-0.01	20	42360	中性盘
13:31:57	21.19	--	2	4238	买盘
13:31:54	21.19	0.01	5	10595	买盘
13:31:48	21.18	-0.01	40	84720	卖盘
13:31:42	21.19	--	5	10595	买盘
13:31:21	21.19	--	28	59332	卖盘
13:30:54	21.19	-0.01	20	42380	卖盘
13:30:42	21.2	-0.01	1	2120	中性盘
13:30:24	21.21	--	8	16968	买盘
13:30:21	21.21	-0.02	5	10605	卖盘
13:30:18	21.23	-0.01	6	13799	卖盘
13:30:09	21.24	0.01	14	29735	买盘
13:30:06	21.23	0.02	2	4246	买盘
13:29:54	21.21	--	5	10605	卖盘
13:29:24	21.21	-0.04	30	63630	卖盘
13:29:21	21.25	0.03	16	34000	买盘
13:29:18	21.22	--	39	82758	买盘
13:29:15	21.22	--	15	31830	买盘
13:29:12	21.22	--	16	33952	买盘
13:29:03	21.22	0.01	20	42440	买盘
13:28:51	21.21	--	14	29694	买盘
13:28:48	21.21	--	79	167559	买盘
13:28:42	21.21	0.01	11	23331	买盘
13:28:39	21.2	-0.01	1	2120	卖盘
13:28:30	21.21	--	7	14847	买盘
13:28:15	21.21	--	5	10605	买盘
13:28:12	21.21	0.01	6	12726	买盘
13:27:45	21.2	--	10	21200	卖盘
13:27:24	21.2	0.01	40	84800	买盘
13:27:18	21.19	--	1	2119	买盘
13:27:15	21.19	--	13	27547	买盘
13:27:03	21.19	--	5	10595	买盘
13:26:54	21.19	--	1	2119	卖盘
13:26:48	21.19	-0.01	10	21190	卖盘
13:26:39	21.2	--	2	4240	买盘
13:26:21	21.2	--	30	63600	卖盘
13:26:18	21.2	--	5	10600	卖盘
13:26:15	21.2	--	10	21200	卖盘
13:26:09	21.2	0.01	55	116600	买盘
13:25:54	21.19	0.01	11	23309	买盘
13:25:51	21.18	--	10	21180	买盘
13:25:36	21.18	-0.01	6	12708	卖盘
13:25:33	21.19	--	4	8476	买盘
13:25:27	21.19	--	4	8476	买盘
13:25:21	21.19	0.01	6	12714	买盘
13:25:12	21.18	-0.01	5	10590	卖盘
13:25:03	21.19	0.03	12	25428	买盘
13:24:48	21.16	--	21	44436	卖盘
13:24:39	21.16	-0.01	50	105800	卖盘
13:24:33	21.17	0.01	4	8468	买盘
13:24:27	21.16	--	20	42320	卖盘
13:23:54	21.16	-0.01	1	2116	卖盘
13:23:51	21.17	--	10	21170	买盘
13:23:48	21.17	0.01	5	10585	买盘
13:23:30	21.16	-0.01	3	6348	卖盘
13:23:24	21.17	0.01	20	42340	买盘
13:23:21	21.16	-0.01	40	84640	卖盘
13:23:06	21.17	0.01	7	14819	买盘
13:23:03	21.16	-0.01	40	84640	卖盘
13:23:00	21.17	--	25	52925	买盘
13:22:54	21.17	--	4	8468	买盘
13:22:48	21.17	--	3	6351	买盘
13:22:36	21.17	0.01	97	205349	买盘
13:22:30	21.16	-0.01	40	84640	卖盘
13:22:27	21.17	-0.03	55	116435	卖盘
13:22:21	21.2	0.03	10	21200	买盘
13:22:15	21.17	--	17	35989	卖盘
13:22:09	21.17	--	32	67744	卖盘
13:22:03	21.17	--	35	74095	买盘
13:21:54	21.17	--	8	16936	买盘
13:21:48	21.17	0.01	1	2117	买盘
13:21:45	21.16	-0.01	130	275080	卖盘
13:21:36	21.17	0.01	11	23287	买盘
13:21:30	21.16	-0.01	0	1058	卖盘
13:21:27	21.17	--	14	29638	买盘
13:21:21	21.17	0.01	50	105850	买盘
13:21:18	21.16	-0.01	5	10580	卖盘
13:21:15	21.17	0.01	100	211700	买盘
13:21:06	21.16	-0.01	1	2116	卖盘
13:21:00	21.17	--	5	10585	买盘
13:20:54	21.17	--	10	21170	买盘
13:20:48	21.17	--	76	160892	卖盘
13:20:33	21.17	--	32	67744	卖盘
13:19:48	21.17	--	11	23287	买盘
13:19:39	21.17	--	2	4234	买盘
13:19:36	21.17	--	6	12702	卖盘
13:19:30	21.17	0.01	10	21170	中性盘
13:18:18	21.16	--	23	48668	卖盘
13:18:06	21.16	-0.05	10	21160	卖盘
13:18:00	21.21	0.05	51	108255	买盘
13:17:51	21.16	-0.04	494	1047335	卖盘
13:17:27	21.2	-0.01	3	6360	卖盘
13:17:18	21.21	--	5	10605	买盘
13:17:12	21.21	--	11	23331	买盘
13:16:42	21.21	--	30	63630	买盘
13:16:27	21.21	--	34	72114	卖盘
13:16:12	21.21	-0.01	69	146349	卖盘
13:16:00	21.22	0.01	16	33952	买盘
13:15:54	21.21	-0.01	5	10605	卖盘
13:15:45	21.22	--	3	6366	买盘
13:15:36	21.22	-0.01	23	48806	卖盘
13:15:33	21.23	0.01	2	4246	买盘
13:15:18	21.22	-0.02	63	133686	卖盘
13:14:57	21.24	0.02	10	21240	买盘
13:14:54	21.22	--	15	31830	卖盘
13:14:36	21.22	-0.03	15	31830	卖盘
13:14:33	21.25	0.01	2	4250	买盘
13:14:24	21.24	--	30	63719	卖盘
13:14:15	21.24	--	65	138060	买盘
13:13:45	21.24	--	1	2124	买盘
13:13:42	21.24	--	2	4248	卖盘
13:13:27	21.24	--	15	31859	卖盘
13:12:45	21.24	-0.01	10	21240	卖盘
13:12:36	21.25	--	6	12750	卖盘
13:12:30	21.25	--	15	31875	买盘
13:12:15	21.25	-0.01	4	8500	中性盘
13:11:36	21.26	0.03	13	27638	买盘
13:11:24	21.23	0.01	5	10615	买盘
13:11:12	21.22	-0.01	13	27586	卖盘
13:11:03	21.23	--	30	63690	买盘
13:11:00	21.23	--	10	21230	卖盘
13:10:57	21.23	--	5	10615	买盘
13:10:54	21.23	--	5	10615	买盘
13:10:45	21.23	--	10	21230	买盘
13:10:42	21.23	0.01	9	19107	买盘
13:10:27	21.22	--	15	31830	卖盘
13:10:21	21.22	-0.01	4	8488	卖盘
13:09:51	21.23	--	39	82797	买盘
13:09:36	21.23	--	10	21230	买盘
13:09:03	21.23	0.01	2	4246	买盘
13:08:48	21.22	-0.01	1	2122	卖盘
13:08:42	21.23	0.01	2	4246	买盘
13:08:39	21.22	--	3	6366	卖盘
13:08:36	21.22	--	14	29708	卖盘
13:08:27	21.22	--	3	6366	买盘
13:08:18	21.22	--	5	10610	买盘
13:08:15	21.22	--	3	6366	买盘
13:08:03	21.22	--	29	61538	卖盘
13:07:36	21.22	-0.04	10	21220	卖盘
13:06:54	21.26	-0.01	4	8504	卖盘
13:06:51	21.27	0.01	32	68064	买盘
13:06:12	21.26	--	7	14882	卖盘
13:05:54	21.26	--	3	6378	买盘
13:05:51	21.26	--	5	10630	买盘
13:05:45	21.26	0.04	5	10630	买盘
13:05:39	21.22	--	48	101856	卖盘
13:05:15	21.22	--	34	72148	买盘
13:05:12	21.22	--	50	106100	买盘
13:05:03	21.22	--	8	16976	买盘
13:05:00	21.22	--	4	8488	买盘
13:04:57	21.22	--	2	4244	买盘
13:04:54	21.22	--	11	23342	买盘
13:04:42	21.22	--	5	10610	买盘
13:04:39	21.22	--	9	19098	卖盘
13:04:15	21.22	--	1	2122	卖盘
13:04:00	21.22	0.01	20	42440	中性盘
13:03:12	21.21	-0.07	15	31815	卖盘
13:02:18	21.28	-0.02	4	8512	卖盘
13:02:12	21.3	-0.01	30	63900	中性盘
13:02:06	21.31	0.01	12	25572	买盘
13:02:03	21.3	--	21	44730	卖盘
13:02:00	21.3	--	3	6390	卖盘
13:01:54	21.3	0.01	26	55380	买盘
13:01:36	21.29	0.02	8	17032	买盘
13:01:21	21.27	--	7	14889	卖盘
13:01:15	21.27	0.01	8	17016	买盘
13:01:03	21.26	0.06	6	13861	买盘
13:00:45	21.2	-0.06	300	636084	卖盘
13:00:42	21.26	--	9	20154	卖盘
13:00:39	21.26	0.01	2	5357	中性盘
13:00:15	21.25	--	1	2125	卖盘
13:00:12	21.25	-0.02	1	2125	卖盘
13:00:09	21.27	0.05	3	6381	买盘
13:00:06	21.22	-0.02	147	311934	卖盘
13:00:03	21.24	--	23	48852	卖盘
11:30:03	21.24	--	0	0	卖盘
11:29:48	21.24	--	5	10620	卖盘
11:29:33	21.24	0.01	17	36108	买盘
11:29:30	21.23	--	4	8492	买盘
11:29:27	21.23	--	10	21230	买盘
11:29:24	21.23	--	8	16984	买盘
11:29:15	21.23	-0.01	7	14861	卖盘
11:29:12	21.24	0.01	5	10620	买盘
11:29:09	21.23	--	10	21230	卖盘
11:28:51	21.23	--	10	21230	卖盘
11:28:45	21.23	-0.01	22	46706	卖盘
11:28:42	21.24	--	10	21240	买盘
11:28:36	21.24	--	2	4248	买盘
11:28:18	21.24	-0.01	10	21240	卖盘
11:28:06	21.25	0.03	1	2125	买盘
11:27:51	21.22	-0.03	30	63660	卖盘
11:27:36	21.25	-0.01	41	87932	卖盘
11:27:18	21.26	0.01	1	2126	买盘
11:27:09	21.25	--	13	27625	卖盘
11:26:45	21.25	-0.01	20	42500	卖盘
11:26:42	21.26	--	13	27638	买盘
11:26:24	21.26	--	34	72284	卖盘
11:25:57	21.26	-0.01	15	31890	卖盘
11:25:48	21.27	0.01	20	42540	买盘
11:25:36	21.26	0.01	1	2126	买盘
11:25:24	21.25	-0.01	67	142375	卖盘
11:25:15	21.26	0.01	1	2126	买盘
11:25:12	21.25	-0.01	4	8500	卖盘
11:25:00	21.26	--	5	10630	买盘
11:24:45	21.26	0.01	3	6378	买盘
11:24:36	21.25	-0.01	1	2125	卖盘
11:24:33	21.26	-0.01	40	85040	卖盘
11:24:21	21.27	--	32	68064	卖盘
11:24:18	21.27	-0.02	3	6381	卖盘
11:24:03	21.29	--	10	21290	买盘
11:24:00	21.29	--	5	10645	卖盘
11:23:51	21.29	-0.01	6	12774	买盘
11:23:33	21.3	--	16	34080	卖盘
11:23:24	21.3	-0.01	26	55380	卖盘
11:23:21	21.31	0.01	10	21310	买盘
11:23:18	21.3	--	7	14910	卖盘
11:22:51	21.3	--	111	236430	买盘
11:22:36	21.3	--	54	115020	卖盘
11:22:24	21.3	0.05	4	8520	买盘
11:22:00	21.25	0.01	41	88442	买盘
11:21:57	21.24	--	4	8496	卖盘
11:21:48	21.24	--	4	8496	卖盘
11:21:42	21.24	--	2	4248	卖盘
11:21:33	21.24	--	4	8496	买盘
11:21:18	21.24	0.03	5	10620	买盘
11:21:15	21.21	--	2	4242	买盘
11:21:12	21.21	-0.03	43	91203	卖盘
11:21:09	21.24	--	10	21240	买盘
11:21:00	21.24	0.03	8	16992	买盘
11:20:51	21.21	0.01	19	40299	中性盘
11:20:27	21.2	--	46	97520	卖盘
11:20:18	21.2	--	10	21200	卖盘
11:20:12	21.2	--	1	3180	卖盘
11:19:57	21.2	--	20	42400	买盘
11:19:42	21.2	-0.03	200	424000	卖盘
11:19:39	21.23	0.01	2	4246	买盘
11:19:36	21.22	-0.01	3	6366	卖盘
11:19:27	21.23	0.01	1	2123	买盘
11:19:21	21.22	--	20	42440	卖盘
11:19:03	21.22	--	1	2122	卖盘
11:18:57	21.22	-0.01	280	594160	卖盘
11:18:36	21.23	--	36	76428	卖盘
11:18:30	21.23	-0.01	10	21230	卖盘
11:17:42	21.24	0.01	5	10620	中性盘
11:17:21	21.23	-0.02	40	84920	卖盘
11:17:15	21.25	--	15	31875	买盘
11:17:09	21.25	--	130	276250	买盘
11:16:45	21.25	0.02	1	2125	买盘
11:16:36	21.23	-0.02	10	21230	卖盘
11:16:06	21.25	--	12	25500	买盘
11:16:03	21.25	0.02	2	4250	买盘
11:16:00	21.23	--	30	63690	卖盘
11:15:45	21.23	-0.02	5	10615	卖盘
11:15:27	21.25	0.02	11	23375	买盘
11:15:21	21.23	--	5	10615	买盘
11:15:15	21.23	--	10	21230	买盘
11:15:12	21.23	--	8	16984	买盘
11:14:42	21.23	0.01	1	2123	买盘
11:14:39	21.22	-0.01	20	42440	卖盘
11:14:27	21.23	--	10	21230	买盘
11:14:15	21.23	--	18	38214	卖盘
11:14:06	21.23	--	9	19107	卖盘
11:13:51	21.23	-0.02	9	19107	卖盘
11:13:45	21.25	--	13	27625	买盘
11:13:39	21.25	0.02	10	21250	买盘
11:13:33	21.23	--	3	6369	买盘
11:13:30	21.23	-0.01	1	2123	卖盘
11:13:09	21.24	--	1	2124	买盘
11:12:45	21.24	--	24	50975	买盘
11:12:21	21.24	--	1	2124	买盘
11:12:18	21.24	--	20	42480	买盘
11:11:57	21.24	--	14	29735	卖盘
11:11:51	21.24	-0.01	5	10620	卖盘
11:11:27	21.25	-0.01	118	251663	卖盘
11:11:09	21.26	--	0	1063	买盘
11:11:06	21.26	--	18	38268	买盘
11:10:51	21.26	0.01	16	34016	买盘
11:10:48	21.25	-0.01	2	4250	卖盘
11:10:42	21.26	--	1	2126	买盘
11:10:21	21.26	--	3	6378	买盘
11:10:09	21.26	--	5	10630	买盘
11:10:03	21.26	--	5	11693	卖盘
11:09:57	21.26	--	17	36142	卖盘
11:09:48	21.26	--	20	42520	卖盘
11:09:42	21.26	--	9	20197	买盘
11:09:24	21.26	--	15	32953	卖盘
11:09:18	21.26	-0.03	1	3189	卖盘
11:09:06	21.29	0.03	30	63870	买盘
11:08:54	21.26	-0.03	1	2126	卖盘
11:08:48	21.29	--	35	74515	买盘
11:08:27	21.29	--	10	21290	买盘
11:08:24	21.29	0.03	9	19161	买盘
11:08:15	21.26	--	6	12756	卖盘
11:08:06	21.26	-0.04	8	17008	卖盘
11:08:03	21.3	--	30	63900	卖盘
11:08:00	21.3	0.04	24	51120	买盘
11:07:57	21.26	-0.04	17	36142	卖盘
11:07:09	21.3	0.05	9	19170	买盘
11:07:03	21.25	--	8	17000	卖盘
11:07:00	21.25	-0.03	10	21250	卖盘
11:06:42	21.28	0.03	2	4256	买盘
11:06:18	21.25	0.01	6	13961	买盘
11:06:15	21.24	--	1	2124	卖盘
11:06:12	21.24	--	24	50975	卖盘
11:05:54	21.24	-0.01	12	25487	卖盘
11:05:48	21.25	--	0	913	卖盘
11:05:45	21.25	--	20	42500	卖盘
11:05:18	21.25	--	8	17000	卖盘
11:05:15	21.25	-0.03	10	21250	卖盘
11:04:57	21.28	-0.02	6	12768	卖盘
11:04:51	21.3	--	31	66030	买盘
11:04:45	21.3	0.01	5	10650	买盘
11:04:42	21.29	-0.01	1	2129	中性盘
11:04:00	21.3	0.05	10	21300	买盘
11:03:57	21.25	-0.04	22	46750	卖盘
11:03:18	21.29	0.04	3	6387	中性盘
11:02:57	21.25	--	2	4250	卖盘
11:02:42	21.25	--	2	4250	卖盘
11:02:39	21.25	--	21	44625	卖盘
11:02:09	21.25	--	27	57375	卖盘
11:01:42	21.25	--	6	12750	卖盘
11:01:33	21.25	0.03	10	22461	买盘
11:01:27	21.22	-0.01	10	21220	卖盘
11:01:24	21.23	-0.01	23	48829	卖盘
11:01:21	21.24	--	10	21240	买盘
11:01:06	21.24	--	5	10620	买盘
11:00:57	21.24	0.02	40	84960	买盘
11:00:42	21.22	--	43	91246	买盘
11:00:39	21.22	--	47	99734	卖盘
11:00:36	21.22	--	20	42440	卖盘
11:00:24	21.22	-0.02	10	21220	卖盘
11:00:21	21.24	--	2	4248	买盘
11:00:15	21.24	--	2	4248	买盘
11:00:09	21.24	0.01	8	16992	买盘
11:00:00	21.23	--	4	8492	买盘
10:59:54	21.23	0.02	5	10615	买盘
10:59:45	21.21	-0.02	30	63630	卖盘
10:59:39	21.23	0.02	10	21230	买盘
10:59:21	21.21	--	8	16968	卖盘
10:59:18	21.21	-0.02	10	21210	卖盘
10:59:15	21.23	--	3	6369	买盘
10:59:09	21.23	-0.01	14	29722	卖盘
10:59:06	21.24	-0.01	15	31859	中性盘
10:59:03	21.25	0.02	5	10625	买盘
10:59:00	21.23	-0.01	1	2123	卖盘
10:58:57	21.24	-0.01	20	42480	卖盘
10:58:54	21.25	--	12	25500	买盘
10:58:48	21.25	--	30	63750	卖盘
10:58:45	21.25	--	4	8500	卖盘
10:58:30	21.25	-0.01	8	17000	卖盘
10:58:21	21.26	-0.04	10	21260	卖盘
10:58:06	21.3	--	82	176640	卖盘
10:57:57	21.3	--	15	31950	卖盘
10:57:48	21.3	--	4	8520	卖盘
10:57:45	21.3	-0.01	18	38340	卖盘
10:57:21	21.31	--	4	8524	卖盘
10:57:18	21.31	-0.01	5	10655	卖盘
10:57:09	21.32	--	4	8528	买盘
10:57:06	21.32	-0.01	5	10660	中性盘
10:56:57	21.33	0.01	28	59723	买盘
10:56:54	21.32	-0.01	10	21320	中性盘
10:56:48	21.33	0.03	14	29861	买盘
10:56:39	21.3	-0.01	19	40470	卖盘
10:56:33	21.31	--	45	95895	卖盘
10:56:27	21.31	--	21	44751	买盘
10:56:21	21.31	0.01	5	10655	中性盘
10:56:06	21.3	-0.03	18	38340	卖盘
10:56:03	21.33	--	10	21330	买盘
10:56:00	21.33	0.02	14	29861	买盘
10:55:24	21.31	--	10	21310	卖盘
10:55:15	21.31	--	3	6393	卖盘
10:55:12	21.31	--	41	87520	买盘
10:55:06	21.31	0.01	8	17048	买盘
10:55:00	21.3	--	21	44730	卖盘
10:54:57	21.3	-0.01	10	21300	卖盘
10:54:42	21.31	0.03	10	21310	买盘
10:54:33	21.28	-0.02	29	61712	卖盘
10:54:24	21.3	--	16	34080	卖盘
10:54:21	21.3	-0.01	5	10650	卖盘
10:54:15	21.31	--	1	2131	买盘
10:54:12	21.31	--	24	51144	买盘
10:54:06	21.31	--	5	10655	买盘
10:53:57	21.31	--	1	2131	买盘
10:53:54	21.31	--	14	29834	买盘
10:53:51	21.31	-0.02	22	48863	卖盘
10:53:42	21.33	0.02	4	8532	买盘
10:53:39	21.31	--	50	106550	卖盘
10:53:36	21.31	-0.02	13	27703	卖盘
10:53:33	21.33	--	29	61856	卖盘
10:53:30	21.33	--	1	3306	卖盘
10:53:27	21.33	--	24	51191	卖盘
10:53:15	21.33	--	2	4266	卖盘
10:53:12	21.33	-0.01	20	42702	卖盘
10:53:09	21.34	0.01	18	38412	买盘
10:53:06	21.33	--	1	3199	卖盘
10:53:00	21.33	-0.01	5	10665	卖盘
10:52:57	21.34	--	49	104566	买盘
10:52:45	21.34	--	8	17072	卖盘
10:52:30	21.34	-0.01	18	38412	卖盘
10:52:27	21.35	-0.03	23	49105	卖盘
10:52:15	21.38	0.03	49	104762	买盘
10:52:09	21.35	-0.02	31	66185	卖盘
10:52:06	21.37	--	10	21370	卖盘
10:52:03	21.37	0.02	35	74795	买盘
10:52:00	21.35	--	6	12810	卖盘
10:51:48	21.35	--	2	4270	卖盘
10:51:42	21.35	-0.02	92	196420	卖盘
10:51:39	21.37	0.03	20	42740	买盘
10:51:33	21.34	--	31	66154	卖盘
10:51:30	21.34	-0.01	65	138710	卖盘
10:51:27	21.35	--	29	61915	买盘
10:51:24	21.35	-0.02	70	149450	卖盘
10:51:21	21.37	--	10	21370	卖盘
10:51:15	21.37	--	4	8548	卖盘
10:51:12	21.37	0.02	74	158138	买盘
10:51:09	21.35	--	1	2135	买盘
10:51:03	21.35	--	48	102480	卖盘
10:50:57	21.35	--	2	4270	卖盘
10:50:51	21.35	-0.02	10	21350	卖盘
10:50:48	21.37	--	8	17096	买盘
10:50:45	21.37	0.02	26	55562	中性盘
10:50:42	21.35	-0.04	21	44835	卖盘
10:50:39	21.39	--	88	188232	买盘
10:50:36	21.39	--	26	55614	卖盘
10:50:30	21.39	--	85	181815	卖盘
10:50:27	21.39	0.04	18	38502	卖盘
10:50:24	21.35	--	4	8540	买盘
10:50:21	21.35	-0.04	6	12810	卖盘
10:50:15	21.39	--	14	29946	买盘
10:50:12	21.39	--	14	29946	买盘
10:50:09	21.39	-0.02	24	51336	中性盘
10:50:03	21.41	0.01	30	64230	买盘
10:50:00	21.4	0.07	4	8560	买盘
10:49:57	21.33	0.03	10	21330	卖盘
10:49:51	21.3	-0.13	2	4260	卖盘
10:49:48	21.43	0.13	24	51432	买盘
10:49:42	21.3	--	5	10650	卖盘
10:49:39	21.3	-0.16	18	38340	卖盘
10:49:33	21.46	-0.02	69	148074	中性盘
10:49:21	21.48	--	5	10740	买盘
10:49:18	21.48	-0.02	18	38664	中性盘
10:49:15	21.5	--	32	68800	买盘
10:49:09	21.5	--	0	817	卖盘
10:49:03	21.5	0.02	499	1074183	买盘
10:49:00	21.48	0.15	500	1074000	买盘
10:48:54	21.33	0.1	300	639900	买盘
10:48:51	21.23	0.06	22	46706	买盘
10:48:45	21.17	-0.06	21	44457	卖盘
10:48:36	21.23	0.01	4	8492	买盘
10:48:33	21.22	--	5	10610	买盘
10:48:21	21.22	0.05	30	63660	买盘
10:48:18	21.17	-0.04	16	33872	卖盘
10:48:15	21.21	-0.01	10	21210	卖盘
10:48:09	21.22	0.01	20	42440	买盘
10:48:00	21.21	0.04	5	10605	买盘
10:47:54	21.17	-0.04	20	42340	卖盘
10:47:51	21.21	0.03	10	21210	买盘
10:47:30	21.18	-0.02	13	27534	买盘
10:47:12	21.2	--	5	10600	买盘
10:47:09	21.2	0.03	5	10600	买盘
10:47:06	21.17	--	10	21170	卖盘
10:47:03	21.17	-0.01	21	44457	卖盘
10:46:42	21.18	--	8	16944	买盘
10:46:27	21.18	--	20	42360	买盘
10:46:15	21.18	--	31	65658	卖盘
10:46:12	21.18	-0.02	20	42360	卖盘
10:46:09	21.2	-0.01	10	21200	买盘
10:46:00	21.21	--	2	4242	卖盘
10:45:57	21.21	0.01	1	2121	卖盘
10:45:45	21.2	--	7	14840	买盘
10:45:39	21.2	--	6	12720	买盘
10:45:24	21.2	0.02	10	21200	买盘
10:45:21	21.18	--	23	48714	卖盘
10:45:12	21.18	-0.02	24	50832	卖盘
10:45:03	21.2	0.03	5	10600	买盘
10:44:18	21.17	--	18	38106	买盘
10:44:12	21.17	--	3	6351	卖盘
10:44:09	21.17	--	2	4234	卖盘
10:44:06	21.17	--	19	40223	买盘
10:43:57	21.17	--	2	4234	买盘
10:43:54	21.17	0.01	2	4234	买盘
10:43:48	21.16	-0.01	5	10580	卖盘
10:43:45	21.17	--	2	4234	买盘
10:43:39	21.17	0.01	20	42340	买盘
10:43:30	21.16	--	2	4232	卖盘
10:43:18	21.16	0.01	16	34914	买盘
10:43:15	21.15	-0.01	5	10575	卖盘
10:42:57	21.16	--	14	29624	买盘
10:42:54	21.16	0.01	2	4232	买盘
10:42:42	21.15	--	6	12690	买盘
10:42:39	21.15	--	15	31724	买盘
10:42:30	21.15	0.01	10	21150	买盘
10:42:27	21.14	-0.01	1	2114	卖盘
10:42:21	21.15	0.01	50	105750	买盘
10:42:12	21.14	--	8	17969	卖盘
10:42:06	21.14	-0.01	1	2114	卖盘
10:42:00	21.15	0.01	26	54989	买盘
10:41:51	21.14	-0.01	3	6342	卖盘
10:41:48	21.15	0.01	20	42300	买盘
10:41:36	21.14	0.01	5	10570	中性盘
10:41:27	21.13	-0.02	43	91936	卖盘
10:41:24	21.15	0.02	1	2115	买盘
10:41:21	21.13	--	20	42260	卖盘
10:41:18	21.13	-0.01	43	90859	卖盘
10:41:12	21.14	--	7	14798	买盘
10:41:09	21.14	--	50	105700	买盘
10:41:06	21.14	--	5	10570	买盘
10:41:03	21.14	0.01	10	21140	买盘
10:41:00	21.13	-0.01	2	4226	卖盘
10:40:54	21.14	0.01	25	52850	买盘
10:40:45	21.13	--	211	445843	买盘
10:40:39	21.13	--	61	128893	买盘
10:40:36	21.13	--	2	4226	买盘
10:40:30	21.13	--	10	21130	买盘
10:40:27	21.13	--	31	65503	买盘
10:40:24	21.13	--	5	10565	买盘
10:40:21	21.13	--	10	21130	买盘
10:40:18	21.13	0.01	61	128893	买盘
10:40:15	21.12	-0.01	25	52800	卖盘
10:40:12	21.13	0.01	20	42260	买盘
10:39:54	21.12	--	3	6336	卖盘
10:39:51	21.12	-0.01	2	4224	卖盘
10:39:45	21.13	0.01	28	59164	买盘
10:39:39	21.12	--	8	16896	卖盘
10:39:36	21.12	-0.01	18	38016	卖盘
10:39:33	21.13	--	21	44373	买盘
10:39:21	21.13	--	8	16904	买盘
10:39:18	21.13	--	7	14791	买盘
10:39:15	21.13	--	24	50712	卖盘
10:39:09	21.13	--	10	21130	卖盘
10:39:06	21.13	-0.01	15	31695	卖盘
10:39:03	21.14	0.01	6	12684	买盘
10:39:00	21.13	-0.01	3	6339	卖盘
10:38:57	21.14	--	8	16912	卖盘
10:38:51	21.14	--	22	46508	买盘
10:38:42	21.14	0.02	10	21140	买盘
10:38:33	21.12	-0.02	3	6336	中性盘
10:38:21	21.14	0.02	1	2114	买盘
10:38:18	21.12	--	22	46464	买盘
10:38:15	21.12	--	78	164736	卖盘
10:38:03	21.12	-0.03	24	50688	卖盘
10:38:00	21.15	0.02	183	387045	买盘
10:37:57	21.13	--	3	6339	买盘
10:37:54	21.13	0.01	6	12678	中性盘
10:37:51	21.12	-0.01	50	105600	卖盘
10:37:48	21.13	--	42	88746	卖盘
10:37:39	21.13	--	20	42260	卖盘
10:37:36	21.13	--	71	150023	卖盘
10:37:33	21.13	--	31	65503	卖盘
10:37:21	21.13	-0.02	101	213413	卖盘
10:37:18	21.15	0.01	6	12690	买盘
10:37:12	21.14	-0.01	28	59192	卖盘
10:37:09	21.15	--	10	21150	买盘
10:37:06	21.15	0.01	1	2115	买盘
10:36:54	21.14	-0.01	6	12684	卖盘
10:36:51	21.15	--	1	2115	买盘
10:36:45	21.15	0.01	11	23265	卖盘
10:36:36	21.14	-0.01	18	38052	卖盘
10:36:27	21.15	--	17	37816	买盘
10:36:24	21.15	--	2	4230	买盘
10:36:18	21.15	--	0	253	卖盘
10:36:15	21.15	-0.01	3	6345	卖盘
10:36:12	21.16	0.01	5	10580	买盘
10:36:09	21.15	-0.01	21	44415	卖盘
10:36:06	21.16	--	6	12696	卖盘
10:36:00	21.16	0.01	11	23276	中性盘
10:35:54	21.15	--	71	152026	卖盘
10:35:51	21.15	--	10	21150	卖盘
10:35:42	21.15	-0.01	19	40185	卖盘
10:35:39	21.16	0.01	28	59248	买盘
10:35:06	21.15	--	5	10575	卖盘
10:34:54	21.15	-0.01	10	21150	卖盘
10:34:45	21.16	0.01	8	16928	中性盘
10:34:36	21.15	-0.02	200	423000	卖盘
10:34:30	21.17	-0.01	50	105850	卖盘
10:34:24	21.18	-0.01	9	19062	卖盘
10:34:18	21.19	--	10	21190	卖盘
10:34:15	21.19	0.01	13	27547	买盘
10:34:03	21.18	--	12	25416	卖盘
10:33:51	21.18	-0.01	10	21180	卖盘
10:33:48	21.19	-0.01	37	78403	卖盘
10:33:45	21.2	0.01	8	16960	买盘
10:33:42	21.19	--	1	2119	卖盘
10:33:36	21.19	-0.01	5	10595	中性盘
10:33:06	21.2	--	6	12720	买盘
10:33:00	21.2	--	2	4240	中性盘
10:32:39	21.2	--	5	10600	买盘
10:32:21	21.2	--	6	12720	买盘
10:32:15	21.2	-0.01	2	4240	卖盘
10:32:09	21.21	0.01	15	31815	买盘
10:32:03	21.2	--	15	31800	买盘
10:31:57	21.2	0.02	21	44520	买盘
10:31:54	21.18	--	0	21	卖盘
10:31:51	21.18	-0.02	3	6354	卖盘
10:31:39	21.2	0.03	10	21200	买盘
10:31:15	21.17	-0.03	2	4234	卖盘
10:31:06	21.2	0.03	1	2120	买盘
10:31:00	21.17	--	2	4234	卖盘
10:30:45	21.17	--	1	2117	卖盘
10:30:42	21.17	--	40	84680	卖盘
10:30:33	21.17	--	8	16936	卖盘
10:30:30	21.17	0.01	31	65627	买盘
10:30:27	21.16	--	10	21160	卖盘
10:30:24	21.16	--	12	25392	卖盘
10:30:15	21.16	--	25	52900	卖盘
10:30:00	21.16	-0.01	13	27508	卖盘
10:29:57	21.17	--	10	21170	买盘
10:29:54	21.17	0.01	5	10585	买盘
10:29:48	21.16	-0.01	1	2116	卖盘
10:29:33	21.17	0.01	10	21170	买盘
10:29:30	21.16	--	3	6348	卖盘
10:29:27	21.16	-0.01	10	21160	卖盘
10:29:24	21.17	0.01	5	10585	买盘
10:29:18	21.16	--	29	61364	卖盘
10:29:09	21.16	--	56	118496	买盘
10:29:03	21.16	0.01	3	6348	中性盘
10:28:57	21.15	-0.01	80	169200	卖盘
10:28:54	21.16	--	16	33856	买盘
10:28:51	21.16	--	2	4232	买盘
10:28:39	21.16	--	10	21160	买盘
10:28:33	21.16	-0.01	9	19044	卖盘
10:28:30	21.17	--	1	2117	买盘
10:28:21	21.17	--	10	21170	买盘
10:28:18	21.17	0.01	6	12702	买盘
10:28:15	21.16	-0.01	1	2116	卖盘
10:28:12	21.17	0.01	20	42340	买盘
10:27:33	21.16	--	13	27508	卖盘
10:27:18	21.16	--	19	40204	卖盘
10:27:15	21.16	--	1	2116	卖盘
10:27:12	21.16	--	19	40204	卖盘
10:27:06	21.16	-0.01	2	4232	卖盘
10:26:54	21.17	--	82	173594	卖盘
10:26:51	21.17	--	5	10585	卖盘
10:26:39	21.17	-0.01	4	8468	卖盘
10:26:36	21.18	--	15	31770	买盘
10:26:30	21.18	0.01	1	2118	买盘
10:26:27	21.17	--	16	33872	卖盘
10:26:24	21.17	-0.01	10	21170	卖盘
10:26:21	21.18	--	6	12708	买盘
10:26:12	21.18	--	14	29652	买盘
10:25:57	21.18	-0.03	5	10590	中性盘
10:25:51	21.21	0.01	23	48783	买盘
10:25:45	21.2	-0.01	13	27560	中性盘
10:25:39	21.21	0.04	10	21210	买盘
10:25:36	21.17	-0.01	48	101616	卖盘
10:25:33	21.18	-0.02	20	42360	卖盘
10:25:24	21.2	-0.02	32	67840	卖盘
10:25:21	21.22	0.02	3	6366	买盘
10:25:18	21.2	-0.01	6	12720	卖盘
10:25:15	21.21	0.01	2	4242	中性盘
10:25:09	21.2	-0.01	60	127200	卖盘
10:25:06	21.21	0.01	2	4242	买盘
10:25:03	21.2	-0.01	11	23320	卖盘
10:24:54	21.21	0.03	10	21210	中性盘
10:24:39	21.18	-0.02	15	31770	卖盘
10:24:30	21.2	--	18	38160	买盘
10:24:27	21.2	--	5	10600	买盘
10:24:24	21.2	--	9	19080	买盘
10:24:18	21.2	--	13	27560	买盘
10:24:09	21.2	--	5	10600	买盘
10:24:00	21.2	--	3	6360	买盘
10:23:57	21.2	0.04	10	21200	买盘
10:23:54	21.16	-0.04	59	124844	卖盘
10:23:48	21.2	0.01	4	8480	买盘
10:23:42	21.19	0.02	3	6357	买盘
10:23:30	21.17	0.03	2	4234	买盘
10:23:27	21.14	-0.02	56	118384	卖盘
10:23:24	21.16	--	197	418036	买盘
10:23:21	21.16	--	10	21160	买盘
10:23:18	21.16	0.01	27	57132	买盘
10:23:15	21.15	-0.01	100	211500	卖盘
10:23:12	21.16	--	6	12696	买盘
10:23:09	21.16	--	7	14812	买盘
10:23:06	21.16	--	2	4232	买盘
10:23:03	21.16	--	5	10580	买盘
10:23:00	21.16	--	25	52900	买盘
10:22:57	21.16	--	6	12696	买盘
10:22:54	21.16	-0.01	239	505724	卖盘
10:22:45	21.17	--	49	103733	买盘
10:22:42	21.17	--	1	2117	买盘
10:22:39	21.17	--	32	67744	买盘
10:22:36	21.17	--	10	21170	买盘
10:22:33	21.17	--	31	65627	买盘
10:22:27	21.17	--	2	4234	买盘
10:22:24	21.17	0.01	6	12702	卖盘
10:22:21	21.16	-0.02	12	25392	卖盘
10:22:18	21.18	0.01	5	10590	买盘
10:22:15	21.17	0.01	9	19053	中性盘
10:22:12	21.16	-0.02	10	21160	卖盘
10:22:03	21.18	0.02	35	74130	买盘
10:21:57	21.16	-0.01	69	146004	卖盘
10:21:51	21.17	--	3	6351	卖盘
10:21:48	21.17	0.01	1	2117	中性盘
10:21:33	21.16	--	50	105800	卖盘
10:21:21	21.16	-0.01	11	23276	买盘
10:21:15	21.17	0.01	12	25404	买盘
10:21:12	21.16	--	4	8464	买盘
10:21:06	21.16	-0.01	43	90988	卖盘
10:21:00	21.17	0.01	3	6351	买盘
10:20:54	21.16	--	3	6348	卖盘
10:20:51	21.16	-0.01	2	4232	卖盘
10:20:45	21.17	0.01	28	59276	买盘
10:20:39	21.16	--	35	74060	卖盘
10:20:36	21.16	-0.01	5	10580	卖盘
10:20:30	21.17	--	2	4234	买盘
10:20:15	21.17	--	2	4234	买盘
10:20:03	21.17	--	10	21170	中性盘
10:19:54	21.17	-0.01	10	21170	卖盘
10:19:51	21.18	--	2	4236	买盘
10:19:48	21.18	0.01	4	8472	买盘
10:19:42	21.17	-0.01	22	46574	卖盘
10:19:39	21.18	0.01	1	2118	买盘
10:19:36	21.17	-0.01	10	21170	卖盘
10:19:33	21.18	0.01	7	14826	买盘
10:19:30	21.17	--	5	10585	卖盘
10:19:18	21.17	--	11	23287	卖盘
10:19:15	21.17	-0.01	11	23287	卖盘
10:19:12	21.18	--	14	29652	买盘
10:18:57	21.18	-0.01	15	31770	卖盘
10:18:39	21.19	0.02	17	36023	卖盘
10:18:27	21.17	-0.03	30	63510	卖盘
10:18:24	21.2	--	7	14840	买盘
10:18:21	21.2	0.01	12	25440	买盘
10:18:15	21.19	-0.01	14	29666	中性盘
10:18:12	21.2	--	10	21200	买盘
10:18:09	21.2	0.03	12	25440	买盘
10:18:06	21.17	-0.03	6	12702	卖盘
10:18:03	21.2	--	21	44520	买盘
10:17:57	21.2	0.01	20	42400	买盘
10:17:54	21.19	-0.01	27	57213	买盘
10:17:51	21.2	0.04	12	25440	买盘
10:17:48	21.16	-0.04	20	42320	卖盘
10:17:33	21.2	--	12	25440	买盘
10:17:30	21.2	--	6	12720	买盘
10:17:21	21.2	0.05	12	25440	买盘
10:17:18	21.15	--	116	245339	卖盘
10:17:12	21.15	-0.01	33	69795	卖盘
10:17:09	21.16	--	35	74060	卖盘
10:17:06	21.16	0.01	2	4232	卖盘
10:16:57	21.15	-0.01	31	65565	卖盘
10:16:54	21.16	--	60	126960	卖盘
10:16:51	21.16	--	5	10580	卖盘
10:16:48	21.16	--	26	57089	买盘
10:16:42	21.16	--	20	42320	买盘
10:16:39	21.16	--	34	71944	买盘
10:16:33	21.16	--	32	67712	买盘
10:16:30	21.16	--	34	71944	买盘
10:16:27	21.16	--	5	10580	买盘
10:16:24	21.16	--	17	35972	买盘
10:16:21	21.16	-0.01	131	277238	卖盘
10:16:18	21.17	-0.02	35	74095	卖盘
10:16:15	21.19	--	1	2119	卖盘
10:16:12	21.19	0.01	6	12714	买盘
10:16:09	21.18	-0.01	11	23298	卖盘
10:16:06	21.19	0.02	17	36023	买盘
10:16:00	21.17	-0.02	20	42340	卖盘
10:15:57	21.19	0.02	15	31785	买盘
10:15:54	21.17	--	10	21170	卖盘
10:15:51	21.17	-0.02	35	74095	卖盘
10:15:48	21.19	0.02	14	29666	买盘
10:15:42	21.17	--	3	6351	卖盘
10:15:39	21.17	-0.01	29	61393	卖盘
10:15:36	21.18	-0.01	12	25416	卖盘
10:15:30	21.19	--	13	27547	买盘
10:15:27	21.19	--	17	36023	买盘
10:15:24	21.19	--	1	2119	卖盘
10:15:21	21.19	--	2	4238	卖盘
10:15:18	21.19	--	1	2119	卖盘
10:15:09	21.19	--	8	16952	卖盘
10:14:57	21.19	0.01	10	21190	买盘
10:14:54	21.18	0.01	27	57186	买盘
10:14:51	21.17	-0.02	116	245572	卖盘
10:14:48	21.19	--	21	44499	买盘
10:14:45	21.19	-0.01	17	36023	中性盘
10:14:30	21.2	0.01	44	93280	买盘
10:14:21	21.19	0.01	16	33904	买盘
10:14:18	21.18	--	16	33888	卖盘
10:14:12	21.18	--	23	48714	卖盘
10:14:09	21.18	-0.01	16	33888	卖盘
10:13:54	21.19	--	43	91117	卖盘
10:13:51	21.19	-0.01	3	6357	卖盘
10:13:48	21.2	0.01	5	10600	买盘
10:13:45	21.19	--	5	10595	卖盘
10:13:39	21.19	--	10	21190	卖盘
10:13:36	21.19	--	4	8476	卖盘
10:13:33	21.19	0.01	67	141973	买盘
10:13:30	21.18	--	5	10590	卖盘
10:13:21	21.18	-0.01	5	10590	卖盘
10:13:18	21.19	0.01	6	12714	买盘
10:13:12	21.18	--	2	4236	中性盘
10:13:03	21.18	--	4	8472	买盘
10:13:00	21.18	--	23	48714	卖盘
10:12:57	21.18	--	18	38124	卖盘
10:12:48	21.18	--	15	31770	卖盘
10:12:45	21.18	--	25	54009	买盘
10:12:42	21.18	--	14	29652	买盘
10:12:39	21.18	0.01	3	6354	买盘
10:12:27	21.17	--	9	19942	买盘
10:12:24	21.17	--	17	35989	买盘
10:12:21	21.17	--	13	27521	买盘
10:12:18	21.17	--	11	23287	买盘
10:12:15	21.17	0.01	5	10585	买盘
10:12:12	21.16	-0.01	6	12696	卖盘
10:12:09	21.17	0.01	23	48691	买盘
10:12:03	21.16	-0.01	20	42320	卖盘
10:12:00	21.17	--	3	6351	买盘
10:11:57	21.17	--	4	8468	买盘
10:11:54	21.17	--	38	80446	买盘
10:11:51	21.17	0.01	14	29638	买盘
10:11:48	21.16	-0.01	54	114264	卖盘
10:11:45	21.17	--	22	46574	买盘
10:11:42	21.17	--	1	2117	买盘
10:11:39	21.17	--	54	114318	买盘
10:11:36	21.17	-0.03	139	295490	卖盘
10:11:30	21.2	0.03	21	44520	买盘
10:11:21	21.17	0.01	102	216823	买盘
10:11:18	21.16	-0.01	41	86756	卖盘
10:11:12	21.17	0.01	17	35989	买盘
10:11:09	21.16	--	15	31740	卖盘
10:11:06	21.16	0.01	3	6348	卖盘
10:11:00	21.15	--	9	19161	买盘
10:10:57	21.15	--	147	310905	卖盘
10:10:54	21.15	-0.01	62	131130	卖盘
10:10:51	21.16	0.02	37	78292	买盘
10:10:42	21.14	-0.01	50	105721	卖盘
10:10:39	21.15	--	1	2115	买盘
10:10:36	21.15	--	22	46530	买盘
10:10:33	21.15	0.01	4	8460	买盘
10:10:30	21.14	--	19	40166	买盘
10:10:27	21.14	0.01	3	6342	中性盘
10:10:21	21.13	--	31	66559	卖盘
10:10:15	21.13	--	1	2113	卖盘
10:10:12	21.13	0.02	22	46486	中性盘
10:10:09	21.11	-0.03	3	6333	卖盘
10:10:06	21.14	0.01	125	264503	买盘
10:10:03	21.13	0.02	133	282127	买盘
10:10:00	21.11	--	86	181546	买盘
10:09:54	21.11	-0.01	67	141437	卖盘
10:09:51	21.12	-0.02	13	27456	卖盘
10:09:48	21.14	0.02	77	162778	买盘
10:09:45	21.12	--	96	202752	卖盘
10:09:42	21.12	--	1	2112	卖盘
10:09:39	21.12	--	52	109824	卖盘
10:09:36	21.12	-0.02	147	310464	中性盘
10:09:33	21.14	0.02	20	42280	买盘
10:09:24	21.12	-0.01	224	473088	卖盘
10:09:21	21.13	-0.01	114	240882	卖盘
10:09:18	21.14	-0.01	4	8456	卖盘
10:09:15	21.15	--	1	2115	买盘
10:09:12	21.15	--	53	112094	买盘
10:09:09	21.15	--	5	10575	买盘
10:09:03	21.15	--	11	23265	卖盘
10:09:00	21.15	--	10	21150	卖盘
10:08:57	21.15	--	200	423000	卖盘
10:08:51	21.15	--	28	59219	卖盘
10:08:48	21.15	--	12	25380	卖盘
10:08:45	21.15	-0.01	22	46530	卖盘
10:08:42	21.16	0.01	7	14812	买盘
10:08:39	21.15	-0.01	93	196695	卖盘
10:08:36	21.16	--	20	42320	买盘
10:08:33	21.16	--	1	2116	买盘
10:08:30	21.16	-0.01	74	156584	卖盘
10:08:27	21.17	--	8	16936	买盘
10:08:24	21.17	--	20	42340	买盘
10:08:18	21.17	--	5	10585	买盘
10:08:15	21.17	0.01	15	31755	买盘
10:08:12	21.16	-0.01	40	84640	卖盘
10:08:09	21.17	--	10	21170	买盘
10:08:06	21.17	--	38	81673	卖盘
10:08:03	21.17	--	47	99499	卖盘
10:08:00	21.17	--	25	52925	卖盘
10:07:57	21.17	--	16	33872	卖盘
10:07:54	21.17	--	51	107967	卖盘
10:07:51	21.17	--	55	116435	卖盘
10:07:48	21.17	-0.01	5	10606	卖盘
10:07:42	21.18	--	3	6354	买盘
10:07:39	21.18	-0.01	13	27534	卖盘
10:07:36	21.19	0.02	5	10595	中性盘
10:07:24	21.17	-0.03	647	1369699	卖盘
10:07:18	21.2	--	146	309520	卖盘
10:07:15	21.2	-0.02	2	4240	卖盘
10:07:03	21.22	0.02	2	4244	买盘
10:06:51	21.2	--	21	44520	卖盘
10:06:48	21.2	--	147	311640	卖盘
10:06:45	21.2	-0.02	6	12720	卖盘
10:06:42	21.22	0.01	4	8488	买盘
10:06:39	21.21	--	9	19089	买盘
10:06:36	21.21	0.01	32	67872	买盘
10:06:33	21.2	--	2	5300	卖盘
10:06:27	21.2	-0.01	1	2120	卖盘
10:06:21	21.21	0.01	3	6363	买盘
10:06:18	21.2	--	50	106000	卖盘
10:06:15	21.2	-0.01	12	25440	卖盘
10:06:12	21.21	0.01	46	97566	买盘
10:06:06	21.2	--	5	10600	卖盘
10:06:03	21.2	--	22	46661	卖盘
10:05:57	21.2	-0.01	50	106000	卖盘
10:05:54	21.21	0.01	24	50904	买盘
10:05:45	21.2	--	2	4240	卖盘
10:05:36	21.2	--	26	55120	买盘
10:05:33	21.2	--	46	97520	买盘
10:05:30	21.2	--	5	10600	买盘
10:05:27	21.2	-0.01	59	125080	卖盘
10:05:21	21.21	0.02	4	8484	买盘
10:05:12	21.19	-0.01	121	258306	卖盘
10:05:03	21.2	--	42	89040	买盘
10:05:00	21.2	0.01	5	10600	买盘
10:04:57	21.19	-0.01	1	2119	卖盘
10:04:54	21.2	--	30	63600	买盘
10:04:51	21.2	--	13	27560	买盘
10:04:48	21.2	0.01	2	4240	买盘
10:04:42	21.19	-0.01	2	4238	卖盘
10:04:39	21.2	--	1	2120	买盘
10:04:33	21.2	--	20	42400	买盘
10:04:27	21.2	-0.01	66	140132	卖盘
10:04:24	21.21	0.01	20	42420	买盘
10:04:15	21.2	-0.01	114	241680	卖盘
10:04:12	21.21	--	16	33936	买盘
10:04:09	21.21	--	1	2121	买盘
10:04:06	21.21	--	4	8484	买盘
10:04:03	21.21	--	2	4242	买盘
10:04:00	21.21	--	5	10605	买盘
10:03:57	21.21	--	36	76356	买盘
10:03:48	21.21	--	10	21210	买盘
10:03:45	21.21	-0.01	7	14847	中性盘
10:03:39	21.22	--	316	670552	买盘
10:03:33	21.22	--	2	4244	买盘
10:03:27	21.22	0.02	4	8488	买盘
10:03:21	21.2	-0.01	44	93280	卖盘
10:03:18	21.21	--	22	46662	买盘
10:03:15	21.21	--	31	65751	买盘
10:03:12	21.21	0.01	32	67872	买盘
10:03:06	21.2	--	3	6360	卖盘
10:03:03	21.2	--	13	27560	卖盘
10:03:00	21.2	0.01	95	203308	买盘
10:02:54	21.19	--	16	33904	买盘
10:02:51	21.19	--	12	25428	买盘
10:02:48	21.19	--	20	42380	买盘
10:02:45	21.19	--	16	33904	买盘
10:02:42	21.19	--	13	27547	买盘
10:02:39	21.19	-0.01	23	48737	买盘
10:02:36	21.2	0.01	100	212000	买盘
10:02:33	21.19	--	2	4238	买盘
10:02:30	21.19	--	8	16952	买盘
10:02:27	21.19	--	4	8476	买盘
10:02:24	21.19	--	5	10595	买盘
10:02:21	21.19	-0.01	33	69927	卖盘
10:02:18	21.2	--	5	10600	买盘
10:02:09	21.2	0.01	5	10600	买盘
10:02:06	21.19	0.02	1	2119	卖盘
10:02:00	21.17	-0.02	57	120669	卖盘
10:01:57	21.19	-0.01	19	40261	中性盘
10:01:51	21.2	0.02	37	78440	买盘
10:01:48	21.18	--	44	94251	卖盘
10:01:45	21.18	--	83	175794	卖盘
10:01:42	21.18	--	5	10590	卖盘
10:01:39	21.18	-0.01	6	12708	卖盘
10:01:36	21.19	--	13	27547	买盘
10:01:33	21.19	0.02	10	21190	买盘
10:01:30	21.17	--	46	97382	卖盘
10:01:27	21.17	-0.01	7	14819	卖盘
10:01:21	21.18	--	3	6354	中性盘
10:01:18	21.18	-0.02	28	59304	卖盘
10:01:15	21.2	--	18	38160	买盘
10:01:12	21.2	0.02	13	27560	买盘
10:01:09	21.18	-0.02	42	88956	卖盘
10:01:06	21.2	--	1	2120	买盘
10:01:03	21.2	0.02	3	6360	买盘
10:01:00	21.18	-0.03	193	409028	卖盘
10:00:57	21.21	--	34	72114	卖盘
10:00:54	21.21	--	37	80343	卖盘
10:00:48	21.21	-0.01	21	44541	卖盘
10:00:45	21.22	--	5	10610	买盘
10:00:42	21.22	--	24	50928	卖盘
10:00:39	21.22	--	10	21220	买盘
10:00:36	21.22	--	20	42440	卖盘
10:00:33	21.22	--	40	84880	卖盘
10:00:30	21.22	--	19	40318	卖盘
10:00:27	21.22	--	5	10610	卖盘
10:00:24	21.22	-0.01	34	72148	卖盘
10:00:21	21.23	0.01	10	21230	买盘
10:00:18	21.22	-0.01	4	8488	卖盘
10:00:12	21.23	0.01	2	4246	买盘
10:00:09	21.22	-0.01	4	8488	卖盘
10:00:06	21.23	--	45	95535	卖盘
10:00:03	21.23	-0.02	5	10615	卖盘
10:00:00	21.25	0.01	15	31875	买盘
09:59:57	21.24	--	25	53099	买盘
09:59:54	21.24	--	10	21240	卖盘
09:59:51	21.24	--	21	44604	卖盘
09:59:48	21.24	-0.01	1	2124	卖盘
09:59:39	21.25	-0.01	151	321831	卖盘
09:59:36	21.26	--	100	212600	卖盘
09:59:21	21.26	-0.02	21	44646	卖盘
09:59:09	21.28	--	58	124466	卖盘
09:59:06	21.28	--	48	102144	卖盘
09:59:03	21.28	--	17	36176	卖盘
09:58:57	21.28	-0.01	11	23408	卖盘
09:58:54	21.29	0.01	10	21290	买盘
09:58:51	21.28	--	139	295792	卖盘
09:58:48	21.28	-0.01	20	42560	卖盘
09:58:36	21.29	--	6	12774	买盘
09:58:33	21.29	-0.01	43	91547	卖盘
09:58:30	21.3	--	129	274770	买盘
09:58:27	21.3	--	3	6390	买盘
09:58:21	21.3	--	36	76680	买盘
09:58:18	21.3	0.01	25	53250	买盘
09:58:09	21.29	--	54	114966	卖盘
09:58:00	21.29	--	20	42580	卖盘
09:57:51	21.29	--	22	46838	买盘
09:57:48	21.29	--	2	4258	买盘
09:57:39	21.29	--	11	23419	买盘
09:57:36	21.29	--	138	293802	卖盘
09:57:33	21.29	--	8	17032	卖盘
09:57:27	21.29	--	15	31935	卖盘
09:57:21	21.29	--	5	10645	卖盘
09:57:18	21.29	-0.01	36	76644	卖盘
09:57:15	21.3	--	1	2130	买盘
09:57:06	21.3	0.01	15	31950	买盘
09:57:03	21.29	--	5	10645	卖盘
09:56:57	21.29	--	27	57483	卖盘
09:56:48	21.29	--	15	31935	卖盘
09:56:42	21.29	--	1	2129	卖盘
09:56:39	21.29	--	3	6387	卖盘
09:56:36	21.29	--	5	10645	卖盘
09:56:33	21.29	--	24	51096	卖盘
09:56:30	21.29	--	4	8516	卖盘
09:56:24	21.29	0.01	35	74515	买盘
09:56:21	21.28	--	5	10640	卖盘
09:56:18	21.28	--	9	20237	买盘
09:56:09	21.28	--	5	10640	买盘
09:56:06	21.28	0.01	10	21280	买盘
09:56:00	21.27	-0.01	25	53175	中性盘
09:55:51	21.28	--	42	90418	卖盘
09:55:45	21.28	0.01	100	213885	买盘
09:55:42	21.27	-0.01	2	4254	卖盘
09:55:36	21.28	0.01	5	10640	买盘
09:55:33	21.27	-0.01	29	61683	卖盘
09:55:18	21.28	0.03	50	106400	买盘
09:55:15	21.25	-0.02	49	104125	卖盘
09:55:12	21.27	0.01	3	6381	买盘
09:55:06	21.26	-0.01	52	110552	卖盘
09:55:00	21.27	0.01	5	10635	买盘
09:54:54	21.26	-0.02	1	2126	卖盘
09:54:48	21.28	0.03	5	10640	买盘
09:54:45	21.25	-0.02	129	274125	卖盘
09:54:36	21.27	0.01	61	131278	买盘
09:54:27	21.26	--	13	28233	卖盘
09:54:24	21.26	--	50	106300	卖盘
09:54:18	21.26	--	6	12756	卖盘
09:54:15	21.26	--	3	6378	卖盘
09:54:12	21.26	-0.01	10	21260	卖盘
09:54:09	21.27	0.01	8	17016	中性盘
09:53:54	21.26	-0.02	101	214726	卖盘
09:53:51	21.28	0.02	20	42560	买盘
09:53:45	21.26	-0.02	20	42520	卖盘
09:53:42	21.28	0.01	10	22812	买盘
09:53:24	21.27	-0.01	33	70786	卖盘
09:53:06	21.28	0.01	28	59584	买盘
09:52:57	21.27	-0.01	43	92503	卖盘
09:52:54	21.28	--	16	34048	卖盘
09:52:51	21.28	--	15	31920	卖盘
09:52:48	21.28	-0.01	17	37240	卖盘
09:52:45	21.29	--	1	2150	买盘
09:52:27	21.29	0.01	100	212900	买盘
09:52:18	21.28	--	1	4234	卖盘
09:52:15	21.28	--	38	80864	卖盘
09:52:12	21.28	--	3	6405	卖盘
09:52:03	21.28	-0.02	7	14896	卖盘
09:51:57	21.3	0.03	4	8520	买盘
09:51:51	21.27	--	8	18547	买盘
09:51:39	21.27	-0.02	14	29778	卖盘
09:51:36	21.29	--	23	48967	买盘
09:51:24	21.29	--	7	14903	买盘
09:51:12	21.29	0.02	10	21290	买盘
09:51:03	21.27	-0.02	9	19143	卖盘
09:50:57	21.29	0.03	15	31935	买盘
09:50:45	21.26	-0.03	10	21260	卖盘
09:50:42	21.29	0.03	4	8516	买盘
09:50:18	21.26	--	6	12756	买盘
09:50:12	21.26	0.01	45	95670	买盘
09:50:09	21.25	-0.01	33	70125	卖盘
09:50:06	21.26	--	30	63780	卖盘
09:50:03	21.26	--	11	23386	卖盘
09:49:57	21.26	-0.01	13	27638	卖盘
09:49:54	21.27	0.01	3	6381	中性盘
09:49:45	21.26	-0.02	27	57402	卖盘
09:49:42	21.28	--	24	51072	买盘
09:49:39	21.28	0.01	1	2128	买盘
09:49:36	21.27	--	8	17016	卖盘
09:49:33	21.27	--	139	295653	卖盘
09:49:30	21.27	--	15	31905	卖盘
09:49:24	21.27	--	3	6381	卖盘
09:49:21	21.27	--	30	63810	卖盘
09:49:18	21.27	--	8	17016	卖盘
09:49:15	21.27	--	10	21270	卖盘
09:49:09	21.27	-0.01	99	210573	卖盘
09:49:06	21.28	0.01	8	17024	买盘
09:49:03	21.27	--	16	34032	卖盘
09:49:00	21.27	-0.01	4	8508	卖盘
09:48:57	21.28	0.03	1	2128	买盘
09:48:48	21.25	-0.02	300	637500	卖盘
09:48:45	21.27	-0.01	20	42540	卖盘
09:48:36	21.28	0.01	2	4256	买盘
09:48:33	21.27	-0.01	3	6381	卖盘
09:48:30	21.28	0.01	22	46816	买盘
09:48:24	21.27	-0.01	9	19143	卖盘
09:48:18	21.28	-0.01	12	25536	买盘
09:48:15	21.29	0.01	32	68128	买盘
09:48:12	21.28	0.01	27	57456	中性盘
09:48:06	21.27	-0.01	49	104223	卖盘
09:48:00	21.28	--	5	10640	卖盘
09:47:51	21.28	-0.01	15	31920	卖盘
09:47:48	21.29	--	10	21290	买盘
09:47:45	21.29	-0.01	23	48967	卖盘
09:47:42	21.3	--	3	6390	买盘
09:47:36	21.3	-0.01	3	6390	中性盘
09:47:27	21.31	--	27	58602	买盘
09:47:24	21.31	0.01	12	25572	买盘
09:47:21	21.3	--	20	42600	卖盘
09:47:18	21.3	-0.01	60	127800	卖盘
09:47:15	21.31	--	5	10655	买盘
09:47:06	21.31	--	2	4262	买盘
09:47:03	21.31	--	54	115074	卖盘
09:46:51	21.31	--	48	102288	卖盘
09:46:42	21.31	-0.03	5	10655	卖盘
09:46:36	21.34	0.03	14	29876	买盘
09:46:33	21.31	-0.01	23	49013	卖盘
09:46:30	21.32	-0.02	100	213200	卖盘
09:46:27	21.34	--	1	2134	买盘
09:46:24	21.34	--	3	6402	买盘
09:46:21	21.34	--	1	2134	买盘
09:46:15	21.34	-0.02	110	235807	卖盘
09:46:12	21.36	--	16	35244	买盘
09:46:06	21.36	0.03	7	14952	买盘
09:46:03	21.33	-0.01	10	21330	卖盘
09:46:00	21.34	-0.01	18	38412	卖盘
09:45:57	21.35	0.02	5	10675	买盘
09:45:54	21.33	-0.01	10	21330	卖盘
09:45:51	21.34	--	10	21340	卖盘
09:45:45	21.34	-0.01	15	32010	中性盘
09:45:42	21.35	0.02	7	14945	买盘
09:45:39	21.33	--	2	4266	卖盘
09:45:36	21.33	-0.01	35	74655	卖盘
09:45:33	21.34	--	9	19206	卖盘
09:45:30	21.34	0.01	14	29876	买盘
09:45:24	21.33	-0.01	10	21330	卖盘
09:45:21	21.34	0.02	9	19206	买盘
09:45:18	21.32	-0.02	10	21320	卖盘
09:45:15	21.34	--	20	42680	卖盘
09:45:09	21.34	0.03	77	164574	买盘
09:45:06	21.31	--	50	106550	卖盘
09:45:00	21.31	--	5	10655	卖盘
09:44:51	21.31	--	6	12786	中性盘
09:44:39	21.31	0.01	10	21310	买盘
09:44:33	21.3	-0.01	10	21300	卖盘
09:44:27	21.31	-0.01	36	76716	买盘
09:44:21	21.32	-0.03	1	2132	卖盘
09:44:18	21.35	0.05	50	106750	买盘
09:44:15	21.3	-0.03	187	398310	卖盘
09:44:12	21.33	0.01	16	35194	买盘
09:44:06	21.32	--	5	10660	买盘
09:44:03	21.32	--	4	8528	买盘
09:43:57	21.32	--	5	10660	买盘
09:43:54	21.32	--	2	4264	买盘
09:43:51	21.32	0.02	6	12792	买盘
09:43:48	21.3	--	10	21300	卖盘
09:43:45	21.3	0.02	195	415350	买盘
09:43:42	21.28	--	2	4256	买盘
09:43:39	21.28	--	21	44688	买盘
09:43:36	21.28	--	20	42560	买盘
09:43:33	21.28	0.01	5	10640	买盘
09:43:27	21.27	-0.01	28	59556	卖盘
09:43:21	21.28	0.01	5	10640	买盘
09:43:12	21.27	-0.02	6	12762	卖盘
09:43:09	21.29	0.01	12	25548	买盘
09:43:03	21.28	--	23	48944	卖盘
09:43:00	21.28	0.01	17	37814	买盘
09:42:54	21.27	-0.01	1	2127	卖盘
09:42:51	21.28	0.01	30	63840	买盘
09:42:48	21.27	--	3	6381	卖盘
09:42:45	21.27	-0.01	19	40413	卖盘
09:42:39	21.28	--	10	21280	买盘
09:42:36	21.28	--	32	68096	买盘
09:42:21	21.28	--	5	10640	买盘
09:42:15	21.28	--	9	19152	买盘
09:42:09	21.28	-0.01	44	93632	卖盘
09:42:00	21.29	--	3	6387	卖盘
09:41:57	21.29	--	1	2129	卖盘
09:41:54	21.29	0.01	18	38322	买盘
09:41:51	21.28	0.02	1	2128	卖盘
09:41:33	21.26	-0.01	108	229608	卖盘
09:41:30	21.27	-0.03	66	140382	卖盘
09:41:27	21.3	0.02	22	46860	买盘
09:41:21	21.28	--	2	4256	买盘
09:41:18	21.28	--	4	8512	买盘
09:41:15	21.28	--	54	114912	卖盘
09:41:12	21.28	-0.01	2	4256	卖盘
09:41:09	21.29	0.01	11	23419	买盘
09:41:03	21.28	-0.01	5	10640	中性盘
09:40:45	21.29	0.01	23	48967	买盘
09:40:42	21.28	-0.01	9	19152	卖盘
09:40:39	21.29	0.03	16	35149	买盘
09:40:36	21.26	-0.01	10	21260	卖盘
09:40:33	21.27	--	9	20185	卖盘
09:40:27	21.27	--	20	42540	卖盘
09:40:24	21.27	-0.01	22	46794	卖盘
09:40:21	21.28	0.01	13	28749	买盘
09:40:18	21.27	--	4	8508	卖盘
09:40:15	21.27	-0.01	20	42540	卖盘
09:40:12	21.28	--	12	25536	买盘
09:40:09	21.28	--	4	8512	买盘
09:40:00	21.28	-0.02	497	1058658	卖盘
09:39:57	21.3	-0.01	2	4260	卖盘
09:39:54	21.31	0.01	24	51144	买盘
09:39:51	21.3	--	15	31950	卖盘
09:39:45	21.3	-0.01	39	83070	卖盘
09:39:42	21.31	--	20	42620	买盘
09:39:36	21.31	-0.01	13	27703	卖盘
09:39:33	21.32	--	9	19188	买盘
09:39:27	21.32	-0.01	13	27716	买盘
09:39:21	21.33	--	10	21330	买盘
09:39:18	21.33	0.01	50	106649	买盘
09:39:15	21.32	-0.01	55	117750	卖盘
09:39:12	21.33	0.01	3	6398	买盘
09:39:03	21.32	--	19	40508	卖盘
09:39:00	21.32	--	3	6396	卖盘
09:38:54	21.32	-0.01	10	21320	卖盘
09:38:51	21.33	--	9	19197	中性盘
09:38:36	21.33	--	30	63989	卖盘
09:38:27	21.33	0.01	1	2133	买盘
09:38:15	21.32	0.02	4	10169	卖盘
09:38:03	21.3	-0.04	49	104370	卖盘
09:38:00	21.34	--	4	8536	买盘
09:37:57	21.34	0.04	11	23474	买盘
09:37:54	21.3	--	10	21300	卖盘
09:37:51	21.3	0.01	74	158685	买盘
09:37:48	21.29	0.01	31	66020	买盘
09:37:45	21.28	0.01	5	10640	卖盘
09:37:36	21.27	--	15	31905	卖盘
09:37:33	21.27	-0.01	12	25524	卖盘
09:37:30	21.28	0.01	14	29792	买盘
09:37:27	21.27	--	12	25524	卖盘
09:37:18	21.27	-0.01	4	8508	卖盘
09:37:15	21.28	--	33	70224	卖盘
09:37:09	21.28	--	5	10640	卖盘
09:37:06	21.28	--	5	10640	卖盘
09:37:03	21.28	0.01	49	104272	买盘
09:37:00	21.27	-0.01	25	53175	卖盘
09:36:57	21.28	--	51	108528	买盘
09:36:54	21.28	0.01	35	74480	买盘
09:36:51	21.27	-0.02	3	6381	卖盘
09:36:48	21.29	0.01	60	127740	买盘
09:36:45	21.28	-0.01	91	193648	卖盘
09:36:39	21.29	--	20	42580	买盘
09:36:36	21.29	-0.01	1	4236	卖盘
09:36:33	21.3	0.01	21	44730	买盘
09:36:30	21.29	--	8	17032	卖盘
09:36:27	21.29	--	22	46838	卖盘
09:36:24	21.29	-0.01	31	65999	卖盘
09:36:18	21.3	--	13	27690	卖盘
09:36:15	21.3	--	26	55380	卖盘
09:36:12	21.3	-0.01	3	6390	卖盘
09:36:09	21.31	--	30	63929	买盘
09:36:06	21.31	--	53	112943	买盘
09:36:03	21.31	0.01	1	2131	买盘
09:36:00	21.3	-0.01	19	40470	卖盘
09:35:57	21.31	--	11	23441	买盘
09:35:54	21.31	--	7	14917	卖盘
09:35:51	21.31	--	16	34096	买盘
09:35:48	21.31	--	10	21310	买盘
09:35:42	21.31	--	10	21310	买盘
09:35:39	21.31	-0.01	12	25572	卖盘
09:35:36	21.32	0.01	10	21320	买盘
09:35:27	21.31	--	3	6393	卖盘
09:35:24	21.31	-0.01	22	46882	卖盘
09:35:21	21.32	--	9	19188	买盘
09:35:12	21.32	-0.03	3	6396	卖盘
09:35:09	21.35	--	8	17080	买盘
09:35:06	21.35	--	10	21350	买盘
09:35:00	21.35	--	25	53375	买盘
09:34:57	21.35	--	2	4270	卖盘
09:34:51	21.35	--	5	10675	中性盘
09:34:45	21.35	0.04	10	21350	买盘
09:34:42	21.31	--	1	2131	卖盘
09:34:33	21.31	-0.03	4	8524	卖盘
09:34:30	21.34	--	5	10670	中性盘
09:34:24	21.34	0.03	5	10670	买盘
09:34:18	21.31	0.01	21	44751	买盘
09:34:12	21.3	--	3	6390	卖盘
09:34:09	21.3	--	70	149100	卖盘
09:34:00	21.3	--	36	76680	买盘
09:33:57	21.3	--	1	2130	买盘
09:33:51	21.3	0.01	23	48990	买盘
09:33:48	21.29	--	16	34064	卖盘
09:33:45	21.29	-0.01	51	108600	卖盘
09:33:42	21.3	0.01	7	14910	买盘
09:33:39	21.29	--	33	70257	买盘
09:33:33	21.29	--	10	21290	买盘
09:33:30	21.29	--	5	10645	买盘
09:33:27	21.29	--	8	17032	买盘
09:33:24	21.29	--	16	34064	中性盘
09:33:21	21.29	-0.02	58	123482	卖盘
09:33:18	21.31	0.02	6	12786	买盘
09:33:15	21.29	-0.02	10	21290	卖盘
09:33:12	21.31	0.02	10	21310	买盘
09:33:09	21.29	--	3	6387	卖盘
09:33:03	21.29	0.01	2	4258	买盘
09:32:51	21.28	-0.01	40	85120	卖盘
09:32:45	21.29	-0.01	17	36193	卖盘
09:32:39	21.3	--	11	23430	买盘
09:32:36	21.3	--	91	193830	卖盘
09:32:33	21.3	-0.01	12	25560	卖盘
09:32:27	21.31	0.01	10	21310	买盘
09:32:21	21.3	--	18	38340	卖盘
09:32:18	21.3	-0.01	10	21300	卖盘
09:32:15	21.31	0.01	12	25572	买盘
09:32:12	21.3	--	55	117150	卖盘
09:32:09	21.3	-0.01	7	14910	卖盘
09:32:00	21.31	--	17	36227	买盘
09:31:57	21.31	--	57	121466	买盘
09:31:54	21.31	--	22	46882	买盘
09:31:51	21.31	--	6	12786	卖盘
09:31:45	21.31	--	25	53275	卖盘
09:31:36	21.31	--	12	25572	买盘
09:31:27	21.31	--	5	10655	买盘
09:31:24	21.31	--	10	21310	买盘
09:31:18	21.31	0.01	18	38358	中性盘
09:31:12	21.3	-0.09	18	38340	卖盘
09:30:51	21.39	0.11	8	17112	买盘
09:30:39	21.28	-0.12	7	14896	中性盘
09:30:27	21.4	0.14	18	38520	买盘
09:30:24	21.26	--	8	17008	卖盘
09:30:21	21.26	--	5	10630	卖盘
09:30:09	21.26	--	315	669690	卖盘
09:30:06	21.26	--	47	99922	卖盘
09:30:03	21.26	0.01	46	97796	买盘
09:25:03	21.25	21.25	121	258293	买盘
