成交时间	成交价	价格变动	成交量(手)	成交额(元)	性质
15:00:03	17.34	-0.01	565	979710	卖盘
14:57:03	17.35	--	0	0	卖盘
14:57:00	17.35	-0.02	4	6940	中性盘
14:56:48	17.37	0.01	102	177174	买盘
14:56:45	17.36	0.01	100	173600	买盘
14:56:42	17.35	--	24	41640	买盘
14:56:36	17.35	--	1	2255	卖盘
14:56:33	17.35	--	43	75871	卖盘
14:56:27	17.35	--	18	31230	卖盘
14:56:15	17.35	--	10	17350	卖盘
14:56:12	17.35	--	68	119662	买盘
14:56:09	17.35	--	443	768657	买盘
14:56:06	17.35	0.02	31	53785	买盘
14:56:03	17.33	--	10	17330	卖盘
14:55:57	17.33	--	10	17330	卖盘
14:55:48	17.33	0.01	10	17330	卖盘
14:55:42	17.32	-0.01	71	122972	卖盘
14:55:39	17.33	--	5	8665	卖盘
14:55:33	17.33	--	1	1732	卖盘
14:55:30	17.33	-0.02	100	173299	卖盘
14:55:27	17.35	0.03	12	20820	买盘
14:55:24	17.32	--	5	8660	卖盘
14:55:12	17.32	--	1	1732	卖盘
14:55:09	17.32	-0.01	77	133364	卖盘
14:55:03	17.33	0.01	30	51989	买盘
14:55:00	17.32	--	8	13856	卖盘
14:54:54	17.32	0.02	60	105600	买盘
14:54:48	17.3	-0.02	200	346000	卖盘
14:54:42	17.32	-0.01	25	43300	卖盘
14:54:36	17.33	--	1	1732	卖盘
14:54:33	17.33	0.02	9	15596	买盘
14:54:30	17.31	-0.01	23	39813	卖盘
14:54:24	17.32	--	11	19052	买盘
14:54:21	17.32	0.01	4	6928	买盘
14:54:18	17.31	-0.01	19	32889	卖盘
14:54:15	17.32	0.01	17	29444	中性盘
14:54:12	17.31	--	5	8655	卖盘
14:54:09	17.31	-0.02	43	74433	卖盘
14:54:03	17.33	0.01	140	242619	买盘
14:53:57	17.32	--	142	246082	卖盘
14:53:54	17.32	-0.01	10	17320	卖盘
14:53:51	17.33	0.01	26	45057	买盘
14:53:48	17.32	-0.01	18	31176	卖盘
14:53:45	17.33	0.01	3	5198	中性盘
14:53:33	17.32	--	12	20784	卖盘
14:53:30	17.32	-0.02	129	223428	卖盘
14:53:27	17.34	--	10	17340	买盘
14:53:24	17.34	0.01	26	45084	买盘
14:53:18	17.33	--	1	1732	卖盘
14:53:15	17.33	-0.01	3	6793	卖盘
14:53:12	17.34	--	10	17340	买盘
14:53:06	17.34	-0.01	69	119646	卖盘
14:53:00	17.35	-0.01	303	527353	卖盘
14:52:57	17.36	0.01	10	17360	买盘
14:52:51	17.35	-0.01	15	26025	卖盘
14:52:45	17.36	--	5	8680	买盘
14:52:42	17.36	--	0	468	卖盘
14:52:39	17.36	--	5	8680	卖盘
14:52:36	17.36	--	30	53347	买盘
14:52:30	17.36	-0.01	54	94212	卖盘
14:52:15	17.37	0.01	3	5211	买盘
14:52:12	17.36	-0.01	20	34720	卖盘
14:52:09	17.37	0.01	25	43425	买盘
14:52:03	17.36	-0.01	0	1267	卖盘
14:51:57	17.37	0.01	8	13896	买盘
14:51:54	17.36	0.01	2	3472	卖盘
14:51:51	17.35	-0.01	234	406597	卖盘
14:51:42	17.36	--	16	27776	卖盘
14:51:39	17.36	-0.01	3	5208	卖盘
14:51:36	17.37	0.01	4	6948	卖盘
14:51:27	17.36	--	4	6944	卖盘
14:51:24	17.36	-0.01	44	76384	卖盘
14:51:21	17.37	--	50	86850	卖盘
14:51:18	17.37	0.01	136	236232	买盘
14:51:15	17.36	--	40	69440	卖盘
14:51:12	17.36	--	3	5208	卖盘
14:51:09	17.36	--	30	52080	卖盘
14:51:00	17.36	-0.01	26	45136	卖盘
14:50:57	17.37	--	1	1737	买盘
14:50:54	17.37	0.01	5	8685	买盘
14:50:45	17.36	--	6	10416	卖盘
14:50:42	17.36	--	46	79856	卖盘
14:50:33	17.36	-0.01	15	26040	卖盘
14:50:18	17.37	0.01	61	105957	买盘
14:50:15	17.36	--	30	52080	卖盘
14:50:12	17.36	--	10	17360	卖盘
14:50:06	17.36	-0.01	10	17360	卖盘
14:49:57	17.37	0.01	60	104220	买盘
14:49:54	17.36	-0.01	45	79317	卖盘
14:49:51	17.37	0.01	13	22581	买盘
14:49:42	17.36	-0.01	40	69440	卖盘
14:49:33	17.37	--	3	5211	买盘
14:49:27	17.37	0.01	23	39951	中性盘
14:49:21	17.36	--	50	86800	卖盘
14:49:18	17.36	-0.01	56	97216	卖盘
14:49:12	17.37	--	15	26523	买盘
14:49:06	17.37	0.01	10	17370	买盘
14:49:03	17.36	-0.01	21	36456	卖盘
14:48:57	17.37	--	1	1737	买盘
14:48:54	17.37	--	5	8685	买盘
14:48:51	17.37	--	1	1737	买盘
14:48:48	17.37	--	84	145908	买盘
14:48:33	17.37	--	44	77696	卖盘
14:48:30	17.37	-0.01	1	1737	卖盘
14:48:21	17.38	0.01	22	38236	买盘
14:48:15	17.37	-0.01	45	78165	卖盘
14:48:12	17.38	0.01	3	5214	买盘
14:48:09	17.37	-0.01	5	8685	卖盘
14:47:54	17.38	--	2	4258	卖盘
14:47:45	17.38	--	62	107756	卖盘
14:47:18	17.38	--	29	51357	买盘
14:47:15	17.38	0.01	11	19118	买盘
14:47:12	17.37	--	96	167220	卖盘
14:47:09	17.37	--	10	17370	卖盘
14:47:06	17.37	--	1	1737	卖盘
14:46:57	17.37	--	3	5211	卖盘
14:46:51	17.37	-0.01	2	3474	卖盘
14:46:45	17.38	--	11	19118	买盘
14:46:42	17.38	--	1	1738	买盘
14:46:24	17.38	--	100	173800	买盘
14:46:12	17.38	--	50	86900	买盘
14:46:03	17.38	--	7	12166	买盘
14:45:57	17.38	--	5	8690	买盘
14:45:54	17.38	--	5	8690	买盘
14:45:51	17.38	--	7	12166	买盘
14:45:48	17.38	-0.02	99	172844	卖盘
14:45:39	17.4	0.01	10	17400	买盘
14:45:36	17.39	--	15	26085	买盘
14:45:30	17.39	-0.01	1	1739	卖盘
14:45:21	17.4	0.01	6	10440	买盘
14:45:15	17.39	0.01	2	3478	中性盘
14:44:42	17.38	-0.02	8	13904	卖盘
14:44:33	17.4	0.02	10	17400	买盘
14:44:27	17.38	--	36	63523	买盘
14:44:21	17.38	-0.02	17	29546	卖盘
14:44:03	17.4	--	10	17400	买盘
14:43:57	17.4	--	1	1739	买盘
14:43:42	17.4	--	38	66120	买盘
14:43:33	17.4	--	159	277930	卖盘
14:43:24	17.4	--	20	34800	卖盘
14:42:57	17.4	0.02	130	226669	买盘
14:42:54	17.38	--	5	8690	卖盘
14:42:45	17.38	0.01	35	60830	买盘
14:42:39	17.37	--	15	26055	卖盘
14:42:33	17.37	--	35	60795	买盘
14:42:21	17.37	--	1	1737	买盘
14:42:06	17.37	-0.01	54	93798	卖盘
14:42:00	17.38	-0.01	5	8690	卖盘
14:41:45	17.39	-0.01	425	739544	卖盘
14:41:42	17.4	--	5	8700	卖盘
14:41:39	17.4	--	29	50459	卖盘
14:41:33	17.4	--	10	17400	卖盘
14:41:30	17.4	--	9	16930	卖盘
14:41:24	17.4	0.01	3	5220	卖盘
14:41:21	17.39	--	8	13912	卖盘
14:41:18	17.39	-0.06	21	36519	卖盘
14:40:51	17.45	0.02	100	174500	买盘
14:40:45	17.43	--	7	12201	买盘
14:40:39	17.43	--	34	59262	卖盘
14:40:30	17.43	--	55	95865	卖盘
14:40:27	17.43	--	9	15687	卖盘
14:40:24	17.43	--	15	26145	卖盘
14:40:09	17.43	0.04	92	160356	买盘
14:40:00	17.39	--	10	17390	卖盘
14:39:54	17.39	--	211	366929	卖盘
14:39:39	17.39	--	5	8695	卖盘
14:39:36	17.39	-0.01	34	59126	卖盘
14:39:33	17.4	--	20	34800	买盘
14:39:18	17.4	0.01	7	12179	买盘
14:39:15	17.39	--	5	8695	卖盘
14:39:12	17.39	--	5	8695	卖盘
14:39:03	17.39	--	5	8695	买盘
14:38:57	17.39	--	10	17390	买盘
14:38:54	17.39	0.01	3	5217	买盘
14:38:51	17.38	--	50	86900	卖盘
14:38:39	17.38	--	10	17380	卖盘
14:38:06	17.38	--	5	8690	卖盘
14:38:03	17.38	--	7	12166	卖盘
14:38:00	17.38	--	4	6952	卖盘
14:37:54	17.38	0.01	138	240191	买盘
14:37:51	17.37	-0.01	3	5211	卖盘
14:37:33	17.38	0.02	10	17380	买盘
14:37:27	17.36	--	19	32984	卖盘
14:37:24	17.36	-0.01	6	11700	卖盘
14:37:21	17.37	--	2	3474	买盘
14:37:12	17.37	--	39	67743	买盘
14:37:09	17.37	--	61	107572	卖盘
14:37:06	17.37	-0.01	24	41688	卖盘
14:36:57	17.38	0.01	51	88638	买盘
14:36:54	17.37	-0.01	22	38613	卖盘
14:36:45	17.38	-0.01	185	322520	卖盘
14:36:42	17.39	0.01	14	24346	买盘
14:36:39	17.38	-0.01	23	40165	卖盘
14:36:33	17.39	0.01	5	8695	买盘
14:36:24	17.38	--	20	35316	买盘
14:36:21	17.38	--	5	8690	买盘
14:36:18	17.38	0.01	20	34760	买盘
14:36:15	17.37	-0.01	4	6948	卖盘
14:36:09	17.38	0.01	18	31284	卖盘
14:35:54	17.37	-0.01	130	226105	卖盘
14:35:39	17.38	--	61	107651	中性盘
14:35:33	17.38	--	10	17380	买盘
14:35:30	17.38	--	2	3476	买盘
14:35:27	17.38	0.01	15	26070	买盘
14:35:24	17.37	-0.01	14	24352	卖盘
14:35:21	17.38	--	8	13904	买盘
14:35:12	17.38	--	9	15642	买盘
14:35:09	17.38	--	24	42598	买盘
14:34:57	17.38	0.01	5	8690	买盘
14:34:54	17.37	-0.01	5	9032	卖盘
14:34:51	17.38	--	6	10428	买盘
14:34:48	17.38	--	8	13904	卖盘
14:34:33	17.38	--	10	17380	卖盘
14:34:18	17.38	-0.02	214	371932	卖盘
14:34:03	17.4	-0.03	1	1739	卖盘
14:33:45	17.43	0.03	20	34860	买盘
14:33:42	17.4	--	13	22619	买盘
14:33:39	17.4	-0.03	37	64379	卖盘
14:33:27	17.43	--	50	87150	买盘
14:33:24	17.43	0.03	38	66234	买盘
14:33:21	17.4	-0.01	10	17400	卖盘
14:33:18	17.41	-0.01	4	6964	卖盘
14:33:09	17.42	-0.01	3	5226	卖盘
14:33:00	17.43	--	25	43575	买盘
14:32:57	17.43	--	12	20916	卖盘
14:32:54	17.43	-0.02	5	8715	卖盘
14:32:30	17.45	--	7	12215	卖盘
14:32:27	17.45	--	20	34900	卖盘
14:32:21	17.45	--	20	34900	卖盘
14:32:18	17.45	--	3	5235	卖盘
14:32:15	17.45	--	113	197185	买盘
14:32:12	17.45	--	16	27920	卖盘
14:32:09	17.45	--	30	52350	卖盘
14:31:57	17.45	--	24	41880	卖盘
14:31:54	17.45	-0.01	28	48860	中性盘
14:31:42	17.46	0.01	10	17460	买盘
14:31:39	17.45	--	3	5235	买盘
14:31:36	17.45	-0.01	5	8725	卖盘
14:31:30	17.46	0.01	27	47142	买盘
14:31:24	17.45	--	3	5235	卖盘
14:31:18	17.45	--	5	8725	卖盘
14:31:03	17.45	--	2	3490	买盘
14:31:00	17.45	--	6	10470	卖盘
14:30:42	17.45	-0.01	8	13960	卖盘
14:30:39	17.46	--	1	1746	买盘
14:30:36	17.46	0.01	33	57618	买盘
14:30:27	17.45	-0.01	15	26175	卖盘
14:30:06	17.46	0.01	15	26190	买盘
14:29:51	17.45	0.01	190	331550	买盘
14:29:39	17.44	-0.01	5	8720	卖盘
14:29:36	17.45	--	74	129130	买盘
14:29:33	17.45	0.01	1	1745	买盘
14:29:18	17.44	--	4	6976	买盘
14:29:15	17.44	--	50	87200	买盘
14:28:45	17.44	0.01	2	3488	买盘
14:28:24	17.43	0.01	2	3486	买盘
14:28:06	17.42	0.02	107	186394	买盘
14:28:03	17.4	-0.01	156	271440	卖盘
14:27:54	17.41	--	6	10446	买盘
14:27:45	17.41	--	14	24374	卖盘
14:27:39	17.41	--	8	13928	卖盘
14:27:27	17.41	-0.01	1	1741	卖盘
14:27:15	17.42	--	5	8710	买盘
14:27:00	17.42	--	3	5226	卖盘
14:26:36	17.42	-0.02	3	5226	中性盘
14:26:18	17.44	0.03	11	19184	买盘
14:26:03	17.41	-0.02	11	19151	卖盘
14:25:54	17.43	--	49	85407	买盘
14:25:48	17.43	0.02	5	8715	买盘
14:25:39	17.41	-0.02	7	12187	卖盘
14:25:36	17.43	--	1	1743	买盘
14:25:24	17.43	--	3	5229	买盘
14:25:21	17.43	--	25	43575	卖盘
14:25:09	17.43	--	3	5229	卖盘
14:25:06	17.43	--	4	6972	卖盘
14:25:03	17.43	-0.01	2	3486	卖盘
14:24:42	17.44	--	3	5232	买盘
14:24:36	17.44	-0.01	8	13952	卖盘
14:24:21	17.45	--	30	52350	卖盘
14:24:18	17.45	--	12	20940	买盘
14:24:12	17.45	--	6	10470	卖盘
14:24:06	17.45	--	50	87250	卖盘
14:24:03	17.45	--	10	17450	卖盘
14:24:00	17.45	-0.01	12	20940	卖盘
14:23:54	17.46	--	5	8730	买盘
14:23:51	17.46	--	5	8730	买盘
14:23:45	17.46	--	24	41904	买盘
14:23:36	17.46	--	22	38412	卖盘
14:23:27	17.46	--	31	54126	买盘
14:23:21	17.46	-0.01	19	33174	中性盘
14:23:09	17.47	0.02	31	54157	买盘
14:23:06	17.45	--	17	29665	卖盘
14:23:03	17.45	--	10	17450	买盘
14:22:57	17.45	--	80	139600	买盘
14:22:39	17.45	--	21	36645	卖盘
14:22:30	17.45	0.01	3	5235	买盘
14:22:18	17.44	--	1	1744	卖盘
14:22:15	17.44	0.01	97	169168	买盘
14:22:12	17.43	-0.01	6	10458	卖盘
14:22:09	17.44	--	21	36624	买盘
14:22:00	17.44	0.01	56	97664	买盘
14:21:48	17.43	0.01	6	10458	买盘
14:21:39	17.42	--	2	3484	卖盘
14:21:33	17.42	-0.01	2	3484	中性盘
14:21:06	17.43	0.01	65	113295	买盘
14:20:54	17.42	0.01	10	17420	买盘
14:20:42	17.41	-0.01	10	17410	卖盘
14:20:09	17.42	--	3	5226	买盘
14:20:06	17.42	--	16	27872	买盘
14:20:03	17.42	--	18	31356	卖盘
14:20:00	17.42	-0.01	4	6968	卖盘
14:19:33	17.43	--	5	8715	买盘
14:19:30	17.43	0.01	2	3486	买盘
14:19:27	17.42	-0.01	4	6968	卖盘
14:19:06	17.43	0.01	10	17430	买盘
14:19:00	17.42	--	15	26130	卖盘
14:18:48	17.42	-0.02	6	10452	卖盘
14:18:42	17.44	--	3	5232	买盘
14:18:30	17.44	--	10	17440	买盘
14:17:54	17.44	--	5	8720	买盘
14:17:42	17.44	--	10	17440	买盘
14:17:39	17.44	0.04	22	38368	买盘
14:17:24	17.4	-0.04	9	15659	卖盘
14:17:21	17.44	0.04	1	1744	买盘
14:17:12	17.4	-0.04	2	3479	卖盘
14:16:51	17.44	0.04	20	34880	买盘
14:16:48	17.4	--	22	38280	卖盘
14:16:45	17.4	--	49	85260	买盘
14:16:42	17.4	--	20	34800	买盘
14:16:39	17.4	--	60	104399	买盘
14:16:36	17.4	0.01	15	26099	买盘
14:16:33	17.39	-0.01	9	15651	卖盘
14:16:30	17.4	--	3	5220	买盘
14:16:27	17.4	0.01	1	1739	买盘
14:16:24	17.39	--	11	19129	卖盘
14:16:21	17.39	-0.01	75	130425	卖盘
14:16:18	17.4	--	55	95699	买盘
14:16:12	17.4	--	34	59159	买盘
14:16:09	17.4	0.01	16	27839	买盘
14:16:00	17.39	-0.01	5	8695	卖盘
14:15:54	17.4	--	10	17400	买盘
14:15:48	17.4	--	20	34800	买盘
14:15:42	17.4	0.01	20	34800	买盘
14:15:33	17.39	--	14	24346	卖盘
14:15:24	17.39	-0.01	10	17390	卖盘
14:15:21	17.4	0.01	20	34800	买盘
14:15:09	17.39	--	45	78255	买盘
14:15:06	17.39	--	4	6956	买盘
14:15:00	17.39	-0.01	11	19129	中性盘
14:14:57	17.4	0.02	2	3479	买盘
14:14:48	17.38	--	10	17380	卖盘
14:14:39	17.38	--	27	46926	买盘
14:14:36	17.38	--	5	8690	买盘
14:14:33	17.38	0.01	10	17380	买盘
14:14:18	17.37	--	13	22581	买盘
14:14:15	17.37	0.02	10	17370	买盘
14:13:57	17.35	--	2	3470	卖盘
14:13:51	17.35	--	15	26025	卖盘
14:13:48	17.35	--	3	5205	卖盘
14:13:39	17.35	--	9	16534	买盘
14:13:21	17.35	--	18	31230	买盘
14:13:15	17.35	--	3	5205	买盘
14:13:12	17.35	0.01	8	13880	买盘
14:13:09	17.34	-0.01	2	3468	卖盘
14:13:03	17.35	0.01	10	17350	买盘
14:13:00	17.34	--	10	17340	卖盘
14:12:51	17.34	-0.01	16	27744	卖盘
14:12:48	17.35	--	2	3470	买盘
14:12:33	17.35	0.01	10	17350	买盘
14:12:09	17.34	-0.01	1	1734	卖盘
14:12:06	17.35	--	53	93603	买盘
14:11:57	17.35	--	11	19085	买盘
14:11:45	17.35	0.01	10	17350	买盘
14:11:42	17.34	-0.01	12	20808	中性盘
14:11:39	17.35	0.01	8	13880	买盘
14:11:33	17.34	-0.01	8	13872	卖盘
14:11:24	17.35	0.01	25	43375	买盘
14:11:18	17.34	-0.01	40	69360	卖盘
14:11:09	17.35	0.01	5	8675	买盘
14:11:00	17.34	--	10	17340	卖盘
14:10:48	17.34	-0.01	7	12138	卖盘
14:10:42	17.35	--	10	17350	买盘
14:10:33	17.35	--	24	42455	卖盘
14:10:27	17.35	--	10	17350	卖盘
14:10:24	17.35	--	78	135330	卖盘
14:10:18	17.35	--	85	147475	卖盘
14:10:06	17.35	--	7	12145	卖盘
14:10:03	17.35	-0.01	70	121450	卖盘
14:09:57	17.36	--	12	20832	买盘
14:09:45	17.36	--	13	22568	买盘
14:09:42	17.36	-0.01	1	1736	中性盘
14:09:06	17.37	0.01	3	5211	买盘
14:09:03	17.36	--	2	3472	买盘
14:09:00	17.36	--	10	17446	卖盘
14:08:45	17.36	-0.01	170	295120	卖盘
14:08:42	17.37	--	10	17370	买盘
14:08:33	17.37	--	1	1737	买盘
14:08:30	17.37	--	25	43425	卖盘
14:08:24	17.37	0.01	3	5211	中性盘
14:08:15	17.36	-0.01	25	43400	卖盘
14:08:12	17.37	--	7	13809	买盘
14:08:06	17.37	--	3	5211	买盘
14:08:00	17.37	--	11	19193	卖盘
14:07:57	17.37	--	10	19020	买盘
14:07:51	17.37	0.01	10	17370	买盘
14:07:42	17.36	-0.01	5	8680	卖盘
14:07:30	17.37	0.01	6	10422	买盘
14:07:27	17.36	--	14	24304	卖盘
14:07:21	17.36	-0.01	2	3472	卖盘
14:07:03	17.37	--	20	34740	买盘
14:06:54	17.37	--	31	53933	卖盘
14:06:51	17.37	-0.01	10	17370	卖盘
14:06:33	17.38	0.01	13	22594	买盘
14:06:27	17.37	-0.01	2	3474	卖盘
14:06:09	17.38	0.01	10	17380	买盘
14:06:06	17.37	--	19	33003	卖盘
14:05:45	17.37	-0.01	20	34740	卖盘
14:05:30	17.38	--	10	17380	买盘
14:05:09	17.38	0.01	10	17380	中性盘
14:04:39	17.37	-0.01	50	86850	卖盘
14:04:36	17.38	0.01	25	45101	买盘
14:04:30	17.37	--	10	17370	卖盘
14:04:15	17.37	-0.01	2	3474	卖盘
14:04:12	17.38	--	10	17380	买盘
14:04:03	17.38	--	10	17380	买盘
14:03:57	17.38	--	5	8690	买盘
14:03:54	17.38	--	2	3476	买盘
14:03:45	17.38	--	5	8690	买盘
14:03:30	17.38	--	10	17380	买盘
14:03:27	17.38	0.01	1	1738	买盘
14:03:24	17.37	--	18	31266	卖盘
14:03:18	17.37	-0.01	17	29529	卖盘
14:03:03	17.38	--	8	13904	买盘
14:03:00	17.38	0.01	1	1738	买盘
14:02:57	17.37	--	1	1737	卖盘
14:02:54	17.37	-0.01	14	24318	卖盘
14:01:48	17.38	--	15	26070	买盘
14:01:12	17.38	-0.01	15	26070	卖盘
14:01:09	17.39	--	20	34780	买盘
14:00:48	17.39	--	8	13912	买盘
14:00:39	17.39	--	4	6956	买盘
14:00:21	17.39	0.01	10	17390	买盘
14:00:12	17.38	-0.01	27	46926	卖盘
13:59:57	17.39	--	20	34780	买盘
13:59:39	17.39	0.01	25	43475	买盘
13:59:15	17.38	-0.01	6	10428	中性盘
13:59:06	17.39	0.02	100	173900	买盘
13:58:54	17.37	-0.01	10	17370	卖盘
13:58:45	17.38	--	11	19118	买盘
13:58:42	17.38	0.01	1	1738	买盘
13:58:36	17.37	-0.01	20	34740	卖盘
13:58:33	17.38	--	10	17380	买盘
13:58:30	17.38	0.01	10	17380	买盘
13:58:24	17.37	--	10	17370	卖盘
13:58:18	17.37	--	3	5211	卖盘
13:58:06	17.37	--	2	3474	卖盘
13:57:48	17.37	--	5	8685	买盘
13:57:39	17.37	-0.01	15	26055	卖盘
13:57:33	17.38	0.01	5	8690	买盘
13:57:06	17.37	--	20	34740	卖盘
13:57:00	17.37	-0.01	20	34740	卖盘
13:56:57	17.38	0.01	5	8690	买盘
13:56:09	17.37	--	9	15633	买盘
13:56:00	17.37	--	4	6948	买盘
13:55:48	17.37	--	3	5211	买盘
13:55:45	17.37	--	3	5211	买盘
13:55:42	17.37	--	20	34740	买盘
13:55:18	17.37	--	20	34740	买盘
13:55:12	17.37	--	22	38214	买盘
13:55:06	17.37	--	20	34740	买盘
13:54:51	17.37	0.02	9	15633	买盘
13:54:48	17.35	--	17	30709	卖盘
13:54:45	17.35	-0.01	20	34700	卖盘
13:54:39	17.36	--	25	43400	买盘
13:54:36	17.36	0.01	5	8680	买盘
13:54:27	17.35	--	14	24290	卖盘
13:54:12	17.35	0.02	58	102070	买盘
13:54:06	17.33	-0.01	10	17330	卖盘
13:53:57	17.34	--	10	17340	买盘
13:53:51	17.34	--	19	32946	买盘
13:53:45	17.34	--	1	1734	买盘
13:53:36	17.34	--	166	287844	买盘
13:53:30	17.34	--	2	3468	买盘
13:53:27	17.34	--	34	58956	买盘
13:53:24	17.34	--	15	26010	买盘
13:53:18	17.34	--	1	1734	买盘
13:53:12	17.34	--	10	17340	买盘
13:53:09	17.34	--	1	1734	买盘
13:53:03	17.34	--	55	95370	买盘
13:53:00	17.34	--	40	69360	买盘
13:52:51	17.34	--	5	8670	买盘
13:52:48	17.34	--	15	26010	买盘
13:52:45	17.34	0.01	28	48552	买盘
13:52:42	17.33	-0.01	50	86649	卖盘
13:52:30	17.34	0.02	3	5202	买盘
13:52:21	17.32	-0.02	30	51960	卖盘
13:52:15	17.34	0.02	50	86700	买盘
13:52:12	17.32	-0.01	16	27712	卖盘
13:52:09	17.33	--	2	3465	卖盘
13:52:06	17.33	-0.01	45	77984	中性盘
13:52:00	17.34	0.01	70	121380	买盘
13:51:57	17.33	--	20	34660	卖盘
13:51:48	17.33	-0.01	53	91848	卖盘
13:51:42	17.34	0.02	20	34680	买盘
13:51:36	17.32	-0.02	26	45032	卖盘
13:51:33	17.34	0.01	29	50286	买盘
13:51:30	17.33	--	20	34660	买盘
13:51:24	17.33	--	1	1732	买盘
13:51:21	17.33	--	1	1732	买盘
13:51:18	17.33	-0.02	15	25994	卖盘
13:51:12	17.35	0.01	60	104100	买盘
13:51:09	17.34	--	23	39882	卖盘
13:51:00	17.34	--	7	12138	卖盘
13:50:54	17.34	-0.01	4	6936	卖盘
13:50:42	17.35	--	35	60725	买盘
13:50:36	17.35	--	23	39905	买盘
13:50:33	17.35	--	99	171765	卖盘
13:50:30	17.35	--	20	34700	卖盘
13:50:24	17.35	-0.01	11	19085	卖盘
13:50:18	17.36	0.01	10	17360	买盘
13:50:15	17.35	-0.01	30	52050	卖盘
13:50:12	17.36	--	23	39928	买盘
13:50:09	17.36	0.01	1	1736	买盘
13:50:06	17.35	-0.01	5	8675	卖盘
13:50:03	17.36	--	2	3472	买盘
13:50:00	17.36	0.01	2	3472	买盘
13:49:57	17.35	-0.01	50	86750	卖盘
13:49:51	17.36	-0.01	17	29512	卖盘
13:49:45	17.37	0.01	2	3474	买盘
13:49:30	17.36	-0.01	50	86800	卖盘
13:49:27	17.37	--	5	8685	买盘
13:49:21	17.37	-0.01	21	36477	卖盘
13:49:15	17.38	0.01	21	36498	买盘
13:49:09	17.37	-0.01	1	1737	卖盘
13:49:00	17.38	--	4	6952	买盘
13:48:57	17.38	--	43	74734	买盘
13:48:54	17.38	--	17	29546	买盘
13:48:51	17.38	--	5	8690	买盘
13:48:45	17.38	--	8	13904	卖盘
13:48:33	17.38	--	1	1738	卖盘
13:48:30	17.38	--	29	50402	卖盘
13:48:03	17.38	--	64	111232	买盘
13:47:54	17.38	--	30	52140	买盘
13:47:48	17.38	--	35	60830	买盘
13:47:39	17.38	--	10	17380	买盘
13:47:36	17.38	--	12	20856	卖盘
13:47:12	17.38	--	10	17380	买盘
13:47:06	17.38	0.01	7	12166	买盘
13:47:03	17.37	-0.01	40	69480	卖盘
13:47:00	17.38	--	8	13904	买盘
13:46:48	17.38	0.01	3	5214	买盘
13:46:42	17.37	--	6	10422	买盘
13:46:39	17.37	--	12	20844	买盘
13:46:33	17.37	--	3	5211	买盘
13:46:30	17.37	--	17	29529	买盘
13:46:24	17.37	--	26	45162	买盘
13:46:18	17.37	--	3	5211	买盘
13:46:15	17.37	0.01	10	17370	买盘
13:46:12	17.36	--	12	20832	卖盘
13:46:06	17.36	-0.01	56	97216	卖盘
13:46:03	17.37	--	27	46899	买盘
13:46:00	17.37	--	30	52110	买盘
13:45:54	17.37	--	2	3474	买盘
13:45:42	17.37	--	1	1737	买盘
13:45:39	17.37	0.01	52	90324	买盘
13:45:36	17.36	--	10	17360	卖盘
13:45:33	17.36	-0.01	4	6944	卖盘
13:45:30	17.37	0.01	6	10422	买盘
13:45:27	17.36	--	53	92008	买盘
13:45:21	17.36	--	11	19096	买盘
13:45:15	17.36	-0.01	75	130200	卖盘
13:45:09	17.37	--	17	29529	买盘
13:45:06	17.37	0.01	10	17370	买盘
13:45:00	17.36	-0.01	3	5208	卖盘
13:44:51	17.37	--	11	19107	买盘
13:44:48	17.37	--	5	8685	买盘
13:44:45	17.37	--	20	34740	买盘
13:44:42	17.37	--	2	3474	买盘
13:44:33	17.37	-0.01	40	69480	卖盘
13:44:27	17.38	-0.01	34	59092	卖盘
13:44:18	17.39	--	16	27824	卖盘
13:44:12	17.39	--	10	17390	卖盘
13:44:06	17.39	-0.01	4	6956	卖盘
13:44:00	17.4	--	166	289135	卖盘
13:43:45	17.4	-0.03	1000	1739999	卖盘
13:43:33	17.43	--	50	87150	卖盘
13:42:36	17.43	--	16	27888	卖盘
13:42:30	17.43	--	10	17430	卖盘
13:42:18	17.43	-0.02	210	366030	卖盘
13:42:12	17.45	--	10	17450	卖盘
13:41:54	17.45	--	20	34900	卖盘
13:41:51	17.45	--	3	5235	卖盘
13:41:39	17.45	--	11	19195	卖盘
13:41:27	17.45	-0.01	64	111680	卖盘
13:41:00	17.46	--	5	8730	卖盘
13:40:45	17.46	--	1	1746	卖盘
13:40:42	17.46	--	1	1746	卖盘
13:40:39	17.46	-0.01	52	90792	卖盘
13:40:33	17.47	--	1	1747	买盘
13:40:00	17.47	0.01	1	1747	买盘
13:39:39	17.46	-0.01	7	12222	卖盘
13:39:27	17.47	0.01	4	6988	买盘
13:38:54	17.46	0.01	4	6984	买盘
13:38:48	17.45	-0.01	15	26175	卖盘
13:38:06	17.46	--	5	8730	买盘
13:37:39	17.46	--	21	36666	卖盘
13:37:06	17.46	--	18	31428	买盘
13:37:03	17.46	--	19	33174	买盘
13:36:21	17.46	0.01	5	8730	买盘
13:36:03	17.45	-0.01	1	1745	卖盘
13:35:39	17.46	-0.02	19	33174	卖盘
13:35:30	17.48	0.02	19	33212	买盘
13:34:57	17.46	0.01	10	17460	买盘
13:34:48	17.45	--	10	17450	卖盘
13:34:24	17.45	0.01	131	228595	买盘
13:34:18	17.44	--	30	52320	卖盘
13:34:15	17.44	--	1	1744	卖盘
13:34:00	17.44	--	3	5232	卖盘
13:33:48	17.44	--	5	8720	卖盘
13:33:27	17.44	--	17	29648	买盘
13:33:21	17.44	--	10	17440	买盘
13:32:54	17.44	--	10	17440	买盘
13:32:42	17.44	--	90	156960	买盘
13:32:39	17.44	--	50	87200	买盘
13:32:36	17.44	--	10	17440	买盘
13:32:30	17.44	0.01	9	15696	买盘
13:32:18	17.43	--	9	15687	卖盘
13:31:36	17.43	-0.01	5	8715	卖盘
13:31:33	17.44	--	5	8720	买盘
13:31:21	17.44	--	1	1744	买盘
13:31:18	17.44	-0.01	142	247648	卖盘
13:31:09	17.45	--	5	8725	买盘
13:30:42	17.45	--	10	17450	买盘
13:30:33	17.45	--	2	3490	买盘
13:30:30	17.45	--	11	19195	买盘
13:30:15	17.45	--	20	34900	卖盘
13:30:03	17.45	-0.01	30	52350	卖盘
13:29:30	17.46	-0.01	6	10476	卖盘
13:28:57	17.47	0.01	21	36687	中性盘
13:28:18	17.46	-0.01	20	34920	卖盘
13:28:15	17.47	--	10	17470	卖盘
13:27:36	17.47	--	3	5241	买盘
13:27:33	17.47	--	8	13976	买盘
13:27:30	17.47	--	7	12229	卖盘
13:27:12	17.47	--	9	15722	买盘
13:26:21	17.47	--	3	5241	买盘
13:25:30	17.47	0.01	20	34940	买盘
13:25:24	17.46	--	5	8730	卖盘
13:25:21	17.46	-0.01	10	17460	卖盘
13:25:15	17.47	--	7	12229	买盘
13:25:12	17.47	--	28	48916	买盘
13:25:03	17.47	0.01	2	3494	买盘
13:25:00	17.46	-0.01	2	3492	卖盘
13:24:06	17.47	0.01	15	26205	买盘
13:23:57	17.46	--	5	8730	卖盘
13:23:30	17.46	--	1	1746	卖盘
13:23:24	17.46	0.01	1	1746	买盘
13:23:21	17.45	--	2	3490	卖盘
13:22:45	17.45	--	20	34900	卖盘
13:22:33	17.45	--	2	3490	卖盘
13:22:12	17.45	--	11	19195	卖盘
13:21:33	17.45	--	6	10470	卖盘
13:20:51	17.45	0.01	23	40135	买盘
13:20:48	17.44	-0.01	20	34880	卖盘
13:20:42	17.45	--	30	52350	买盘
13:20:33	17.45	--	71	123895	买盘
13:20:21	17.45	--	4	6980	买盘
13:20:18	17.45	--	13	22685	买盘
13:20:15	17.45	--	8	13960	买盘
13:20:09	17.45	0.01	4	6980	买盘
13:20:00	17.44	--	11	19184	卖盘
13:19:57	17.44	-0.01	10	17440	卖盘
13:19:48	17.45	0.01	15	26175	买盘
13:19:21	17.44	-0.01	12	20928	卖盘
13:19:18	17.45	0.01	50	87250	买盘
13:19:09	17.44	-0.01	2	3488	卖盘
13:18:48	17.45	--	5	8725	买盘
13:18:36	17.45	0.01	20	34900	买盘
13:17:51	17.44	--	1	1744	卖盘
13:17:18	17.44	-0.01	55	95920	卖盘
13:16:45	17.45	0.01	3	5235	买盘
13:16:39	17.44	--	20	34880	卖盘
13:16:36	17.44	--	3	5232	卖盘
13:16:15	17.44	--	4	6976	卖盘
13:16:09	17.44	--	5	8720	卖盘
13:15:51	17.44	0.01	52	90688	买盘
13:15:42	17.43	-0.01	1	1743	卖盘
13:15:09	17.44	0.01	5	8720	中性盘
13:14:33	17.43	--	13	22659	卖盘
13:14:30	17.43	-0.02	10	17430	卖盘
13:14:24	17.45	0.02	1	1745	买盘
13:13:54	17.43	--	6	10458	买盘
13:13:51	17.43	--	3	5229	买盘
13:13:48	17.43	--	1	1743	卖盘
13:13:45	17.43	--	5	8715	买盘
13:13:27	17.43	--	3	5229	买盘
13:13:15	17.43	0.01	4	6972	买盘
13:13:00	17.42	-0.01	14	24388	卖盘
13:12:42	17.43	0.01	30	52290	买盘
13:12:36	17.42	-0.01	5	8710	卖盘
13:12:21	17.43	--	4	6972	买盘
13:12:09	17.43	-0.02	125	217875	卖盘
13:11:51	17.45	0.02	3	5235	买盘
13:11:36	17.43	-0.02	2	3486	卖盘
13:11:33	17.45	--	9	15705	买盘
13:10:51	17.45	--	4	6980	买盘
13:10:39	17.45	--	1	1745	买盘
13:10:15	17.45	0.03	1	1745	买盘
13:10:06	17.42	-0.02	80	139360	卖盘
13:09:48	17.44	--	5	8720	买盘
13:09:27	17.44	--	20	34880	买盘
13:08:45	17.44	-0.01	36	62784	卖盘
13:08:12	17.45	0.01	2	3490	买盘
13:07:57	17.44	--	1	1744	卖盘
13:07:03	17.44	0.01	3	5232	买盘
13:06:57	17.43	-0.01	6	10458	卖盘
13:06:51	17.44	--	10	17440	买盘
13:06:39	17.44	0.01	5	8720	买盘
13:06:18	17.43	--	44	78138	买盘
13:06:15	17.43	--	2	3486	买盘
13:06:09	17.43	--	50	87150	买盘
13:05:42	17.43	0.01	20	34860	买盘
13:05:18	17.42	-0.01	70	121940	卖盘
13:05:12	17.43	0.01	10	17430	买盘
13:05:00	17.42	--	1	1742	卖盘
13:04:45	17.42	-0.01	3	5226	卖盘
13:04:36	17.43	0.01	10	17430	买盘
13:04:30	17.42	-0.01	1	1742	卖盘
13:04:24	17.43	--	21	36603	买盘
13:03:54	17.43	0.01	10	17430	买盘
13:03:51	17.42	-0.01	103	179426	卖盘
13:03:39	17.43	--	13	22955	卖盘
13:03:15	17.43	-0.01	20	34860	卖盘
13:03:03	17.44	0.01	10	17440	买盘
13:02:39	17.43	--	3	5229	卖盘
13:02:12	17.43	-0.01	3	5229	卖盘
13:02:06	17.44	--	1	1744	买盘
13:01:51	17.44	0.01	3	5232	买盘
13:01:42	17.43	-0.01	5	8715	卖盘
13:01:18	17.44	--	10	17440	买盘
13:01:15	17.44	--	4	6976	卖盘
13:00:39	17.44	--	5	8720	卖盘
13:00:15	17.44	-0.02	1	1744	卖盘
13:00:12	17.46	--	2	3492	卖盘
13:00:09	17.46	0.03	28	48888	买盘
13:00:06	17.43	--	179	311997	卖盘
13:00:03	17.43	-0.01	3	5229	卖盘
11:30:03	17.44	--	0	0	买盘
11:29:57	17.44	--	1	1744	买盘
11:29:51	17.44	0.01	1	1744	买盘
11:29:36	17.43	-0.01	10	17430	卖盘
11:29:27	17.44	--	3	5232	买盘
11:29:24	17.44	--	11	19184	买盘
11:29:09	17.44	0.01	50	87200	买盘
11:29:00	17.43	-0.01	2	3486	卖盘
11:28:42	17.44	--	1	1744	买盘
11:28:27	17.44	--	89	155216	卖盘
11:28:12	17.44	--	13	22672	买盘
11:27:51	17.44	0.01	3	5232	买盘
11:27:15	17.43	-0.01	5	8715	卖盘
11:27:12	17.44	0.01	10	17440	买盘
11:27:03	17.43	--	10	18876	买盘
11:27:00	17.43	--	8	13944	买盘
11:26:48	17.43	0.01	25	43575	买盘
11:26:42	17.42	-0.01	4	6968	卖盘
11:26:33	17.43	-0.01	458	798590	卖盘
11:26:15	17.44	-0.02	33	57552	卖盘
11:26:09	17.46	--	10	17460	买盘
11:26:03	17.46	--	5	8730	买盘
11:25:24	17.46	--	20	34920	买盘
11:25:21	17.46	0.01	2	3492	买盘
11:25:18	17.45	--	12	20940	卖盘
11:25:12	17.45	--	3	5235	卖盘
11:25:00	17.45	--	13	22685	卖盘
11:24:45	17.45	--	1	1745	卖盘
11:24:18	17.45	0.01	13	22685	买盘
11:24:15	17.44	-0.01	30	52320	卖盘
11:24:09	17.45	0.01	2	3490	买盘
11:23:57	17.44	--	7	12208	卖盘
11:23:48	17.44	-0.01	44	76736	卖盘
11:23:45	17.45	--	10	17450	卖盘
11:23:39	17.45	0.01	19	33155	买盘
11:23:36	17.44	--	20	34880	卖盘
11:23:33	17.44	-0.01	10	17440	卖盘
11:23:30	17.45	--	58	101210	买盘
11:23:24	17.45	0.01	55	95975	中性盘
11:23:12	17.44	-0.01	3	5232	卖盘
11:23:09	17.45	--	33	57585	买盘
11:23:06	17.45	0.01	23	40135	买盘
11:23:03	17.44	-0.01	25	43600	卖盘
11:22:48	17.45	--	1	1745	买盘
11:22:42	17.45	--	10	17450	买盘
11:22:12	17.45	-0.01	35	61075	卖盘
11:22:03	17.46	0.01	15	26190	买盘
11:22:00	17.45	--	50	87250	卖盘
11:21:57	17.45	--	34	59330	卖盘
11:21:54	17.45	--	32	55840	卖盘
11:21:48	17.45	--	4	6980	卖盘
11:21:42	17.45	-0.01	34	59330	卖盘
11:21:33	17.46	--	2	3492	买盘
11:21:24	17.46	0.01	3	5238	买盘
11:21:18	17.45	-0.01	1	1745	卖盘
11:21:03	17.46	--	50	87300	卖盘
11:20:30	17.46	--	71	123966	卖盘
11:20:15	17.46	--	10	17460	卖盘
11:20:09	17.46	-0.01	24	41904	卖盘
11:19:57	17.47	--	2	3494	买盘
11:19:45	17.47	--	1	1747	买盘
11:19:30	17.47	--	9	15722	买盘
11:18:42	17.47	-0.01	20	34940	卖盘
11:18:27	17.48	0.01	8	13984	买盘
11:18:12	17.47	0.01	5	8735	买盘
11:18:00	17.46	--	1	1746	卖盘
11:17:51	17.46	--	50	87300	卖盘
11:17:39	17.46	--	3	5238	卖盘
11:17:30	17.46	-0.01	50	87300	卖盘
11:17:06	17.47	0.01	3	5241	买盘
11:16:54	17.46	-0.01	79	137934	卖盘
11:16:36	17.47	--	20	34940	卖盘
11:16:27	17.47	--	12	20964	卖盘
11:15:54	17.47	0.01	78	136266	买盘
11:15:36	17.46	--	10	17460	卖盘
11:15:18	17.46	0.01	23	40158	买盘
11:15:03	17.45	-0.02	87	151815	卖盘
11:14:57	17.47	--	108	188676	买盘
11:14:54	17.47	0.01	2	3494	买盘
11:14:51	17.46	--	5	8730	卖盘
11:14:45	17.46	--	5	8730	卖盘
11:14:39	17.46	--	92	160632	买盘
11:14:36	17.46	--	19	33174	买盘
11:14:18	17.46	--	20	34920	买盘
11:13:39	17.46	--	3	5238	买盘
11:13:21	17.46	--	2	3492	卖盘
11:13:03	17.46	--	4	6984	买盘
11:12:51	17.46	--	146	254916	卖盘
11:12:42	17.46	--	5	8730	卖盘
11:12:30	17.46	-0.01	5	8730	卖盘
11:12:15	17.47	--	6	10482	卖盘
11:12:12	17.47	--	25	43675	卖盘
11:11:54	17.47	--	5	8735	卖盘
11:11:48	17.47	--	5	8735	卖盘
11:11:06	17.47	-0.02	4	6988	卖盘
11:10:45	17.49	--	10	17490	买盘
11:10:00	17.49	0.03	10	17490	买盘
11:09:45	17.46	--	48	83808	卖盘
11:09:27	17.46	--	60	104760	卖盘
11:09:18	17.46	--	30	52380	卖盘
11:09:03	17.46	--	60	104760	卖盘
11:08:24	17.46	--	30	52380	卖盘
11:08:09	17.46	--	108	188568	卖盘
11:08:00	17.46	-0.01	14	24444	卖盘
11:07:48	17.47	-0.03	27	47169	卖盘
11:07:36	17.5	0.02	20	35000	买盘
11:07:24	17.48	--	5	8740	卖盘
11:07:15	17.48	--	10	17480	卖盘
11:07:06	17.48	--	80	139840	卖盘
11:06:57	17.48	-0.01	3	5244	卖盘
11:06:48	17.49	0.01	22	38478	买盘
11:06:36	17.48	--	1	1748	卖盘
11:06:18	17.48	-0.01	70	122360	卖盘
11:06:06	17.49	-0.01	31	54218	卖盘
11:06:03	17.5	--	2	3500	买盘
11:06:00	17.5	0.01	21	36750	买盘
11:05:57	17.49	-0.01	1	1748	卖盘
11:05:45	17.5	--	1	1750	卖盘
11:05:42	17.5	--	50	87500	卖盘
11:05:18	17.5	--	3	5250	卖盘
11:05:12	17.5	--	7	12250	买盘
11:05:09	17.5	-0.01	23	40250	卖盘
11:05:06	17.51	0.01	10	17510	买盘
11:04:42	17.5	--	2	3500	买盘
11:04:33	17.5	-0.01	3	5250	卖盘
11:04:18	17.51	0.01	15	26265	买盘
11:04:09	17.5	-0.01	10	17500	卖盘
11:04:06	17.51	0.01	1	1751	买盘
11:04:03	17.5	-0.01	100	175000	卖盘
11:03:48	17.51	0.01	20	35020	买盘
11:03:42	17.5	-0.01	11	19250	卖盘
11:03:18	17.51	--	4	7004	买盘
11:03:06	17.51	--	10	17510	买盘
11:03:00	17.51	0.01	21	36771	买盘
11:02:54	17.5	-0.02	1	1750	卖盘
11:02:09	17.52	--	20	35040	买盘
11:02:06	17.52	0.02	10	17520	买盘
11:02:03	17.5	--	1	1750	卖盘
11:01:57	17.5	-0.02	1	1750	卖盘
11:01:51	17.52	0.02	10	17520	买盘
11:01:48	17.5	-0.02	3	5250	卖盘
11:01:45	17.52	--	2	3504	买盘
11:01:33	17.52	0.02	8	14016	买盘
11:01:30	17.5	-0.02	3	5250	卖盘
11:01:21	17.52	--	21	36792	买盘
11:00:57	17.52	--	9	15768	买盘
11:00:33	17.52	--	6	10512	买盘
11:00:30	17.52	0.01	53	93749	买盘
11:00:06	17.51	--	3	5253	买盘
10:59:57	17.51	-0.01	69	121676	卖盘
10:59:45	17.52	0.01	17	30677	买盘
10:59:42	17.51	--	15	26265	买盘
10:59:39	17.51	0.01	21	36771	买盘
10:59:33	17.5	-0.01	9	15750	中性盘
10:59:12	17.51	--	3	5253	买盘
10:58:54	17.51	0.02	59	103309	买盘
10:58:36	17.49	--	9	15740	买盘
10:58:18	17.49	-0.02	7	12242	卖盘
10:58:03	17.51	0.02	21	36771	买盘
10:57:45	17.49	-0.01	2	3497	卖盘
10:57:33	17.5	--	11	19250	买盘
10:57:15	17.5	--	21	36750	买盘
10:57:12	17.5	--	35	61250	买盘
10:57:00	17.5	--	5	8750	买盘
10:56:54	17.5	--	37	64750	买盘
10:56:30	17.5	0.01	21	36750	买盘
10:56:24	17.49	--	16	27983	买盘
10:56:21	17.49	--	14	24485	买盘
10:56:06	17.49	0.01	14	24485	买盘
10:56:03	17.48	-0.01	11	19228	卖盘
10:56:00	17.49	0.01	74	129425	买盘
10:55:48	17.48	-0.01	1	1748	卖盘
10:55:42	17.49	0.01	20	34980	买盘
10:55:27	17.48	--	18	31464	买盘
10:55:24	17.48	--	5	8740	买盘
10:55:18	17.48	0.01	19	33212	买盘
10:55:15	17.47	-0.01	11	19217	卖盘
10:55:12	17.48	--	35	61180	买盘
10:54:48	17.48	0.01	15	26220	买盘
10:54:45	17.47	0.01	5	8735	中性盘
10:54:36	17.46	-0.02	1	1746	卖盘
10:54:15	17.48	0.02	21	36708	买盘
10:53:42	17.46	-0.02	5	8730	卖盘
10:53:39	17.48	0.02	10	17480	买盘
10:53:30	17.46	-0.02	9	15714	卖盘
10:53:27	17.48	0.02	21	36708	买盘
10:53:18	17.46	0.01	19	33174	中性盘
10:53:06	17.45	-0.03	14	24430	卖盘
10:52:45	17.48	--	11	19228	买盘
10:52:42	17.48	--	11	19228	买盘
10:52:36	17.48	0.03	2	3496	买盘
10:52:33	17.45	--	20	34900	卖盘
10:52:18	17.45	--	10	17450	卖盘
10:52:06	17.45	--	3	5235	卖盘
10:52:03	17.45	-0.03	5	8725	卖盘
10:51:54	17.48	0.03	19	33212	买盘
10:51:39	17.45	-0.02	4	6980	中性盘
10:51:12	17.47	-0.01	9	15722	卖盘
10:51:06	17.48	0.04	47	82156	买盘
10:50:54	17.44	-0.04	11	19184	卖盘
10:50:45	17.48	--	1	1748	买盘
10:50:18	17.48	0.04	15	26220	买盘
10:50:09	17.44	--	4	6976	卖盘
10:49:57	17.44	-0.04	22	38368	卖盘
10:49:51	17.48	--	9	15732	买盘
10:49:48	17.48	0.04	11	19228	买盘
10:49:33	17.44	-0.01	111	193584	卖盘
10:49:15	17.45	-0.04	4	6980	卖盘
10:49:00	17.49	0.01	7	12242	买盘
10:48:57	17.48	-0.01	14	24472	买盘
10:48:09	17.49	0.01	15	26234	买盘
10:47:57	17.48	0.03	6	10488	买盘
10:47:42	17.45	-0.04	8	13960	卖盘
10:47:39	17.49	--	7	12242	买盘
10:47:36	17.49	0.04	13	22736	买盘
10:47:27	17.45	--	55	95975	买盘
10:47:21	17.45	--	1	1745	买盘
10:47:18	17.45	--	30	52350	买盘
10:47:15	17.45	--	14	24430	卖盘
10:46:51	17.45	-0.03	1	1745	中性盘
10:46:45	17.48	0.04	21	36708	买盘
10:46:39	17.44	--	17	29648	卖盘
10:46:30	17.44	--	40	69760	卖盘
10:46:27	17.44	--	1	1744	卖盘
10:46:09	17.44	-0.04	50	87200	卖盘
10:45:54	17.48	0.04	26	45448	中性盘
10:45:18	17.44	-0.05	6	10464	卖盘
10:45:09	17.49	0.05	22	38478	买盘
10:44:48	17.44	--	9	15696	卖盘
10:44:36	17.44	-0.01	12	20928	卖盘
10:44:30	17.45	--	2	3490	卖盘
10:44:27	17.45	--	3	6683	买盘
10:44:15	17.45	--	1	1745	买盘
10:44:12	17.45	0.01	3	5235	买盘
10:44:00	17.44	--	2	3488	卖盘
10:43:12	17.44	0.01	13	22672	买盘
10:43:06	17.43	--	10	17430	卖盘
10:43:00	17.43	-0.01	2	3486	卖盘
10:42:57	17.44	--	2	3488	买盘
10:42:54	17.44	-0.01	10	17440	买盘
10:42:51	17.45	0.01	18	31410	买盘
10:42:45	17.44	-0.01	40	70056	卖盘
10:42:42	17.45	--	20	34900	买盘
10:42:36	17.45	--	50	87250	买盘
10:42:33	17.45	0.01	7	12215	买盘
10:42:27	17.44	-0.01	2	3488	卖盘
10:42:24	17.45	0.01	5	8725	买盘
10:42:21	17.44	-0.01	58	101152	卖盘
10:42:09	17.45	--	29	50605	卖盘
10:42:06	17.45	--	5	8725	卖盘
10:41:42	17.45	0.01	22	38390	买盘
10:41:36	17.44	-0.01	20	34880	卖盘
10:41:24	17.45	0.01	21	36645	买盘
10:41:00	17.44	-0.01	16	27904	卖盘
10:40:57	17.45	0.01	1	1745	买盘
10:40:54	17.44	--	5	8720	卖盘
10:40:48	17.44	-0.01	2	3488	卖盘
10:40:45	17.45	--	10	17450	买盘
10:40:42	17.45	--	18	31410	买盘
10:40:39	17.45	--	1	1745	买盘
10:40:33	17.45	--	21	36645	买盘
10:40:27	17.45	0.01	10	17450	买盘
10:40:15	17.44	-0.01	45	78480	卖盘
10:40:03	17.45	--	25	43625	卖盘
10:40:00	17.45	--	1	1745	卖盘
10:39:54	17.45	--	20	34900	卖盘
10:39:51	17.45	-0.01	3	5235	卖盘
10:39:45	17.46	--	20	34920	买盘
10:39:24	17.46	-0.03	18	31428	卖盘
10:39:00	17.49	0.03	10	17490	买盘
10:38:57	17.46	0.01	16	27936	卖盘
10:38:54	17.45	--	3	5235	买盘
10:38:51	17.45	--	47	82015	卖盘
10:38:33	17.45	-0.05	80	139600	卖盘
10:38:09	17.5	0.04	16	28000	买盘
10:37:36	17.46	--	1	1746	卖盘
10:37:30	17.46	--	8	13968	买盘
10:37:27	17.46	-0.04	22	38412	卖盘
10:37:21	17.5	--	28	49000	买盘
10:37:15	17.5	0.04	4	7000	买盘
10:37:12	17.46	--	1	1746	卖盘
10:37:09	17.46	-0.04	1	1746	卖盘
10:36:57	17.5	--	50	87797	卖盘
10:36:54	17.5	--	10	17500	卖盘
10:36:51	17.5	0.01	139	244702	买盘
10:36:36	17.49	-0.01	19	33231	卖盘
10:36:33	17.5	0.01	15	26250	买盘
10:36:30	17.49	--	50	87449	卖盘
10:36:27	17.49	--	30	52469	卖盘
10:36:18	17.49	--	2	3497	卖盘
10:36:15	17.49	0.04	63	110186	买盘
10:36:03	17.45	-0.04	30	52350	卖盘
10:36:00	17.49	--	3	5246	买盘
10:35:57	17.49	0.04	12	20987	买盘
10:35:54	17.45	-0.04	17	29665	卖盘
10:35:24	17.49	0.03	63	110186	买盘
10:35:09	17.46	--	15	26190	买盘
10:35:03	17.46	0.01	10	17460	买盘
10:35:00	17.45	--	5	8725	卖盘
10:34:45	17.45	--	5	8725	卖盘
10:34:42	17.45	-0.01	2	3490	卖盘
10:34:39	17.46	0.01	10	17460	买盘
10:34:27	17.45	-0.01	4	6980	卖盘
10:34:06	17.46	-0.01	589	1028394	卖盘
10:34:03	17.47	-0.01	10	17470	卖盘
10:34:00	17.48	0.01	3	5244	买盘
10:33:51	17.47	0.01	13	22711	买盘
10:33:48	17.46	--	5	8730	卖盘
10:33:33	17.46	-0.01	1	1746	卖盘
10:33:09	17.47	0.01	8	13976	买盘
10:32:57	17.46	--	16	27936	卖盘
10:32:48	17.46	-0.01	10	17460	卖盘
10:32:45	17.47	0.01	5	8735	买盘
10:32:18	17.46	-0.02	22	38412	卖盘
10:31:54	17.48	--	2	3496	卖盘
10:31:51	17.48	--	1	1748	卖盘
10:31:42	17.48	0.02	5	8740	买盘
10:31:27	17.46	-0.01	90	157140	卖盘
10:31:09	17.47	0.01	5	8735	买盘
10:31:06	17.46	--	1	1746	卖盘
10:31:00	17.46	-0.01	6	10476	卖盘
10:30:51	17.47	--	30	52410	卖盘
10:30:39	17.47	--	4	6988	卖盘
10:30:18	17.47	0.01	66	115301	买盘
10:29:57	17.46	-0.01	105	183330	中性盘
10:29:09	17.47	-0.02	30	52410	卖盘
10:29:06	17.49	0.04	5	8745	买盘
10:28:54	17.45	-0.03	300	523500	卖盘
10:28:48	17.48	--	1	1748	卖盘
10:28:42	17.48	0.01	26	45448	买盘
10:28:33	17.47	-0.01	10	17470	卖盘
10:28:21	17.48	0.01	20	34960	买盘
10:27:51	17.47	-0.01	2	3494	卖盘
10:27:39	17.48	--	16	27968	买盘
10:27:36	17.48	0.01	3	5244	买盘
10:27:12	17.47	0.01	81	141507	买盘
10:27:09	17.46	--	100	174600	卖盘
10:26:54	17.46	--	1	1746	卖盘
10:26:39	17.46	--	5	8730	卖盘
10:26:36	17.46	--	10	17460	卖盘
10:26:33	17.46	--	20	34920	卖盘
10:25:57	17.46	--	5	8730	卖盘
10:25:45	17.46	-0.01	38	66348	卖盘
10:25:42	17.47	--	3	5241	买盘
10:25:39	17.47	--	1	1747	买盘
10:25:21	17.47	--	20	34940	买盘
10:25:15	17.47	-0.02	5	8735	买盘
10:25:06	17.49	-0.01	1	1748	卖盘
10:25:00	17.5	0.03	155	271250	买盘
10:24:54	17.47	--	24	42224	卖盘
10:24:51	17.47	--	6	10482	卖盘
10:24:42	17.47	-0.01	6	10482	卖盘
10:24:39	17.48	0.01	45	78660	买盘
10:24:33	17.47	-0.01	30	52410	卖盘
10:24:18	17.48	--	91	159068	卖盘
10:24:03	17.48	--	3	5244	卖盘
10:23:45	17.48	--	3	5244	卖盘
10:23:27	17.48	--	14	24472	买盘
10:23:21	17.48	--	19	33212	买盘
10:23:18	17.48	--	2	3496	买盘
10:23:15	17.48	--	2	3496	买盘
10:23:03	17.48	0.01	4	6992	买盘
10:22:57	17.47	--	5	8735	卖盘
10:22:48	17.47	--	3	5241	卖盘
10:22:30	17.47	-0.02	50	87350	卖盘
10:22:27	17.49	0.01	15	26234	买盘
10:22:21	17.48	0.01	17	31166	买盘
10:22:18	17.47	-0.01	2	3494	卖盘
10:22:15	17.48	0.01	17	29716	买盘
10:22:12	17.47	--	3	5241	买盘
10:22:06	17.47	0.01	28	48916	买盘
10:21:57	17.46	--	2	3492	卖盘
10:21:54	17.46	-0.01	5	8730	卖盘
10:21:51	17.47	--	2	3494	买盘
10:21:36	17.47	--	5	8735	买盘
10:21:33	17.47	--	2	3494	卖盘
10:21:18	17.47	--	3	5241	卖盘
10:21:12	17.47	0.01	10	17470	买盘
10:20:48	17.46	-0.01	24	41904	卖盘
10:20:36	17.47	0.01	98	171206	买盘
10:20:27	17.46	-0.01	3	5238	卖盘
10:20:24	17.47	0.01	1	1747	买盘
10:20:21	17.46	--	20	34920	卖盘
10:20:12	17.46	--	108	188568	买盘
10:19:36	17.46	--	2	3492	卖盘
10:19:30	17.46	-0.01	2	3492	卖盘
10:19:24	17.47	0.01	5	8735	买盘
10:19:18	17.46	-0.01	21	36666	卖盘
10:19:12	17.47	0.02	5	8735	买盘
10:19:03	17.45	-0.01	1	1745	卖盘
10:18:54	17.46	0.01	5	8730	买盘
10:18:45	17.45	--	10	17450	卖盘
10:18:30	17.45	--	9	15705	买盘
10:18:24	17.45	--	4	6980	买盘
10:18:21	17.45	0.01	11	19195	买盘
10:18:18	17.44	--	6	10464	卖盘
10:18:12	17.44	--	22	38368	卖盘
10:18:06	17.44	--	5	8720	卖盘
10:17:51	17.44	--	1	1744	卖盘
10:17:45	17.44	--	40	69760	卖盘
10:17:39	17.44	-0.03	4	6976	卖盘
10:17:33	17.47	0.03	18	31445	买盘
10:17:30	17.44	-0.01	101	176144	卖盘
10:17:27	17.45	--	19	33155	卖盘
10:17:24	17.45	0.01	1	1745	中性盘
10:17:03	17.44	-0.01	29	50576	卖盘
10:16:51	17.45	0.01	74	129130	中性盘
10:16:39	17.44	--	40	69760	卖盘
10:16:27	17.44	--	1	1744	卖盘
10:16:09	17.44	--	5	8720	卖盘
10:15:57	17.44	0.01	59	104343	买盘
10:15:48	17.43	--	133	231819	卖盘
10:15:42	17.43	-0.01	1	1743	卖盘
10:15:33	17.44	--	5	8720	买盘
10:15:27	17.44	--	7	12208	买盘
10:15:24	17.44	-0.04	320	558376	卖盘
10:15:18	17.48	0.01	21	36708	买盘
10:15:09	17.47	-0.01	40	69880	卖盘
10:14:57	17.48	--	5	8740	买盘
10:14:51	17.48	--	73	127604	买盘
10:14:39	17.48	-0.02	18	31761	卖盘
10:14:30	17.5	0.01	5	8750	买盘
10:14:21	17.49	-0.01	19	33231	卖盘
10:13:57	17.5	--	17	29750	买盘
10:13:36	17.5	--	5	8750	买盘
10:13:21	17.5	--	30	52500	买盘
10:13:15	17.5	-0.01	93	162750	卖盘
10:13:12	17.51	0.01	10	17510	买盘
10:13:09	17.5	--	6	10500	卖盘
10:13:06	17.5	--	35	61250	卖盘
10:12:48	17.5	0.01	36	63000	买盘
10:12:27	17.49	-0.01	2	3497	卖盘
10:12:24	17.5	0.02	5	8750	中性盘
10:11:54	17.48	--	14	25922	买盘
10:11:45	17.48	-0.03	20	35257	卖盘
10:11:42	17.51	0.03	57	100717	买盘
10:11:39	17.48	--	7	12236	卖盘
10:11:30	17.48	0.01	18	32005	买盘
10:11:27	17.47	--	18	32896	买盘
10:11:24	17.47	-0.01	12	20964	卖盘
10:11:12	17.48	--	5	8740	买盘
10:10:51	17.48	-0.02	4	8198	卖盘
10:10:45	17.5	0.01	15	26250	买盘
10:10:36	17.49	-0.01	5	9584	卖盘
10:10:24	17.5	--	10	17500	买盘
10:10:15	17.5	--	5	8750	卖盘
10:10:03	17.5	--	15	26250	卖盘
10:09:45	17.5	--	2	3500	卖盘
10:09:39	17.5	0.01	16	28000	买盘
10:09:33	17.49	0.01	4	7905	买盘
10:09:30	17.48	--	12	20976	卖盘
10:09:27	17.48	--	3	5244	卖盘
10:09:21	17.48	--	20	34960	卖盘
10:09:03	17.48	--	10	17480	卖盘
10:08:57	17.48	--	6	10488	卖盘
10:08:48	17.48	--	28	48944	卖盘
10:08:39	17.48	0.02	10	17480	卖盘
10:08:36	17.46	0.01	17	30223	买盘
10:08:33	17.45	-0.01	1	1745	卖盘
10:08:21	17.46	0.01	2	3492	买盘
10:08:15	17.45	-0.01	10	17450	卖盘
10:08:09	17.46	--	38	66348	买盘
10:08:06	17.46	--	45	78570	买盘
10:08:03	17.46	-0.01	45	80019	卖盘
10:07:57	17.47	0.01	76	132772	买盘
10:07:51	17.46	--	16	27936	卖盘
10:07:48	17.46	--	47	82358	买盘
10:07:45	17.46	0.01	7	12222	买盘
10:07:39	17.45	--	120	209400	卖盘
10:07:36	17.45	--	10	17450	卖盘
10:07:33	17.45	-0.01	48	83760	卖盘
10:07:30	17.46	0.01	7	12222	买盘
10:07:27	17.45	--	4	6980	卖盘
10:07:21	17.45	--	69	120405	卖盘
10:07:18	17.45	-0.01	28	48860	卖盘
10:07:12	17.46	0.01	14	24444	买盘
10:07:06	17.45	--	10	17450	卖盘
10:06:51	17.45	-0.01	182	317590	卖盘
10:06:48	17.46	--	15	26190	卖盘
10:06:42	17.46	--	7	12222	卖盘
10:06:30	17.46	-0.01	23	40158	卖盘
10:06:24	17.47	--	13	22711	卖盘
10:06:21	17.47	-0.01	2	3494	卖盘
10:06:00	17.48	--	10	17480	买盘
10:05:54	17.48	-0.01	31	55638	卖盘
10:05:51	17.49	--	70	122552	买盘
10:05:36	17.49	--	3	5246	买盘
10:05:33	17.49	--	28	49811	卖盘
10:05:09	17.49	--	2	4407	买盘
10:05:06	17.49	--	2	3497	买盘
10:05:00	17.49	--	25	44599	卖盘
10:04:48	17.49	--	10	17490	卖盘
10:04:45	17.49	--	3	5246	卖盘
10:04:42	17.49	--	26	46348	卖盘
10:04:27	17.49	--	27	47222	买盘
10:04:21	17.49	--	8	13991	卖盘
10:04:09	17.49	--	20	34980	卖盘
10:04:03	17.49	-0.01	7	12242	卖盘
10:03:54	17.5	0.01	10	17500	买盘
10:03:51	17.49	--	3	5246	卖盘
10:03:30	17.49	--	10	17490	卖盘
10:03:24	17.49	--	6	10493	卖盘
10:03:15	17.49	-0.01	2	3497	卖盘
10:03:06	17.5	0.01	1	1750	买盘
10:03:00	17.49	-0.01	10	17490	卖盘
10:02:57	17.5	-0.01	3	5250	买盘
10:02:54	17.51	0.01	12	21012	买盘
10:02:51	17.5	-0.01	30	52500	中性盘
10:02:30	17.51	0.01	22	38697	买盘
10:02:27	17.5	--	3	5250	卖盘
10:02:21	17.5	--	4	7000	卖盘
10:02:06	17.5	--	24	42000	卖盘
10:01:48	17.5	-0.01	10	17500	卖盘
10:01:39	17.51	--	30	52530	买盘
10:01:36	17.51	0.01	5	8755	买盘
10:01:27	17.5	--	10	17500	卖盘
10:01:18	17.5	--	5	8750	卖盘
10:01:15	17.5	--	186	327075	卖盘
10:01:00	17.5	--	7	12250	卖盘
10:00:54	17.5	-0.01	20	35000	卖盘
10:00:42	17.51	--	33	57783	买盘
10:00:36	17.51	--	2	3502	买盘
10:00:30	17.51	--	56	98966	卖盘
10:00:12	17.51	-0.01	26	46366	卖盘
10:00:09	17.52	--	5	8760	卖盘
10:00:00	17.52	0.01	4	7008	中性盘
09:59:48	17.51	-0.01	17	29767	卖盘
09:59:33	17.52	0.01	82	143664	买盘
09:59:24	17.51	-0.01	274	479774	卖盘
09:59:18	17.52	--	26	45552	买盘
09:58:51	17.52	--	1	1752	买盘
09:58:48	17.52	--	212	371424	买盘
09:58:36	17.52	--	83	145416	卖盘
09:58:30	17.52	--	32	56064	卖盘
09:58:27	17.52	-0.02	66	115632	卖盘
09:58:21	17.54	0.01	140	245560	买盘
09:58:18	17.53	--	1	1753	买盘
09:58:09	17.53	--	3	5259	买盘
09:58:06	17.53	--	5	8765	买盘
09:58:00	17.53	--	1	2278	卖盘
09:57:54	17.53	-0.01	100	175300	卖盘
09:57:51	17.54	--	10	17540	买盘
09:57:36	17.54	-0.01	7	12278	卖盘
09:57:27	17.55	--	48	84240	买盘
09:57:24	17.55	0.01	5	8775	买盘
09:57:12	17.54	--	103	180662	卖盘
09:57:09	17.54	0.01	15	26310	买盘
09:56:57	17.53	--	10	17530	卖盘
09:56:45	17.53	--	64	113419	买盘
09:56:39	17.53	--	2	3506	买盘
09:56:36	17.53	--	50	87650	买盘
09:56:24	17.53	--	50	87650	买盘
09:56:21	17.53	--	12	21036	买盘
09:56:18	17.53	-0.01	12	21561	卖盘
09:56:15	17.54	0.01	48	84192	买盘
09:56:06	17.53	-0.01	20	35060	卖盘
09:55:51	17.54	0.01	1	1754	买盘
09:55:39	17.53	--	10	17530	卖盘
09:55:36	17.53	--	35	62582	买盘
09:55:30	17.53	--	30	52590	买盘
09:55:18	17.53	0.01	10	17530	买盘
09:55:06	17.52	--	1	1752	卖盘
09:55:00	17.52	-0.01	10	17520	卖盘
09:54:54	17.53	--	2	3506	买盘
09:54:42	17.53	--	1	1753	买盘
09:54:27	17.53	--	110	192830	买盘
09:54:15	17.53	-0.01	1	1753	中性盘
09:54:06	17.54	--	45	78930	买盘
09:53:54	17.54	--	3	5262	买盘
09:53:51	17.54	0.02	40	70160	买盘
09:53:45	17.52	-0.02	20	35040	卖盘
09:53:36	17.54	--	30	52620	买盘
09:53:15	17.54	0.02	5	8770	买盘
09:53:12	17.52	-0.02	5	8760	卖盘
09:53:00	17.54	0.02	1	1754	买盘
09:52:51	17.52	--	4	7008	买盘
09:52:48	17.52	-0.02	32	56064	卖盘
09:52:42	17.54	--	11	19294	卖盘
09:52:33	17.54	0.02	42	73668	买盘
09:52:27	17.52	-0.01	150	262800	卖盘
09:52:21	17.53	--	3	5259	卖盘
09:52:12	17.53	--	1	1753	卖盘
09:52:06	17.53	0.01	23	40319	买盘
09:51:54	17.52	-0.01	5	8760	卖盘
09:51:51	17.53	0.01	1	1753	买盘
09:51:48	17.52	--	10	17520	卖盘
09:51:39	17.52	-0.01	1	1752	卖盘
09:51:30	17.53	0.01	26	45578	买盘
09:51:27	17.52	-0.01	12	21024	卖盘
09:51:15	17.53	--	4	7012	买盘
09:51:00	17.53	0.01	50	87650	买盘
09:50:57	17.52	-0.01	22	38544	卖盘
09:50:45	17.53	0.01	2	3506	买盘
09:50:42	17.52	-0.01	5	8760	卖盘
09:50:33	17.53	0.01	6	10518	买盘
09:50:06	17.52	0.01	8	14016	卖盘
09:49:57	17.51	--	50	87550	卖盘
09:49:54	17.51	-0.01	11	19261	卖盘
09:49:51	17.52	0.01	1	1752	中性盘
09:49:48	17.51	-0.01	7	12257	卖盘
09:49:39	17.52	--	4	7008	买盘
09:49:33	17.52	--	50	87600	买盘
09:49:18	17.52	-0.01	13	22776	卖盘
09:49:15	17.53	--	20	35060	买盘
09:49:09	17.53	--	16	28048	卖盘
09:48:45	17.53	--	2	3506	卖盘
09:48:42	17.53	-0.01	2	3506	卖盘
09:48:39	17.54	0.01	9	15786	中性盘
09:48:27	17.53	-0.02	10	17530	卖盘
09:48:03	17.55	--	5	8775	买盘
09:48:00	17.55	--	38	66690	卖盘
09:47:57	17.55	--	5	8775	卖盘
09:47:48	17.55	--	40	70200	卖盘
09:47:42	17.55	--	10	17550	卖盘
09:47:39	17.55	0.01	13	22815	买盘
09:47:21	17.54	--	2	3508	买盘
09:47:15	17.54	0.03	1	1754	买盘
09:47:12	17.51	-0.03	7	12257	卖盘
09:47:00	17.54	--	55	96470	买盘
09:46:57	17.54	--	5	8770	买盘
09:46:33	17.54	0.03	1	1754	买盘
09:46:24	17.51	-0.02	80	140080	卖盘
09:46:21	17.53	0.02	8	14024	买盘
09:46:06	17.51	--	5	8755	卖盘
09:45:54	17.51	--	10	17510	卖盘
09:45:36	17.51	-0.03	20	35020	卖盘
09:45:33	17.54	0.03	30	52620	买盘
09:45:15	17.51	-0.03	5	8755	卖盘
09:44:57	17.54	0.03	10	17540	买盘
09:44:51	17.51	-0.02	5	8755	卖盘
09:44:45	17.53	0.02	28	49084	买盘
09:44:42	17.51	--	16	28016	卖盘
09:44:27	17.51	--	3	5253	卖盘
09:44:15	17.51	--	10	17510	卖盘
09:44:06	17.51	--	90	157590	买盘
09:44:03	17.51	--	23	40273	中性盘
09:43:42	17.51	--	3	5253	卖盘
09:43:39	17.51	--	38	66538	中性盘
09:43:27	17.51	0.01	44	77044	买盘
09:43:24	17.5	-0.01	10	17500	卖盘
09:43:06	17.51	-0.01	16	28016	卖盘
09:43:03	17.52	--	5	8760	买盘
09:43:00	17.52	0.01	113	197976	买盘
09:42:51	17.51	-0.01	22	38522	卖盘
09:42:48	17.52	--	115	201480	买盘
09:42:24	17.52	--	1	1752	买盘
09:42:21	17.52	0.01	3	5256	买盘
09:42:12	17.51	-0.01	5	8755	卖盘
09:42:06	17.52	--	30	52560	买盘
09:41:54	17.52	--	9	15768	买盘
09:41:51	17.52	--	30	52560	卖盘
09:41:48	17.52	--	10	17520	卖盘
09:41:27	17.52	--	1	1752	卖盘
09:41:18	17.52	--	5	8760	卖盘
09:41:12	17.52	--	1	1752	卖盘
09:41:03	17.52	--	4	7008	卖盘
09:41:00	17.52	-0.02	4	7008	卖盘
09:40:48	17.54	--	16	28064	买盘
09:40:45	17.54	-0.01	43	75422	卖盘
09:40:36	17.55	0.01	4	7020	买盘
09:40:30	17.54	--	63	110502	买盘
09:40:21	17.54	0.02	5	8770	买盘
09:40:15	17.52	0.01	1	1752	中性盘
09:39:48	17.51	-0.03	1	1751	卖盘
09:39:27	17.54	--	3	5262	买盘
09:39:12	17.54	-0.01	42	73668	中性盘
09:38:51	17.55	0.05	10	17550	买盘
09:38:27	17.5	--	4	7000	卖盘
09:38:18	17.5	-0.05	8	14000	卖盘
09:38:15	17.55	--	5	8775	买盘
09:38:09	17.55	--	13	22815	买盘
09:37:57	17.55	0.05	1	1755	买盘
09:37:27	17.5	--	2	3500	卖盘
09:37:21	17.5	0.01	12	21000	买盘
09:37:18	17.49	0.01	13	22736	中性盘
09:37:03	17.48	-0.01	28	48944	卖盘
09:37:00	17.49	--	1	1923	买盘
09:36:57	17.49	-0.01	17	31307	卖盘
09:36:54	17.5	0.02	17	29925	买盘
09:36:42	17.48	--	9	15732	买盘
09:36:39	17.48	0.01	100	174800	买盘
09:36:36	17.47	-0.01	90	157230	卖盘
09:36:33	17.48	--	21	36708	买盘
09:36:30	17.48	--	5	8740	买盘
09:36:27	17.48	--	21	36708	买盘
09:36:24	17.48	--	30	52440	买盘
09:36:21	17.48	--	74	129352	买盘
09:36:15	17.48	--	100	174800	买盘
09:36:12	17.48	--	10	17480	买盘
09:36:06	17.48	--	4	6992	买盘
09:36:03	17.48	0.01	183	319884	买盘
09:36:00	17.47	0.01	33	57650	卖盘
09:35:51	17.46	-0.02	15	26190	卖盘
09:35:48	17.48	--	1	1748	买盘
09:35:39	17.48	0.02	30	52440	买盘
09:35:36	17.46	--	8	13968	卖盘
09:35:33	17.46	-0.01	6	10476	卖盘
09:35:27	17.47	--	3	5241	买盘
09:35:21	17.47	-0.01	54	94338	卖盘
09:35:18	17.48	--	4	6992	买盘
09:35:15	17.48	--	10	17480	买盘
09:35:12	17.48	--	11	19228	买盘
09:35:09	17.48	--	11	19228	买盘
09:35:06	17.48	--	1	1748	买盘
09:35:03	17.48	--	40	69920	买盘
09:35:00	17.48	--	49	85652	卖盘
09:34:42	17.48	--	122	213256	买盘
09:34:33	17.48	0.01	30	52440	买盘
09:34:15	17.47	--	1	1747	卖盘
09:34:12	17.47	--	10	17470	卖盘
09:34:06	17.47	--	5	8735	买盘
09:34:03	17.47	--	37	64638	买盘
09:34:00	17.47	--	10	17470	买盘
09:33:48	17.47	0.02	67	117048	买盘
09:33:33	17.45	--	10	17450	卖盘
09:33:30	17.45	-0.01	25	43625	卖盘
09:33:24	17.46	--	15	26190	卖盘
09:33:21	17.46	-0.01	1	1746	卖盘
09:33:15	17.47	0.01	10	17470	买盘
09:33:06	17.46	-0.01	8	13968	卖盘
09:33:03	17.47	0.01	8	13976	买盘
09:32:48	17.46	-0.01	20	34920	卖盘
09:32:33	17.47	-0.02	19	33193	卖盘
09:32:21	17.49	0.01	15	26234	买盘
09:32:15	17.48	-0.01	3	5244	卖盘
09:32:12	17.49	--	80	139920	买盘
09:32:00	17.49	0.01	10	17490	买盘
09:31:57	17.48	-0.01	2	3496	卖盘
09:31:54	17.49	--	5	8745	买盘
09:31:48	17.49	--	5	8745	买盘
09:31:39	17.49	0.03	20	34980	买盘
09:31:33	17.46	-0.03	2	3492	卖盘
09:31:30	17.49	0.03	18	31481	买盘
09:31:27	17.46	-0.03	2	3492	卖盘
09:31:21	17.49	--	5	8745	买盘
09:31:06	17.49	0.06	25	43724	买盘
09:30:33	17.43	--	23	40089	买盘
09:30:24	17.43	--	5	8715	买盘
09:30:18	17.43	-0.06	71	123753	卖盘
09:30:12	17.49	0.05	5	8745	买盘
09:30:09	17.44	-0.05	5	8720	卖盘
09:30:06	17.49	--	15	26234	买盘
09:30:03	17.49	--	0	0	买盘
09:25:03	17.49	17.49	74	129425	买盘
