成交时间	成交价	价格变动	成交量(手)	成交额(元)	性质
15:00:03	10.62	--	1421	1509102	买盘
14:57:03	10.62	--	0	0	买盘
14:57:00	10.62	0.01	175	185850	买盘
14:56:54	10.61	--	100	106100	卖盘
14:56:51	10.61	--	20	21220	卖盘
14:56:48	10.61	-0.01	11	11671	卖盘
14:56:45	10.62	0.01	5	5310	买盘
14:56:39	10.61	-0.01	205	217505	卖盘
14:56:36	10.62	0.01	4	4248	买盘
14:56:30	10.61	--	21	22281	卖盘
14:56:24	10.61	--	58	61538	卖盘
14:56:21	10.61	--	4	4244	卖盘
14:56:15	10.61	-0.01	10	10610	卖盘
14:56:12	10.62	0.01	11	11682	买盘
14:56:09	10.61	--	72	76487	买盘
14:56:06	10.61	--	10	10610	买盘
14:56:03	10.61	--	2	3087	卖盘
14:56:00	10.61	--	2	2122	卖盘
14:55:54	10.61	--	30	31830	卖盘
14:55:45	10.61	--	45	47745	卖盘
14:55:42	10.61	--	4	4244	卖盘
14:55:39	10.61	--	10	10610	卖盘
14:55:36	10.61	--	6	6461	卖盘
14:55:30	10.61	-0.01	16	16976	卖盘
14:55:27	10.62	0.02	3	3185	买盘
14:55:24	10.6	-0.02	705	747300	卖盘
14:55:12	10.62	--	19	20178	买盘
14:55:09	10.62	0.01	132	140184	买盘
14:55:06	10.61	--	200	212200	卖盘
14:55:03	10.61	-0.01	17	18037	卖盘
14:55:00	10.62	0.01	159	168858	买盘
14:54:54	10.61	--	1	1061	卖盘
14:54:51	10.61	-0.01	5	5305	卖盘
14:54:36	10.62	--	15	15929	买盘
14:54:30	10.62	0.01	107	113633	买盘
14:54:27	10.61	--	8	8488	卖盘
14:54:24	10.61	-0.01	76	80636	卖盘
14:54:18	10.62	0.01	9	9558	买盘
14:54:12	10.61	-0.01	1	1061	卖盘
14:54:09	10.62	--	8	8496	买盘
14:53:57	10.62	--	56	59471	卖盘
14:53:48	10.62	--	27	28673	买盘
14:53:45	10.62	--	14	14867	买盘
14:53:42	10.62	--	12	12743	买盘
14:53:39	10.62	--	10	10620	买盘
14:53:33	10.62	--	31	32922	买盘
14:53:21	10.62	--	24	25487	卖盘
14:53:18	10.62	--	69	73278	卖盘
14:53:15	10.62	--	100	106199	卖盘
14:53:09	10.62	--	20	21240	卖盘
14:52:57	10.62	-0.01	2	2124	卖盘
14:52:54	10.63	0.01	140	148820	买盘
14:52:39	10.62	--	14	14867	卖盘
14:52:33	10.62	--	8	8496	卖盘
14:52:21	10.62	--	13	13805	卖盘
14:52:18	10.62	-0.01	1	1062	卖盘
14:52:12	10.63	0.01	54	57402	买盘
14:52:09	10.62	-0.01	3	3185	卖盘
14:52:06	10.63	--	56	59528	买盘
14:51:57	10.63	--	30	31890	买盘
14:51:51	10.63	--	53	56339	买盘
14:51:45	10.63	0.01	8	8504	买盘
14:51:39	10.62	-0.01	10	10620	卖盘
14:51:30	10.63	0.01	81	86103	买盘
14:51:24	10.62	--	6	6371	卖盘
14:51:21	10.62	-0.01	10	10620	卖盘
14:51:18	10.63	--	13	13819	买盘
14:51:12	10.63	--	13	13819	买盘
14:51:06	10.63	0.01	7	7441	买盘
14:51:00	10.62	-0.01	45	47790	卖盘
14:50:57	10.63	-0.01	45	47835	卖盘
14:50:54	10.64	--	53	56392	买盘
14:50:51	10.64	--	10	10640	买盘
14:50:42	10.64	0.01	81	86184	买盘
14:50:33	10.63	--	10	10630	卖盘
14:50:21	10.63	--	68	72284	卖盘
14:50:18	10.63	-0.01	8	8504	卖盘
14:50:15	10.64	0.01	55	58520	买盘
14:50:12	10.63	--	19	20197	卖盘
14:50:09	10.63	--	40	42520	卖盘
14:50:06	10.63	--	35	37205	卖盘
14:50:03	10.63	--	100	106300	卖盘
14:49:54	10.63	--	10	10630	卖盘
14:49:48	10.63	--	30	31890	卖盘
14:49:45	10.63	-0.01	39	41457	卖盘
14:49:33	10.64	--	3	3192	买盘
14:49:30	10.64	--	37	39368	卖盘
14:49:12	10.64	--	40	42560	卖盘
14:49:06	10.64	-0.01	43	45752	卖盘
14:49:03	10.65	0.01	50	53250	买盘
14:49:00	10.64	--	160	170240	卖盘
14:48:54	10.64	--	5	5320	卖盘
14:48:45	10.64	0.01	18	19152	中性盘
14:48:33	10.63	--	23	24449	卖盘
14:48:27	10.63	--	40	42520	卖盘
14:48:15	10.63	--	62	65906	卖盘
14:48:09	10.63	--	3	3189	卖盘
14:47:57	10.63	-0.02	60	63780	卖盘
14:47:36	10.65	0.02	423	450495	买盘
14:47:27	10.63	--	73	77599	卖盘
14:47:24	10.63	-0.01	6	6378	卖盘
14:47:21	10.64	--	8	8512	买盘
14:46:57	10.64	0.01	18	19152	买盘
14:46:48	10.63	--	10	10630	卖盘
14:46:45	10.63	--	17	18071	卖盘
14:46:30	10.63	-0.01	10	10630	卖盘
14:46:27	10.64	0.02	1	1064	买盘
14:45:42	10.62	--	201	213461	买盘
14:45:39	10.62	0.01	1	1062	买盘
14:45:36	10.61	-0.01	817	866837	卖盘
14:45:33	10.62	-0.02	10	10620	卖盘
14:45:30	10.64	--	21	22344	买盘
14:45:12	10.64	--	2	2128	买盘
14:45:06	10.64	0.02	99	105825	买盘
14:45:03	10.62	-0.02	344	365901	卖盘
14:44:54	10.64	0.01	46	48944	买盘
14:44:39	10.63	--	6	6378	卖盘
14:44:36	10.63	--	14	15583	卖盘
14:44:24	10.63	--	15	15945	卖盘
14:44:21	10.63	0.01	108	115707	买盘
14:44:15	10.62	--	2	2124	卖盘
14:44:12	10.62	--	32	34992	卖盘
14:44:06	10.62	0.01	23	24426	卖盘
14:44:03	10.61	-0.01	34	36371	卖盘
14:44:00	10.62	--	74	79023	买盘
14:43:51	10.62	--	90	96089	卖盘
14:43:42	10.62	--	202	214768	卖盘
14:43:39	10.62	--	7	7805	卖盘
14:43:36	10.62	--	20	21240	卖盘
14:43:33	10.62	--	163	173286	卖盘
14:43:30	10.62	--	1	1062	卖盘
14:43:21	10.62	--	13	14804	卖盘
14:43:18	10.62	--	198	211157	买盘
14:43:15	10.62	0.01	80	84960	买盘
14:43:12	10.61	--	131	139457	卖盘
14:43:03	10.61	-0.01	35	37962	卖盘
14:42:54	10.62	--	318	337896	卖盘
14:42:51	10.62	-0.01	18	19211	卖盘
14:42:48	10.63	0.01	17	18071	买盘
14:42:45	10.62	--	10	10620	卖盘
14:42:42	10.62	-0.01	53	57263	卖盘
14:42:39	10.63	0.01	4	4252	买盘
14:42:33	10.62	--	26	27781	卖盘
14:42:30	10.62	-0.01	22	23364	卖盘
14:42:27	10.63	0.01	10	10630	买盘
14:42:24	10.62	-0.01	96	101951	卖盘
14:42:21	10.63	--	27	29530	买盘
14:42:18	10.63	0.01	4	4252	买盘
14:42:15	10.62	-0.01	2	2124	卖盘
14:42:12	10.63	--	23	24449	买盘
14:42:06	10.63	--	42	45336	卖盘
14:42:03	10.63	--	9	9939	卖盘
14:42:00	10.63	-0.01	75	79725	卖盘
14:41:57	10.64	0.01	37	39368	买盘
14:41:54	10.63	--	145	154135	卖盘
14:41:51	10.63	--	9	10598	卖盘
14:41:42	10.63	--	21	22652	卖盘
14:41:33	10.63	-0.01	21	23088	卖盘
14:41:30	10.64	0.01	3	3192	买盘
14:41:24	10.63	--	46	48898	卖盘
14:41:21	10.63	--	45	48387	卖盘
14:41:15	10.63	-0.02	4	4252	卖盘
14:41:03	10.65	0.01	30	31950	买盘
14:40:57	10.64	--	62	65968	买盘
14:40:42	10.64	--	8	8512	卖盘
14:40:39	10.64	--	10	10640	卖盘
14:40:12	10.64	--	62	65968	买盘
14:40:03	10.64	--	10	10640	中性盘
14:39:54	10.64	--	5	5320	中性盘
14:39:45	10.64	--	10	10640	卖盘
14:39:39	10.64	--	6	6384	买盘
14:39:36	10.64	--	30	31920	买盘
14:39:21	10.64	--	8	8512	买盘
14:39:03	10.64	--	25	26600	买盘
14:38:45	10.64	0.01	20	21280	买盘
14:38:39	10.63	--	1	1063	卖盘
14:38:36	10.63	--	67	71221	卖盘
14:38:33	10.63	--	2	2126	卖盘
14:38:15	10.63	--	5	5315	卖盘
14:38:12	10.63	--	212	225356	卖盘
14:37:48	10.63	--	43	45709	卖盘
14:37:39	10.63	-0.02	33	36120	卖盘
14:37:33	10.65	0.02	45	47925	买盘
14:37:30	10.63	--	10	10630	卖盘
14:37:27	10.63	-0.01	174	185993	卖盘
14:37:24	10.64	0.01	24	26312	买盘
14:37:21	10.63	0.01	30	31985	买盘
14:37:18	10.62	-0.01	275	292294	卖盘
14:37:12	10.63	--	120	127560	买盘
14:37:09	10.63	-0.01	683	726996	卖盘
14:37:06	10.64	0.01	14	14896	卖盘
14:36:57	10.63	--	76	81574	卖盘
14:36:48	10.63	-0.01	5	5315	卖盘
14:36:45	10.64	--	3	4224	卖盘
14:36:42	10.64	--	8	8512	卖盘
14:36:39	10.64	--	7	8118	卖盘
14:36:27	10.64	0.01	125	133425	卖盘
14:36:18	10.63	--	11	11948	卖盘
14:36:12	10.63	--	41	43583	卖盘
14:36:06	10.63	-0.01	23	24959	卖盘
14:35:57	10.64	--	15	15960	卖盘
14:35:51	10.64	0.01	11	11704	卖盘
14:35:48	10.63	--	41	44422	卖盘
14:35:39	10.63	--	50	53150	卖盘
14:35:36	10.63	--	50	53936	卖盘
14:35:33	10.63	--	43	45709	卖盘
14:35:27	10.63	--	37	39373	卖盘
14:35:24	10.63	--	15	15945	卖盘
14:35:18	10.63	-0.01	66	70498	卖盘
14:35:12	10.64	0.01	31	33877	买盘
14:35:09	10.63	--	43	45709	卖盘
14:35:06	10.63	--	111	118949	卖盘
14:35:03	10.63	-0.01	33	35079	卖盘
14:35:00	10.64	--	20	21280	买盘
14:34:57	10.64	--	101	107464	买盘
14:34:54	10.64	--	132	140490	卖盘
14:34:45	10.64	--	11	12108	卖盘
14:34:36	10.64	--	2	2745	卖盘
14:34:21	10.64	-0.01	5	5320	卖盘
14:34:15	10.65	--	25	26625	买盘
14:33:39	10.65	--	9	9585	买盘
14:33:27	10.65	--	103	109695	买盘
14:33:18	10.65	0.03	1	1065	买盘
14:33:09	10.62	--	25	27240	卖盘
14:33:06	10.62	-0.02	106	112571	卖盘
14:33:00	10.64	--	46	48944	卖盘
14:32:57	10.64	0.01	51	54264	买盘
14:32:51	10.63	--	50	53150	买盘
14:32:45	10.63	--	10	10630	买盘
14:32:42	10.63	--	15	15945	买盘
14:32:39	10.63	--	25	26575	买盘
14:32:36	10.63	-0.02	364	386932	卖盘
14:32:24	10.65	--	209	222585	买盘
14:32:09	10.65	--	30	31950	买盘
14:32:00	10.65	--	10	10650	买盘
14:31:54	10.65	-0.01	715	761475	卖盘
14:31:51	10.66	--	43	45838	买盘
14:31:48	10.66	0.01	10	10660	买盘
14:31:45	10.65	--	43	45795	卖盘
14:31:42	10.65	--	48	51120	卖盘
14:31:27	10.65	-0.01	43	45795	卖盘
14:31:24	10.66	--	51	54366	买盘
14:31:00	10.66	--	6	6396	买盘
14:30:51	10.66	--	10	10660	买盘
14:30:45	10.66	-0.01	223	237718	卖盘
14:30:12	10.67	-0.01	33	35211	中性盘
14:29:54	10.68	--	174	185832	买盘
14:29:39	10.68	0.02	2	2136	买盘
14:29:36	10.66	-0.01	598	637468	卖盘
14:29:24	10.67	--	4	4268	卖盘
14:29:12	10.67	--	19	20273	买盘
14:29:00	10.67	0.01	12	12804	买盘
14:28:39	10.66	-0.01	43	45838	卖盘
14:28:33	10.67	--	65	69355	买盘
14:28:24	10.67	--	30	32010	买盘
14:28:21	10.67	--	77	82159	卖盘
14:28:06	10.67	--	22	23474	卖盘
14:28:03	10.67	0.01	35	37345	买盘
14:27:57	10.66	-0.01	13	13858	卖盘
14:27:48	10.67	--	50	53350	买盘
14:27:30	10.67	--	100	106700	买盘
14:27:27	10.67	--	59	62953	卖盘
14:27:12	10.67	0.01	16	17072	买盘
14:27:00	10.66	-0.01	20	21320	卖盘
14:26:42	10.67	-0.01	7	7469	卖盘
14:26:36	10.68	--	10	10680	买盘
14:26:30	10.68	0.01	36	38448	买盘
14:26:24	10.67	0.01	11	11737	买盘
14:26:15	10.66	-0.01	43	45838	卖盘
14:26:09	10.67	--	7	7469	卖盘
14:26:06	10.67	-0.01	6	6402	卖盘
14:25:54	10.68	0.01	24	25632	买盘
14:25:24	10.67	0.01	10	10670	中性盘
14:25:21	10.66	--	43	45838	卖盘
14:25:06	10.66	-0.01	30	31980	卖盘
14:25:03	10.67	-0.01	100	106700	卖盘
14:25:00	10.68	--	17	18156	买盘
14:24:57	10.68	-0.01	37	39516	卖盘
14:24:54	10.69	0.01	106	113314	买盘
14:24:48	10.68	--	5	5340	卖盘
14:24:36	10.68	--	123	131364	买盘
14:24:18	10.68	--	29	30972	买盘
14:24:15	10.68	-0.01	55	58740	卖盘
14:24:06	10.69	--	22	23518	买盘
14:24:00	10.69	--	70	74830	买盘
14:23:51	10.69	-0.01	271	289699	中性盘
14:23:39	10.7	--	132	141240	买盘
14:23:33	10.7	--	35	37450	买盘
14:23:27	10.7	--	6	6420	买盘
14:23:24	10.7	--	50	53500	买盘
14:23:21	10.7	--	7	7489	买盘
14:23:18	10.7	0.01	42	44940	买盘
14:23:15	10.69	-0.01	19	20311	卖盘
14:23:12	10.7	0.01	8	8560	买盘
14:23:09	10.69	-0.01	66	70554	卖盘
14:23:06	10.7	--	4	4280	买盘
14:22:57	10.7	0.01	45	48150	买盘
14:22:54	10.69	--	100	106900	卖盘
14:22:51	10.69	--	19	20311	卖盘
14:22:45	10.69	--	197	210593	卖盘
14:22:42	10.69	0.01	223	238387	买盘
14:22:36	10.68	-0.01	3	3204	卖盘
14:22:33	10.69	--	23	24587	买盘
14:22:24	10.69	0.01	144	153936	买盘
14:22:21	10.68	--	189	201852	买盘
14:22:12	10.68	--	50	53400	买盘
14:22:09	10.68	0.02	62	66216	买盘
14:22:06	10.66	-0.01	300	319800	卖盘
14:22:00	10.67	--	1	1067	买盘
14:21:57	10.67	--	3	3201	买盘
14:21:54	10.67	0.01	22	23474	买盘
14:21:45	10.66	--	6	6396	卖盘
14:21:39	10.66	--	13	13858	卖盘
14:21:30	10.66	--	171	182286	买盘
14:21:27	10.66	--	10	10660	买盘
14:21:18	10.66	--	1	1066	买盘
14:21:15	10.66	0.01	18	19188	买盘
14:21:09	10.65	--	5	5325	卖盘
14:21:06	10.65	-0.01	50	53250	卖盘
14:21:03	10.66	--	47	50102	买盘
14:21:00	10.66	--	10	10660	买盘
14:20:54	10.66	--	246	262236	买盘
14:20:51	10.66	-0.01	67	71422	卖盘
14:20:48	10.67	0.01	34	36278	买盘
14:20:45	10.66	-0.01	10	10660	卖盘
14:20:39	10.67	0.01	3	3201	买盘
14:20:27	10.66	--	60	63960	卖盘
14:20:24	10.66	--	39	41574	买盘
14:20:12	10.66	--	88	93808	买盘
14:20:06	10.66	0.01	19	20254	买盘
14:20:03	10.65	-0.01	150	159750	卖盘
14:19:45	10.66	--	14	14924	买盘
14:19:42	10.66	-0.01	160	170560	卖盘
14:19:36	10.67	--	47	50149	买盘
14:19:33	10.67	0.01	27	28809	买盘
14:19:24	10.66	-0.01	43	45838	卖盘
14:19:18	10.67	-0.01	218	232606	卖盘
14:19:15	10.68	0.01	8	8544	买盘
14:19:09	10.67	--	103	109901	卖盘
14:19:03	10.67	--	20	21340	卖盘
14:19:00	10.67	--	6	6402	卖盘
14:18:54	10.67	-0.01	3	3201	卖盘
14:18:51	10.68	--	99	105732	买盘
14:18:42	10.68	-0.01	3	3204	中性盘
14:18:36	10.69	0.01	10	10690	买盘
14:18:33	10.68	--	16	17088	卖盘
14:18:30	10.68	-0.01	19	20292	卖盘
14:18:21	10.69	0.01	75	80175	买盘
14:18:18	10.68	--	94	100392	买盘
14:18:12	10.68	--	18	19224	买盘
14:18:09	10.68	--	20	21360	买盘
14:18:00	10.68	-0.01	68	72624	卖盘
14:17:54	10.69	0.02	30	32070	买盘
14:17:51	10.67	--	32	34144	买盘
14:17:48	10.67	-0.01	358	381986	卖盘
14:17:36	10.68	--	156	166608	买盘
14:17:33	10.68	--	196	209328	卖盘
14:17:30	10.68	--	8	8544	买盘
14:17:27	10.68	--	92	98256	卖盘
14:17:21	10.68	--	9	9612	买盘
14:17:09	10.68	--	11	11748	买盘
14:17:06	10.68	--	4	4272	卖盘
14:16:57	10.68	--	196	209328	买盘
14:16:54	10.68	0.01	10	10680	买盘
14:16:42	10.67	--	168	179256	卖盘
14:16:30	10.67	0.01	11	11737	买盘
14:16:27	10.66	-0.01	30	31980	卖盘
14:16:24	10.67	0.01	5	5335	买盘
14:16:09	10.66	--	39	41574	卖盘
14:16:06	10.66	--	63	67158	买盘
14:16:03	10.66	--	115	122590	买盘
14:16:00	10.66	--	11	11726	买盘
14:15:51	10.66	--	50	53300	买盘
14:15:48	10.66	--	256	272896	买盘
14:15:42	10.66	--	18	19188	买盘
14:15:39	10.66	--	21	22386	买盘
14:15:36	10.66	--	10	10660	买盘
14:15:27	10.66	--	21	22386	买盘
14:15:24	10.66	--	113	120458	买盘
14:15:21	10.66	--	6	6396	买盘
14:15:18	10.66	0.01	3	3198	买盘
14:14:54	10.65	--	13	13845	买盘
14:14:48	10.65	--	9	9585	买盘
14:14:45	10.65	0.01	101	107565	买盘
14:14:30	10.64	--	68	72352	买盘
14:14:27	10.64	--	55	58520	买盘
14:14:24	10.64	0.01	10	10640	买盘
14:14:18	10.63	--	60	63780	卖盘
14:14:09	10.63	-0.01	16	17008	卖盘
14:14:06	10.64	0.01	9	9576	买盘
14:13:57	10.63	--	35	37205	卖盘
14:13:36	10.63	--	5	5315	卖盘
14:13:27	10.63	--	30	31890	卖盘
14:13:24	10.63	--	10	10630	卖盘
14:13:18	10.63	--	30	31890	卖盘
14:13:12	10.63	--	10	10630	卖盘
14:12:33	10.63	--	1	1063	卖盘
14:12:24	10.63	--	84	89292	卖盘
14:12:15	10.63	--	14	14882	卖盘
14:12:09	10.63	--	46	48898	卖盘
14:11:57	10.63	-0.01	20	21260	卖盘
14:11:42	10.64	0.01	4	4256	买盘
14:11:36	10.63	--	12	12756	卖盘
14:11:21	10.63	--	1	1063	卖盘
14:11:15	10.63	--	1	1063	卖盘
14:11:09	10.63	--	18	19134	卖盘
14:10:54	10.63	--	43	45709	卖盘
14:10:39	10.63	--	5	5315	卖盘
14:10:33	10.63	-0.01	20	21260	卖盘
14:10:18	10.64	--	29	30856	卖盘
14:10:15	10.64	--	1	1064	买盘
14:10:12	10.64	--	1	1064	卖盘
14:09:57	10.64	--	100	106400	卖盘
14:09:51	10.64	-0.01	49	52136	卖盘
14:09:36	10.65	0.01	20	21300	买盘
14:09:33	10.64	-0.01	18	19152	卖盘
14:09:21	10.65	0.01	66	70290	买盘
14:08:54	10.64	--	74	78736	卖盘
14:08:18	10.64	-0.01	9	9576	卖盘
14:07:57	10.65	0.01	3	3195	买盘
14:07:51	10.64	--	10	10640	卖盘
14:07:39	10.64	--	5	5320	卖盘
14:07:09	10.64	--	43	45752	卖盘
14:07:00	10.64	-0.02	50	53200	卖盘
14:06:54	10.66	0.02	5	5330	买盘
14:06:48	10.64	--	9	9576	卖盘
14:06:36	10.64	-0.01	23	24472	卖盘
14:06:24	10.65	--	20	21300	卖盘
14:06:06	10.65	--	42	44730	卖盘
14:05:57	10.65	--	1	1065	卖盘
14:05:51	10.65	--	20	21300	卖盘
14:05:48	10.65	--	1	1065	卖盘
14:05:36	10.65	--	7	7455	卖盘
14:05:18	10.65	--	141	150165	买盘
14:04:51	10.65	0.01	51	54315	买盘
14:04:42	10.64	--	50	53200	卖盘
14:04:21	10.64	--	3	3192	卖盘
14:04:18	10.64	-0.01	5	5320	卖盘
14:04:12	10.65	--	15	15975	买盘
14:03:57	10.65	--	2	2130	买盘
14:03:48	10.65	--	26	27690	买盘
14:03:33	10.65	--	1	1065	买盘
14:03:06	10.65	0.01	1	1065	买盘
14:03:00	10.64	-0.01	20	21280	卖盘
14:02:39	10.65	--	22	23430	买盘
14:02:36	10.65	--	10	10650	买盘
14:02:09	10.65	0.01	10	10650	买盘
14:02:00	10.64	--	8	8512	卖盘
14:01:54	10.64	-0.01	34	36176	卖盘
14:01:42	10.65	--	8	8594	卖盘
14:01:30	10.65	0.01	111	119205	买盘
14:00:36	10.64	--	12	12768	卖盘
14:00:09	10.64	-0.01	4	4256	卖盘
13:59:51	10.65	--	20	21300	买盘
13:59:45	10.65	--	52	55454	卖盘
13:59:33	10.65	-0.01	3	3195	卖盘
13:59:30	10.66	0.01	6	6396	买盘
13:59:18	10.65	--	57	61695	买盘
13:59:15	10.65	0.02	100	106500	买盘
13:59:09	10.63	-0.03	186	197792	卖盘
13:58:57	10.66	0.02	155	165230	买盘
13:58:54	10.64	-0.01	5	5320	卖盘
13:58:51	10.65	0.01	30	31950	买盘
13:58:45	10.64	-0.01	10	10640	卖盘
13:58:42	10.65	--	50	53250	买盘
13:58:36	10.65	0.01	10	10650	买盘
13:57:57	10.64	--	15	15960	卖盘
13:57:48	10.64	--	13	13832	买盘
13:57:39	10.64	--	4	4256	买盘
13:57:30	10.64	--	19	20216	买盘
13:56:54	10.64	--	20	21280	买盘
13:56:51	10.64	-0.01	44	46816	卖盘
13:56:36	10.65	--	20	21300	买盘
13:56:24	10.65	0.01	270	287550	买盘
13:56:18	10.64	--	19	20216	卖盘
13:56:09	10.64	-0.01	5	5320	卖盘
13:55:57	10.65	0.01	1	1065	买盘
13:55:51	10.64	-0.01	43	45752	卖盘
13:55:48	10.65	0.01	4	4260	买盘
13:55:15	10.64	--	100	106400	卖盘
13:55:06	10.64	0.01	35	37240	买盘
13:55:03	10.63	-0.01	43	45709	卖盘
13:54:54	10.64	--	30	31920	买盘
13:54:27	10.64	0.01	30	31920	买盘
13:54:15	10.63	-0.01	3	3189	卖盘
13:54:12	10.64	--	45	47880	买盘
13:54:06	10.64	0.01	10	10640	买盘
13:53:15	10.63	0.01	7	8429	买盘
13:53:00	10.62	--	104	110447	卖盘
13:52:42	10.62	--	30	31859	卖盘
13:52:30	10.62	--	89	94518	卖盘
13:52:15	10.62	--	1	1062	卖盘
13:52:12	10.62	0.01	9	9558	买盘
13:52:06	10.61	-0.01	4	4244	卖盘
13:52:03	10.62	0.01	20	21240	买盘
13:52:00	10.61	--	4	4244	卖盘
13:51:33	10.61	-0.01	6	6366	卖盘
13:51:27	10.62	--	20	21240	买盘
13:51:21	10.62	0.01	49	52037	买盘
13:51:15	10.61	-0.02	381	404241	卖盘
13:51:12	10.63	0.02	70	74410	买盘
13:51:03	10.61	--	10	10610	卖盘
13:50:48	10.61	--	80	84880	卖盘
13:50:00	10.61	--	33	35013	卖盘
13:49:57	10.61	--	50	53050	卖盘
13:49:39	10.61	--	12	12732	卖盘
13:49:36	10.61	--	12	12732	卖盘
13:49:21	10.61	--	250	265250	卖盘
13:49:18	10.61	--	43	45623	卖盘
13:48:57	10.61	-0.02	43	45623	卖盘
13:48:30	10.63	--	210	223230	买盘
13:48:12	10.63	--	1	1137	卖盘
13:48:06	10.63	--	20	21260	卖盘
13:47:30	10.63	--	2	3114	卖盘
13:47:27	10.63	--	245	260435	卖盘
13:47:21	10.63	-0.02	68	72284	卖盘
13:47:15	10.65	0.01	10	10650	买盘
13:47:03	10.64	-0.01	15	15960	卖盘
13:46:06	10.65	--	1	1065	卖盘
13:46:03	10.65	0.01	170	181050	买盘
13:46:00	10.64	--	1	1064	卖盘
13:45:57	10.64	--	10	10640	卖盘
13:45:15	10.64	--	6	6384	卖盘
13:44:27	10.64	-0.01	21	22344	卖盘
13:44:09	10.65	--	16	17040	卖盘
13:44:06	10.65	--	22	23430	卖盘
13:43:57	10.65	--	50	53250	卖盘
13:43:51	10.65	--	78	83070	买盘
13:43:33	10.65	--	11	11715	买盘
13:43:18	10.65	--	61	64965	卖盘
13:43:12	10.65	--	30	31950	卖盘
13:43:09	10.65	--	10	10650	卖盘
13:42:51	10.65	--	38	40470	卖盘
13:42:45	10.65	--	7	7455	卖盘
13:42:33	10.65	--	5	5325	卖盘
13:42:18	10.65	--	35	37275	卖盘
13:42:09	10.65	--	32	34080	卖盘
13:41:39	10.65	--	13	13845	卖盘
13:41:33	10.65	--	15	15975	卖盘
13:41:24	10.65	--	47	50055	卖盘
13:41:21	10.65	--	10	10650	卖盘
13:41:15	10.65	--	58	61770	卖盘
13:41:06	10.65	--	33	35145	卖盘
13:40:57	10.65	--	384	408960	买盘
13:40:54	10.65	--	27	28755	买盘
13:40:24	10.65	--	19	20235	卖盘
13:40:21	10.65	--	10	10650	卖盘
13:40:09	10.65	-0.02	36	38340	卖盘
13:39:57	10.67	0.02	5	5335	买盘
13:39:39	10.65	--	10	10650	卖盘
13:39:33	10.65	-0.03	43	45795	卖盘
13:39:27	10.68	0.03	10	10680	买盘
13:39:21	10.65	-0.03	30	31950	卖盘
13:39:09	10.68	0.02	102	108936	买盘
13:39:06	10.66	-0.01	3	3198	中性盘
13:38:51	10.67	--	1	1067	买盘
13:38:42	10.67	0.02	23	24541	买盘
13:38:36	10.65	--	18	19170	卖盘
13:38:09	10.65	-0.03	50	53250	卖盘
13:38:03	10.68	--	1	1068	买盘
13:38:00	10.68	0.01	20	21360	买盘
13:37:48	10.67	-0.01	30	32010	卖盘
13:37:45	10.68	0.01	30	32040	买盘
13:37:27	10.67	--	10	10670	卖盘
13:37:15	10.67	--	1	1067	卖盘
13:37:06	10.67	0.02	296	315832	买盘
13:37:00	10.65	--	106	112890	卖盘
13:36:54	10.65	-0.01	220	234300	卖盘
13:36:51	10.66	-0.01	198	211068	卖盘
13:36:48	10.67	0.02	10	10670	买盘
13:36:45	10.65	--	21	22365	卖盘
13:36:36	10.65	-0.01	96	102240	卖盘
13:36:33	10.66	-0.01	11	11726	卖盘
13:36:27	10.67	0.01	3	3201	买盘
13:36:18	10.66	--	67	71422	买盘
13:36:15	10.66	--	17	18122	卖盘
13:36:12	10.66	--	33	35178	买盘
13:36:06	10.66	--	2	2132	买盘
13:36:03	10.66	--	1	1066	买盘
13:35:54	10.66	0.01	1	1066	买盘
13:35:45	10.65	-0.01	43	45795	卖盘
13:35:42	10.66	0.01	35	37310	买盘
13:35:18	10.65	--	10	10650	卖盘
13:35:15	10.65	--	81	86265	买盘
13:35:06	10.65	-0.01	19	20235	卖盘
13:34:42	10.66	--	131	139646	买盘
13:34:24	10.66	--	1	1066	买盘
13:34:18	10.66	--	125	133250	中性盘
13:33:48	10.66	-0.01	168	179088	卖盘
13:33:30	10.67	--	15	16005	买盘
13:33:12	10.67	--	50	53350	买盘
13:32:57	10.67	0.01	44	46948	买盘
13:32:45	10.66	-0.01	87	92742	卖盘
13:32:42	10.67	--	200	213400	买盘
13:32:27	10.67	--	4	4268	买盘
13:31:45	10.67	0.01	30	32010	买盘
13:31:39	10.66	--	31	33046	卖盘
13:31:30	10.66	-0.01	5	5330	卖盘
13:31:24	10.67	0.01	7	7469	买盘
13:31:03	10.66	--	10	10660	卖盘
13:30:57	10.66	--	4	4264	买盘
13:30:51	10.66	0.01	1	1066	中性盘
13:30:30	10.65	-0.01	11	11715	卖盘
13:30:21	10.66	-0.01	5	5330	卖盘
13:30:15	10.67	--	5	5335	卖盘
13:30:06	10.67	--	518	552706	卖盘
13:29:48	10.67	--	3	3201	卖盘
13:29:39	10.67	-0.01	49	52283	卖盘
13:29:12	10.68	--	15	16020	买盘
13:29:09	10.68	--	10	10680	买盘
13:29:03	10.68	--	10	10680	买盘
13:29:00	10.68	--	37	39516	买盘
13:28:51	10.68	-0.01	16	17088	卖盘
13:28:42	10.69	0.01	20	21380	买盘
13:28:33	10.68	--	4	4272	买盘
13:28:30	10.68	-0.01	1	1068	中性盘
13:28:24	10.69	--	50	53450	买盘
13:28:12	10.69	--	91	97279	买盘
13:28:09	10.69	--	4	4276	买盘
13:28:06	10.69	--	11	11759	买盘
13:27:57	10.69	0.01	7	7483	买盘
13:27:45	10.68	0.01	51	54468	买盘
13:27:42	10.67	--	2	2134	卖盘
13:27:39	10.67	-0.01	1	1067	卖盘
13:27:36	10.68	--	10	10680	买盘
13:27:24	10.68	0.01	12	12816	买盘
13:27:09	10.67	--	30	32010	卖盘
13:27:06	10.67	--	43	45881	卖盘
13:27:03	10.67	0.01	125	133375	买盘
13:26:36	10.66	--	15	15990	买盘
13:26:03	10.66	0.01	9	9594	买盘
13:25:57	10.65	-0.01	10	10650	卖盘
13:25:51	10.66	--	5	5330	买盘
13:25:30	10.66	0.01	4	4264	买盘
13:25:27	10.65	-0.01	104	110760	卖盘
13:25:00	10.66	--	5	5330	买盘
13:24:54	10.66	--	10	10660	买盘
13:24:45	10.66	--	1	1066	买盘
13:24:27	10.66	0.01	5	5330	买盘
13:24:15	10.65	-0.01	34	36210	卖盘
13:24:03	10.66	--	29	30914	买盘
13:23:51	10.66	--	12	12792	买盘
13:23:12	10.66	0.01	50	53300	中性盘
13:23:03	10.65	--	43	45795	卖盘
13:22:57	10.65	-0.03	6	6390	卖盘
13:22:33	10.68	0.02	30	32040	买盘
13:22:30	10.66	--	16	17056	卖盘
13:22:09	10.66	--	5	5330	卖盘
13:22:06	10.66	0.01	30	31980	买盘
13:22:03	10.65	-0.01	43	45795	卖盘
13:21:45	10.66	--	21	22386	卖盘
13:21:42	10.66	-0.03	30	31980	卖盘
13:21:39	10.69	0.03	263	281147	买盘
13:21:15	10.66	0.01	12	12792	买盘
13:21:09	10.65	-0.02	5	5325	卖盘
13:20:15	10.67	0.02	7	7469	买盘
13:19:48	10.65	--	5	5325	卖盘
13:19:42	10.65	--	12	12780	买盘
13:19:27	10.65	--	17	18105	买盘
13:19:24	10.65	--	5	5325	买盘
13:19:12	10.65	0.01	29	30885	买盘
13:19:00	10.64	--	76	80864	卖盘
13:18:54	10.64	--	92	97888	买盘
13:18:30	10.64	--	50	53200	买盘
13:18:27	10.64	--	8	8512	买盘
13:18:09	10.64	--	3	3192	买盘
13:18:03	10.64	--	10	10640	买盘
13:17:57	10.64	-0.01	11	11704	卖盘
13:17:51	10.65	--	34	36210	买盘
13:17:18	10.65	--	100	106500	买盘
13:17:09	10.65	0.01	1	1065	买盘
13:16:42	10.64	-0.01	10	10640	卖盘
13:16:36	10.65	--	1	1065	买盘
13:15:27	10.65	--	53	56445	买盘
13:15:21	10.65	0.01	10	10650	买盘
13:15:18	10.64	-0.01	3	3192	卖盘
13:15:03	10.65	0.01	9	9585	买盘
13:14:45	10.64	--	9	9576	卖盘
13:14:09	10.64	--	43	45752	卖盘
13:14:06	10.64	--	54	57456	买盘
13:13:45	10.64	-0.01	56	59584	卖盘
13:13:21	10.65	0.01	6	6390	买盘
13:13:09	10.64	--	59	62776	卖盘
13:12:30	10.64	--	43	45752	卖盘
13:12:24	10.64	--	2	2128	卖盘
13:12:21	10.64	--	10	10640	卖盘
13:12:15	10.64	--	6	6384	卖盘
13:11:36	10.64	--	2	2128	买盘
13:11:18	10.64	--	20	21280	买盘
13:11:09	10.64	--	50	53200	买盘
13:11:00	10.64	0.01	5	5320	买盘
13:10:33	10.63	--	5	5315	卖盘
13:10:24	10.63	--	23	24449	买盘
13:10:18	10.63	0.01	5	5315	买盘
13:10:09	10.62	-0.01	50	53099	卖盘
13:10:06	10.63	-0.01	92	97796	卖盘
13:09:57	10.64	--	5	5320	买盘
13:09:51	10.64	--	31	32984	卖盘
13:09:45	10.64	--	54	57456	卖盘
13:09:30	10.64	--	5	5320	卖盘
13:09:24	10.64	--	3	3192	买盘
13:09:15	10.64	0.01	5	5320	买盘
13:09:09	10.63	--	7	7441	卖盘
13:09:06	10.63	-0.01	4	4252	卖盘
13:08:42	10.64	-0.01	2	2128	中性盘
13:08:24	10.65	0.03	3	3195	买盘
13:07:27	10.62	--	9	9558	卖盘
13:06:57	10.62	-0.01	44	46728	卖盘
13:06:33	10.63	-0.02	9	9567	卖盘
13:06:27	10.65	--	10	10650	买盘
13:06:24	10.65	0.02	20	21300	买盘
13:06:21	10.63	--	4	4252	卖盘
13:06:06	10.63	--	2	2126	卖盘
13:05:36	10.63	--	11	11693	卖盘
13:05:30	10.63	--	6	6378	卖盘
13:05:24	10.63	-0.04	40	42520	中性盘
13:02:39	10.67	0.05	13	13871	中性盘
13:01:00	10.62	-0.01	59	62657	买盘
13:00:09	10.63	--	46	48898	卖盘
13:00:06	10.63	0.01	435	462405	买盘
13:00:03	10.62	--	0	0	卖盘
11:30:03	10.62	--	0	0	卖盘
11:29:51	10.62	--	31	32922	买盘
11:29:45	10.62	--	5	5310	买盘
11:29:39	10.62	--	12	12743	买盘
11:29:27	10.62	0.01	6	6371	买盘
11:29:24	10.61	--	20	21220	卖盘
11:29:21	10.61	-0.01	109	115649	卖盘
11:29:00	10.62	-0.01	132	140184	卖盘
11:28:48	10.63	--	5	5315	买盘
11:28:39	10.63	--	20	21260	买盘
11:28:27	10.63	--	41	43583	卖盘
11:28:24	10.63	--	9	9567	卖盘
11:28:21	10.63	--	2	2126	卖盘
11:27:51	10.63	--	50	53150	卖盘
11:27:30	10.63	--	1	1063	卖盘
11:27:21	10.63	--	2	2126	卖盘
11:27:12	10.63	0.01	11	11693	买盘
11:27:03	10.62	--	200	212399	卖盘
11:26:57	10.62	--	63	66906	卖盘
11:26:54	10.62	-0.01	5	5310	卖盘
11:26:51	10.63	--	20	21260	买盘
11:26:45	10.63	0.01	7	7441	买盘
11:26:30	10.62	-0.01	35	37170	卖盘
11:26:27	10.63	--	12	12756	卖盘
11:26:09	10.63	0.01	30	31890	买盘
11:26:06	10.62	--	3	3185	卖盘
11:26:03	10.62	-0.01	10	10620	卖盘
11:25:39	10.63	0.01	119	126497	买盘
11:25:36	10.62	0.01	4	4248	中性盘
11:25:33	10.61	-0.01	7	7427	卖盘
11:25:30	10.62	0.01	2	2124	买盘
11:25:15	10.61	--	3	3183	卖盘
11:25:03	10.61	--	1	1061	买盘
11:24:57	10.61	-0.02	25	26525	中性盘
11:24:51	10.63	0.03	26	27638	买盘
11:24:48	10.6	-0.01	177	187620	卖盘
11:24:36	10.61	--	50	53050	卖盘
11:24:33	10.61	--	5	5305	卖盘
11:24:24	10.61	--	5	5305	卖盘
11:24:18	10.61	--	8	8488	买盘
11:24:15	10.61	--	112	118832	卖盘
11:24:09	10.61	--	5	5305	卖盘
11:24:03	10.61	-0.01	70	74270	卖盘
11:23:57	10.62	0.01	49	52037	买盘
11:23:39	10.61	--	37	39257	卖盘
11:23:36	10.61	--	243	257823	买盘
11:23:30	10.61	0.01	29	30769	买盘
11:23:18	10.6	--	7	7420	卖盘
11:23:15	10.6	--	30	31800	买盘
11:23:12	10.6	0.01	172	182320	买盘
11:22:48	10.59	--	0	10	卖盘
11:22:45	10.59	0.01	161	170499	买盘
11:22:39	10.58	-0.01	2	2116	中性盘
11:22:33	10.59	--	128	135552	买盘
11:22:30	10.59	0.01	10	10590	买盘
11:22:27	10.58	--	10	10580	中性盘
11:22:06	10.58	--	68	71944	买盘
11:22:00	10.58	--	50	52900	买盘
11:21:57	10.58	--	10	10580	买盘
11:21:54	10.58	--	10	10580	买盘
11:21:51	10.58	-0.02	244	258152	卖盘
11:21:48	10.6	0.01	50	53000	买盘
11:21:45	10.59	-0.01	100	105900	卖盘
11:21:39	10.6	--	79	83740	卖盘
11:21:33	10.6	-0.01	303	321180	卖盘
11:21:24	10.61	--	36	38196	买盘
11:21:09	10.61	-0.01	113	119893	卖盘
11:20:57	10.62	0.01	27	28673	买盘
11:20:54	10.61	-0.01	54	57294	卖盘
11:20:48	10.62	--	60	63719	卖盘
11:20:42	10.62	-0.02	10	10620	中性盘
11:20:09	10.64	0.02	6	6384	买盘
11:20:03	10.62	--	14	14867	卖盘
11:20:00	10.62	0.02	7	7433	中性盘
11:19:39	10.6	-0.03	2000	2120000	卖盘
11:19:33	10.63	--	13	13819	买盘
11:19:06	10.63	--	10	10630	买盘
11:19:00	10.63	--	31	32953	买盘
11:18:48	10.63	--	1	1063	买盘
11:18:33	10.63	-0.01	35	37205	卖盘
11:18:15	10.64	--	37	39368	卖盘
11:18:06	10.64	--	48	51072	买盘
11:17:48	10.64	0.02	2	2128	买盘
11:17:39	10.62	--	113	120005	买盘
11:17:36	10.62	--	7	7433	买盘
11:17:30	10.62	0.01	15	15929	买盘
11:17:27	10.61	-0.01	23	24403	卖盘
11:17:24	10.62	0.01	11	11682	买盘
11:17:12	10.61	-0.01	30	31830	卖盘
11:17:06	10.62	-0.03	659	699858	卖盘
11:16:54	10.65	-0.01	12	12780	卖盘
11:16:39	10.66	--	110	117260	卖盘
11:16:36	10.66	-0.01	21	22386	卖盘
11:16:30	10.67	0.01	40	42680	买盘
11:16:15	10.66	--	10	10660	卖盘
11:16:12	10.66	-0.01	31	33046	中性盘
11:15:24	10.67	-0.01	53	56551	卖盘
11:15:12	10.68	0.01	395	421860	买盘
11:15:09	10.67	--	136	145112	买盘
11:14:57	10.67	--	2	2134	买盘
11:14:54	10.67	--	1	1067	买盘
11:14:48	10.67	--	42	44814	中性盘
11:14:36	10.67	-0.02	17	18139	卖盘
11:14:30	10.69	0.02	54	57726	买盘
11:14:27	10.67	--	7	7469	卖盘
11:14:21	10.67	0.03	156	167177	买盘
11:14:03	10.64	--	22	23408	买盘
11:13:48	10.64	-0.01	32	34048	卖盘
11:13:45	10.65	0.02	91	96915	买盘
11:13:21	10.63	--	36	38268	卖盘
11:13:00	10.63	-0.01	77	81851	卖盘
11:12:54	10.64	0.01	51	54264	买盘
11:12:42	10.63	--	16	17008	买盘
11:12:36	10.63	--	5	5315	买盘
11:12:27	10.63	--	100	106300	买盘
11:12:12	10.63	0.01	16	17008	买盘
11:12:03	10.62	--	50	53099	卖盘
11:11:57	10.62	--	29	30797	卖盘
11:11:54	10.62	-0.01	12	12743	卖盘
11:11:48	10.63	--	43	45709	买盘
11:11:39	10.63	-0.02	170	180710	卖盘
11:11:27	10.65	--	6	6390	买盘
11:11:00	10.65	-0.02	40	42600	卖盘
11:10:48	10.67	0.01	78	83994	买盘
11:10:42	10.66	--	31	33046	卖盘
11:10:39	10.66	-0.01	66	70356	卖盘
11:10:18	10.67	--	4	4268	买盘
11:10:06	10.67	--	2	2134	买盘
11:10:03	10.67	--	9	10243	卖盘
11:09:51	10.67	--	8	8536	卖盘
11:09:45	10.67	--	40	42680	卖盘
11:09:42	10.67	--	50	53350	卖盘
11:09:36	10.67	-0.01	50	53350	卖盘
11:09:27	10.68	--	45	48060	买盘
11:09:24	10.68	--	2	2136	买盘
11:09:09	10.68	--	1	1068	买盘
11:09:06	10.68	--	1	1068	买盘
11:09:03	10.68	0.01	45	48060	买盘
11:08:57	10.67	--	4	4268	卖盘
11:08:51	10.67	-0.01	30	32010	卖盘
11:08:45	10.68	--	10	10680	买盘
11:08:27	10.68	0.01	12	12816	买盘
11:07:54	10.67	0.01	42	45240	买盘
11:07:51	10.66	--	9	9594	卖盘
11:07:42	10.66	--	74	79182	买盘
11:07:36	10.66	--	25	26650	买盘
11:07:24	10.66	--	78	83148	买盘
11:07:18	10.66	0.02	57	60762	买盘
11:07:12	10.64	-0.02	7	7448	卖盘
11:07:03	10.66	0.02	24	25584	买盘
11:06:48	10.64	-0.02	90	95760	卖盘
11:06:39	10.66	--	31	33046	买盘
11:06:30	10.66	--	31	33046	买盘
11:06:24	10.66	-0.01	140	150007	卖盘
11:06:21	10.67	--	142	151514	卖盘
11:06:18	10.67	--	10	10670	卖盘
11:06:15	10.67	-0.01	40	42680	卖盘
11:06:00	10.68	-0.01	49	52332	卖盘
11:05:48	10.69	-0.01	2	2138	买盘
11:05:45	10.7	--	18	19260	买盘
11:05:42	10.7	0.02	18	19260	买盘
11:05:39	10.68	-0.02	7	7476	卖盘
11:05:36	10.7	0.02	42	44940	买盘
11:05:33	10.68	--	40	42720	卖盘
11:05:12	10.68	-0.02	300	320400	卖盘
11:05:09	10.7	0.01	3	3210	买盘
11:05:06	10.69	-0.01	27	28863	卖盘
11:04:51	10.7	-0.01	33	35310	中性盘
11:04:45	10.71	-0.01	32	34272	卖盘
11:04:42	10.72	0.01	20	21440	买盘
11:04:30	10.71	--	2	2142	卖盘
11:04:18	10.71	--	38	40698	买盘
11:04:03	10.71	0.01	34	36414	买盘
11:04:00	10.7	--	1	1070	买盘
11:03:36	10.7	0.01	60	64199	买盘
11:03:18	10.69	-0.01	20	21380	卖盘
11:03:15	10.7	--	34	36380	买盘
11:03:12	10.7	--	81	86670	买盘
11:03:06	10.7	-0.02	216	231119	卖盘
11:03:03	10.72	--	50	53600	买盘
11:02:54	10.72	--	4	4288	买盘
11:02:36	10.72	--	2	2144	买盘
11:02:27	10.72	--	25	26800	买盘
11:02:12	10.72	--	50	53600	买盘
11:02:09	10.72	--	110	117920	买盘
11:01:54	10.72	--	133	142576	买盘
11:01:48	10.72	0.01	67	71824	买盘
11:01:45	10.71	--	30	32130	卖盘
11:01:42	10.71	--	10	10710	卖盘
11:01:39	10.71	--	15	16065	买盘
11:01:27	10.71	0.01	5	5355	中性盘
11:01:06	10.7	-0.02	14	14979	卖盘
11:01:03	10.72	--	35	37520	买盘
11:01:00	10.72	0.02	4	4288	中性盘
11:00:54	10.7	-0.03	494	528580	卖盘
11:00:51	10.73	0.01	45	48285	买盘
11:00:48	10.72	--	136	145792	买盘
11:00:36	10.72	--	15	16080	买盘
11:00:15	10.72	0.01	36	38592	买盘
11:00:06	10.71	-0.01	26	27846	卖盘
10:59:57	10.72	--	100	107200	买盘
10:59:54	10.72	-0.01	32	34304	买盘
10:59:45	10.73	--	12	12876	买盘
10:59:42	10.73	0.01	25	26825	买盘
10:59:36	10.72	--	19	20368	买盘
10:59:30	10.72	--	9	9648	买盘
10:59:27	10.72	--	34	36448	买盘
10:59:15	10.72	0.02	175	187600	买盘
10:58:57	10.7	-0.01	52	55639	卖盘
10:58:48	10.71	-0.01	27	28917	卖盘
10:58:39	10.72	--	31	33232	买盘
10:58:33	10.72	-0.01	151	161872	卖盘
10:58:27	10.73	0.01	9	9657	买盘
10:58:24	10.72	--	1	1072	卖盘
10:58:15	10.72	-0.01	5	5360	卖盘
10:58:09	10.73	--	5	5365	卖盘
10:58:00	10.73	--	8	8584	卖盘
10:57:57	10.73	-0.01	100	107300	中性盘
10:57:48	10.74	--	101	108474	买盘
10:57:39	10.74	--	23	24702	买盘
10:57:33	10.74	--	2	2148	卖盘
10:57:30	10.74	--	21	22554	买盘
10:57:27	10.74	0.01	4	4296	买盘
10:57:15	10.73	-0.02	25	26825	卖盘
10:57:12	10.75	0.01	79	84925	买盘
10:57:09	10.74	--	105	112770	买盘
10:57:06	10.74	--	20	21480	买盘
10:57:03	10.74	--	5	5370	买盘
10:57:00	10.74	-0.01	33	35442	中性盘
10:56:57	10.75	0.01	140	150500	买盘
10:56:54	10.74	0.01	37	39738	买盘
10:56:51	10.73	-0.01	5	5365	卖盘
10:56:48	10.74	-0.01	6	6444	买盘
10:56:45	10.75	0.01	192	206400	买盘
10:56:42	10.74	-0.01	17	18258	中性盘
10:56:36	10.75	--	49	52675	买盘
10:56:33	10.75	0.01	63	67725	买盘
10:56:30	10.74	--	23	24702	买盘
10:56:27	10.74	--	125	134250	卖盘
10:56:24	10.74	-0.01	50	53700	卖盘
10:56:21	10.75	0.02	75	80625	中性盘
10:56:18	10.73	-0.02	131	140563	卖盘
10:56:15	10.75	0.01	1088	1169600	买盘
10:56:12	10.74	--	414	444636	买盘
10:56:09	10.74	0.01	50	53700	买盘
10:56:06	10.73	-0.01	3	3219	卖盘
10:56:03	10.74	-0.01	109	117066	卖盘
10:56:00	10.75	--	87	93525	买盘
10:55:54	10.75	0.01	165	177375	买盘
10:55:51	10.74	--	18	19332	买盘
10:55:45	10.74	0.04	150	161100	买盘
10:55:42	10.7	--	4	4280	卖盘
10:55:39	10.7	--	5	5350	卖盘
10:55:36	10.7	--	60	64199	卖盘
10:55:33	10.7	--	123	131610	买盘
10:55:27	10.7	0.01	30	32099	买盘
10:55:24	10.69	-0.01	43	45967	卖盘
10:55:21	10.7	--	32	34240	买盘
10:55:15	10.7	-0.04	7	7489	中性盘
10:55:12	10.74	0.05	659	707766	买盘
10:55:09	10.69	-0.01	10	10690	买盘
10:55:03	10.7	--	157	167990	卖盘
10:55:00	10.7	--	110	117699	卖盘
10:54:57	10.7	0.01	1997	2136790	买盘
10:54:54	10.69	-0.01	65	69485	卖盘
10:54:51	10.7	0.01	60	64199	买盘
10:54:48	10.69	-0.02	55	58795	卖盘
10:54:36	10.71	0.02	44	47124	买盘
10:54:33	10.69	--	127	135763	买盘
10:54:27	10.69	-0.01	20	21380	买盘
10:54:24	10.7	--	13	13909	卖盘
10:54:21	10.7	0.01	439	469729	买盘
10:54:18	10.69	0.01	195	208455	买盘
10:54:15	10.68	-0.01	22	23496	卖盘
10:54:09	10.69	0.01	116	124004	买盘
10:54:06	10.68	--	3	3204	买盘
10:54:03	10.68	--	11	11748	卖盘
10:54:00	10.68	-0.01	11	11748	中性盘
10:53:48	10.69	0.01	39	41691	买盘
10:53:45	10.68	--	32	34176	买盘
10:53:42	10.68	-0.01	37	39516	卖盘
10:53:39	10.69	--	10	10690	买盘
10:53:33	10.69	--	73	78037	买盘
10:53:27	10.69	--	8	8552	买盘
10:53:24	10.69	--	20	21380	买盘
10:53:21	10.69	0.01	28	29932	买盘
10:53:18	10.68	--	20	21360	卖盘
10:53:15	10.68	-0.01	10	10680	卖盘
10:53:09	10.69	0.01	20	21380	买盘
10:53:06	10.68	--	24	25632	买盘
10:53:00	10.68	--	3	3204	买盘
10:52:57	10.68	--	55	58740	买盘
10:52:51	10.68	0.01	14	14952	买盘
10:52:45	10.67	--	23	24541	卖盘
10:52:36	10.67	0.02	174	185956	买盘
10:52:33	10.65	0.01	44	46860	买盘
10:52:27	10.64	--	46	48944	买盘
10:52:24	10.64	0.02	150	159600	买盘
10:52:21	10.62	--	4	4248	买盘
10:52:18	10.62	-0.01	5	5310	买盘
10:52:15	10.63	0.01	21	22323	买盘
10:52:12	10.62	--	6	6371	买盘
10:52:09	10.62	--	39	41418	买盘
10:52:06	10.62	0.01	35	37170	买盘
10:52:03	10.61	0.01	17	18037	买盘
10:51:57	10.6	--	6	6360	卖盘
10:51:54	10.6	--	12	12720	卖盘
10:51:45	10.6	-0.01	23	24380	卖盘
10:51:39	10.61	--	15	15915	买盘
10:51:33	10.61	--	3	3183	买盘
10:51:27	10.61	-0.02	106	112466	卖盘
10:51:21	10.63	0.01	34	36142	买盘
10:51:12	10.62	--	64	67968	买盘
10:51:03	10.62	--	8	8496	卖盘
10:51:00	10.62	--	19	20178	买盘
10:50:57	10.62	--	10	10620	买盘
10:50:54	10.62	-0.01	1	1062	中性盘
10:50:45	10.63	0.01	54	57402	买盘
10:50:39	10.62	-0.01	7	7433	卖盘
10:50:36	10.63	--	35	37205	买盘
10:50:33	10.63	--	23	24449	买盘
10:50:24	10.63	--	20	21260	买盘
10:50:18	10.63	-0.01	47	49961	卖盘
10:50:15	10.64	--	20	21280	买盘
10:50:12	10.64	--	32	34048	买盘
10:50:09	10.64	--	1	1064	买盘
10:50:03	10.64	--	10	10640	买盘
10:49:51	10.64	--	12	12768	买盘
10:49:48	10.64	-0.01	68	72352	卖盘
10:49:42	10.65	0.01	170	181050	买盘
10:49:36	10.64	--	34	36176	买盘
10:49:12	10.64	0.03	77	81928	买盘
10:49:09	10.61	-0.04	82	87002	卖盘
10:49:00	10.65	0.01	125	133125	买盘
10:48:57	10.64	--	35	37240	买盘
10:48:39	10.64	0.03	148	157472	买盘
10:48:30	10.61	-0.01	2	2122	卖盘
10:48:27	10.62	--	1	1826	卖盘
10:48:18	10.62	--	48	51273	买盘
10:48:15	10.62	--	105	111509	买盘
10:48:09	10.62	0.01	34	36108	买盘
10:48:06	10.61	--	15	15915	卖盘
10:47:57	10.61	--	5	5305	卖盘
10:47:54	10.61	--	56	59416	买盘
10:47:51	10.61	--	3	3183	买盘
10:47:36	10.61	--	91	96551	卖盘
10:47:27	10.61	--	3	3183	卖盘
10:47:24	10.61	-0.01	30	31830	卖盘
10:47:21	10.62	0.01	36	38232	买盘
10:47:18	10.61	0.01	18	19098	买盘
10:47:12	10.6	-0.01	50	53000	卖盘
10:47:03	10.61	--	17	18037	买盘
10:46:54	10.61	-0.01	10	10610	卖盘
10:46:51	10.62	--	10	10620	买盘
10:46:45	10.62	0.01	20	21240	买盘
10:46:42	10.61	-0.01	10	10610	中性盘
10:46:30	10.62	0.01	192	203903	买盘
10:46:27	10.61	--	51	54111	卖盘
10:46:12	10.61	-0.01	44	46684	卖盘
10:46:00	10.62	--	30	31859	买盘
10:45:45	10.62	--	53	56285	买盘
10:45:39	10.62	--	84	89208	买盘
10:45:36	10.62	0.01	43	45666	买盘
10:45:30	10.61	--	30	31830	卖盘
10:45:21	10.61	--	53	56233	卖盘
10:45:18	10.61	--	55	58355	卖盘
10:45:09	10.61	--	100	106100	卖盘
10:45:06	10.61	--	7	7427	卖盘
10:44:57	10.61	--	40	42440	卖盘
10:44:45	10.61	--	30	31830	卖盘
10:44:39	10.61	--	90	95490	买盘
10:44:30	10.61	-0.01	10	10610	中性盘
10:44:21	10.62	0.01	300	318600	买盘
10:44:18	10.61	-0.01	180	191743	卖盘
10:44:00	10.62	0.01	16	16992	买盘
10:43:45	10.61	0.01	581	616738	买盘
10:43:39	10.6	0.01	37	39220	买盘
10:43:33	10.59	--	180	190620	卖盘
10:43:27	10.59	-0.01	5	5295	卖盘
10:43:24	10.6	0.01	2	2120	买盘
10:43:12	10.59	--	196	208209	买盘
10:43:09	10.59	0.01	5	5295	买盘
10:42:54	10.58	-0.01	110	116380	卖盘
10:42:42	10.59	0.01	13	13767	买盘
10:42:30	10.58	--	52	55016	买盘
10:42:24	10.58	--	30	31740	买盘
10:42:21	10.58	--	5	5290	买盘
10:42:18	10.58	0.01	17	17986	买盘
10:42:00	10.57	--	41	43337	买盘
10:41:57	10.57	--	62	65534	买盘
10:41:51	10.57	--	1	1057	买盘
10:41:45	10.57	--	3	3171	买盘
10:41:33	10.57	--	2	2114	买盘
10:41:30	10.57	0.02	6	6342	买盘
10:41:15	10.55	-0.01	3	3165	卖盘
10:41:12	10.56	0.01	3	3168	中性盘
10:41:09	10.55	--	86	90730	买盘
10:41:06	10.55	--	48	50640	买盘
10:41:00	10.55	--	38	40090	买盘
10:40:57	10.55	--	44	46420	卖盘
10:40:48	10.55	--	94	99170	卖盘
10:40:45	10.55	--	9	9495	卖盘
10:40:42	10.55	--	16	16880	买盘
10:40:39	10.55	--	47	49585	买盘
10:40:36	10.55	--	6	6330	买盘
10:40:33	10.55	0.01	110	116050	买盘
10:40:30	10.54	-0.01	25	26349	卖盘
10:40:24	10.55	--	216	227880	买盘
10:40:21	10.55	--	10	10550	买盘
10:40:18	10.55	--	489	515895	卖盘
10:40:15	10.55	--	5	5275	卖盘
10:40:12	10.55	-0.01	16	16880	卖盘
10:40:09	10.56	--	12	12672	买盘
10:40:03	10.56	--	6	6336	买盘
10:40:00	10.56	--	5	5280	买盘
10:39:42	10.56	--	20	21120	买盘
10:39:36	10.56	0.01	107	112992	卖盘
10:39:33	10.55	-0.02	1100	1160500	卖盘
10:39:30	10.57	0.01	36	38052	买盘
10:39:24	10.56	--	60	63360	卖盘
10:39:18	10.56	-0.01	300	316800	卖盘
10:39:15	10.57	0.01	22	23254	买盘
10:38:51	10.56	-0.01	311	328416	卖盘
10:38:45	10.57	-0.01	100	105700	卖盘
10:38:42	10.58	0.01	36	38088	买盘
10:38:30	10.57	-0.01	10	10570	卖盘
10:38:27	10.58	--	3	3174	卖盘
10:38:18	10.58	--	12	12696	卖盘
10:38:12	10.58	--	85	89930	买盘
10:38:09	10.58	0.02	140	148120	买盘
10:38:06	10.56	-0.03	116	122496	卖盘
10:37:54	10.59	0.01	10	10590	买盘
10:37:45	10.58	-0.01	233	246926	卖盘
10:37:33	10.59	--	378	400302	卖盘
10:37:24	10.59	-0.01	18	19062	卖盘
10:37:21	10.6	--	57	60420	买盘
10:37:18	10.6	--	10	10600	买盘
10:37:00	10.6	--	5	5300	买盘
10:36:54	10.6	-0.01	127	134620	卖盘
10:36:51	10.61	0.01	8	8488	买盘
10:36:39	10.6	-0.01	160	169600	卖盘
10:36:33	10.61	0.01	25	26525	买盘
10:36:03	10.6	-0.01	21	22260	卖盘
10:35:57	10.61	--	24	25464	买盘
10:35:54	10.61	--	30	31830	买盘
10:35:30	10.61	0.01	49	51989	买盘
10:35:24	10.6	--	2	2120	卖盘
10:35:21	10.6	--	5	5300	卖盘
10:35:09	10.6	--	85	90100	买盘
10:34:54	10.6	0.01	1	1060	买盘
10:34:51	10.59	-0.01	11	11649	卖盘
10:34:42	10.6	--	3	3180	买盘
10:34:36	10.6	--	24	25440	卖盘
10:34:30	10.6	-0.01	22	23320	卖盘
10:34:27	10.61	0.01	12	12732	买盘
10:34:24	10.6	--	40	42400	卖盘
10:34:18	10.6	--	25	26500	卖盘
10:34:06	10.6	--	2	2120	卖盘
10:33:48	10.6	--	25	26500	卖盘
10:33:30	10.6	--	12	12720	卖盘
10:33:15	10.6	-0.01	96	101760	卖盘
10:33:03	10.61	--	10	10610	买盘
10:32:57	10.61	--	100	106100	买盘
10:32:54	10.61	--	1	1061	买盘
10:32:51	10.61	--	15	15915	买盘
10:32:48	10.61	--	10	10610	买盘
10:32:42	10.61	0.01	20	21220	买盘
10:32:39	10.6	-0.01	12	12720	卖盘
10:32:33	10.61	--	7	7427	买盘
10:32:27	10.61	--	115	122015	卖盘
10:32:21	10.61	0.01	45	47745	买盘
10:32:12	10.6	--	15	15900	卖盘
10:32:06	10.6	0.01	10	10600	买盘
10:31:57	10.59	-0.01	69	73071	卖盘
10:31:51	10.6	--	50	53000	买盘
10:31:48	10.6	--	10	10600	买盘
10:31:45	10.6	--	10	10600	买盘
10:31:42	10.6	--	50	53000	买盘
10:31:39	10.6	--	10	10600	买盘
10:31:30	10.6	--	33	34980	买盘
10:31:24	10.6	--	5	5300	买盘
10:31:21	10.6	--	20	21200	买盘
10:31:18	10.6	--	18	19080	买盘
10:31:12	10.6	-0.01	791	839223	卖盘
10:31:09	10.61	--	31	32891	买盘
10:31:00	10.61	--	5	5305	买盘
10:30:57	10.61	-0.01	9	9549	卖盘
10:30:45	10.62	0.01	10	10620	买盘
10:30:27	10.61	0.01	6	6366	中性盘
10:29:45	10.6	0.01	134	142336	买盘
10:29:39	10.59	-0.01	52	55068	卖盘
10:29:36	10.6	--	5	5300	买盘
10:29:33	10.6	--	13	13780	买盘
10:29:27	10.6	--	312	330720	买盘
10:29:12	10.6	--	55	58300	买盘
10:29:09	10.6	-0.02	480	509563	卖盘
10:28:48	10.62	0.01	358	380196	买盘
10:28:36	10.61	--	1	1061	卖盘
10:28:33	10.61	--	5	5305	卖盘
10:28:24	10.61	--	29	30769	卖盘
10:28:21	10.61	--	2	2122	卖盘
10:28:09	10.61	--	37	39554	买盘
10:28:03	10.61	-0.01	29	31532	卖盘
10:27:57	10.62	0.01	10	10620	买盘
10:27:48	10.61	--	10	10610	卖盘
10:27:45	10.61	--	20	21220	卖盘
10:27:33	10.61	--	42	44859	买盘
10:27:30	10.61	--	18	19098	买盘
10:27:18	10.61	-0.01	140	148540	卖盘
10:27:09	10.62	--	15	15929	买盘
10:27:06	10.62	--	100	106199	买盘
10:27:00	10.62	0.01	79	83898	买盘
10:26:57	10.61	-0.01	40	42440	卖盘
10:26:39	10.62	0.01	28	29735	买盘
10:26:33	10.61	-0.01	102	108222	卖盘
10:26:27	10.62	--	3	3185	买盘
10:26:15	10.62	-0.01	30	31859	卖盘
10:26:09	10.63	--	8	8504	买盘
10:26:06	10.63	--	10	10630	买盘
10:25:51	10.63	--	1	1063	买盘
10:25:48	10.63	-0.01	6	7387	卖盘
10:25:45	10.64	0.01	13	13832	买盘
10:25:33	10.63	--	0	53	买盘
10:25:30	10.63	--	104	111561	买盘
10:25:27	10.63	--	32	34016	买盘
10:25:24	10.63	-0.01	87	92481	卖盘
10:25:18	10.64	0.01	10	10640	买盘
10:25:15	10.63	--	5	5315	卖盘
10:25:03	10.63	--	8	8504	买盘
10:25:00	10.63	--	212	225356	卖盘
10:24:48	10.63	--	30	31890	卖盘
10:24:33	10.63	-0.01	2	2126	卖盘
10:24:30	10.64	--	7	7448	买盘
10:24:27	10.64	0.01	30	31920	买盘
10:24:21	10.63	--	17	18071	买盘
10:24:18	10.63	--	129	137127	卖盘
10:24:15	10.63	-0.01	11	11693	卖盘
10:24:12	10.64	0.01	5	5320	买盘
10:23:57	10.63	0.01	45	47835	买盘
10:23:51	10.62	--	5	5310	卖盘
10:23:48	10.62	--	0	53	卖盘
10:23:33	10.62	--	20	21240	卖盘
10:23:30	10.62	--	10	10620	卖盘
10:23:12	10.62	--	81	86022	买盘
10:23:09	10.62	--	29	30797	买盘
10:23:06	10.62	0.01	8	8496	买盘
10:23:03	10.61	-0.01	20	21220	卖盘
10:23:00	10.62	--	6	6371	买盘
10:22:57	10.62	--	7	7433	买盘
10:22:54	10.62	--	110	116819	买盘
10:22:45	10.62	--	56	59471	买盘
10:22:42	10.62	--	220	233639	买盘
10:22:33	10.62	--	10	10620	买盘
10:22:27	10.62	0.01	50	53099	买盘
10:22:18	10.61	--	130	137930	买盘
10:22:15	10.61	--	5	5305	买盘
10:22:06	10.61	0.01	14	14854	买盘
10:22:00	10.6	-0.01	4	4240	卖盘
10:21:57	10.61	0.01	114	120954	买盘
10:21:36	10.6	0.01	15	15900	买盘
10:21:24	10.59	--	159	168381	买盘
10:21:18	10.59	-0.01	5	5295	买盘
10:21:12	10.6	--	46	48760	卖盘
10:21:03	10.6	0.01	587	622220	买盘
10:21:00	10.59	-0.01	5	5295	卖盘
10:20:54	10.6	0.01	10	10600	买盘
10:20:42	10.59	-0.01	9	9531	卖盘
10:20:33	10.6	0.01	3	3180	买盘
10:20:27	10.59	--	25	26475	买盘
10:20:21	10.59	--	10	10590	买盘
10:20:12	10.59	-0.01	10	10590	买盘
10:19:51	10.6	0.02	12	12720	买盘
10:19:48	10.58	--	5	5935	买盘
10:19:39	10.58	--	100	105800	买盘
10:19:30	10.58	--	20	21160	买盘
10:19:27	10.58	--	231	244810	卖盘
10:19:12	10.58	-0.01	400	423200	卖盘
10:19:09	10.59	--	10	10590	卖盘
10:19:06	10.59	--	8	8472	卖盘
10:19:03	10.59	--	1	1059	卖盘
10:18:54	10.59	-0.01	31	32829	卖盘
10:18:48	10.6	--	11	11660	买盘
10:18:42	10.6	--	12	12720	买盘
10:18:33	10.6	--	8	8480	买盘
10:18:30	10.6	--	10	10600	买盘
10:18:15	10.6	--	12	12720	买盘
10:18:03	10.6	--	5	5300	买盘
10:18:00	10.6	--	10	10600	中性盘
10:17:54	10.6	--	5	5300	卖盘
10:17:51	10.6	--	36	38160	买盘
10:17:48	10.6	--	10	10600	买盘
10:17:45	10.6	--	25	26500	买盘
10:17:39	10.6	--	1	1060	卖盘
10:17:33	10.6	--	4	4240	买盘
10:17:30	10.6	--	1	1060	买盘
10:17:21	10.6	--	7	7420	买盘
10:16:57	10.6	--	91	96460	卖盘
10:16:51	10.6	0.01	20	21200	卖盘
10:16:48	10.59	-0.01	125	132375	卖盘
10:16:42	10.6	--	18	19080	买盘
10:16:36	10.6	--	2	2120	卖盘
10:16:33	10.6	--	8	8480	买盘
10:16:30	10.6	--	68	72080	卖盘
10:16:12	10.6	-0.01	100	106000	卖盘
10:16:06	10.61	0.01	10	10610	买盘
10:16:03	10.6	--	10	10600	卖盘
10:15:57	10.6	-0.01	9	9540	卖盘
10:15:51	10.61	--	44	46684	买盘
10:15:27	10.61	--	10	10610	买盘
10:15:12	10.61	--	17	18037	买盘
10:14:57	10.61	-0.01	14	14854	卖盘
10:14:51	10.62	0.01	47	49913	买盘
10:14:48	10.61	--	27	28647	卖盘
10:14:45	10.61	-0.01	5	5305	卖盘
10:14:39	10.62	0.01	7	7433	买盘
10:14:33	10.61	--	3	3183	卖盘
10:14:15	10.61	--	10	10610	卖盘
10:13:45	10.61	0.01	77	81697	买盘
10:13:42	10.6	--	50	53000	卖盘
10:13:39	10.6	--	5	5300	卖盘
10:13:27	10.6	--	10	10600	卖盘
10:13:24	10.6	--	304	322240	卖盘
10:13:18	10.6	0.01	30	31800	买盘
10:13:15	10.59	-0.01	93	98487	卖盘
10:13:12	10.6	--	130	137800	买盘
10:13:03	10.6	--	10	10600	买盘
10:12:57	10.6	0.01	14	14840	买盘
10:12:54	10.59	-0.01	4	4236	卖盘
10:12:51	10.6	--	7	7420	买盘
10:12:39	10.6	--	20	21200	买盘
10:12:33	10.6	0.01	1	1060	买盘
10:12:18	10.59	-0.01	10	10590	卖盘
10:12:12	10.6	0.01	33	34980	买盘
10:12:09	10.59	--	3	3177	卖盘
10:12:06	10.59	-0.01	62	65658	卖盘
10:12:03	10.6	--	8	8480	买盘
10:12:00	10.6	0.01	5	5300	买盘
10:11:57	10.59	--	86	91074	卖盘
10:11:51	10.59	-0.01	30	31770	卖盘
10:11:48	10.6	--	9	9540	买盘
10:11:39	10.6	--	13	13780	买盘
10:11:33	10.6	-0.01	137	145220	卖盘
10:11:30	10.61	--	67	71087	买盘
10:11:27	10.61	--	10	10610	买盘
10:11:24	10.61	--	5	5305	买盘
10:11:09	10.61	--	9	9549	买盘
10:11:00	10.61	--	120	127320	买盘
10:10:57	10.61	--	38	40318	卖盘
10:10:54	10.61	--	7	7427	卖盘
10:10:45	10.61	0.01	20	21220	买盘
10:10:30	10.6	--	50	53000	卖盘
10:10:21	10.6	-0.02	23	24380	卖盘
10:10:15	10.62	0.01	5	5310	买盘
10:10:09	10.61	--	1	1061	买盘
10:10:03	10.61	0.01	18	19098	买盘
10:09:57	10.6	-0.01	14	14840	卖盘
10:09:54	10.61	--	3	3183	买盘
10:09:42	10.61	--	52	55172	买盘
10:09:39	10.61	--	5	5305	买盘
10:09:36	10.61	0.01	13	13793	买盘
10:09:33	10.6	-0.01	20	21200	卖盘
10:09:24	10.61	--	40	42440	买盘
10:09:09	10.61	0.01	5	5305	买盘
10:09:00	10.6	--	9	9540	卖盘
10:08:57	10.6	--	18	19080	买盘
10:08:54	10.6	0.01	15	15900	买盘
10:08:45	10.59	--	20	21180	卖盘
10:08:39	10.59	--	24	26061	买盘
10:08:36	10.59	0.01	15	15885	买盘
10:08:30	10.58	-0.01	2	2116	卖盘
10:08:27	10.59	0.01	1	1059	买盘
10:08:24	10.58	-0.01	25	26450	卖盘
10:08:21	10.59	--	18	19062	买盘
10:08:03	10.59	--	161	170912	卖盘
10:07:51	10.59	-0.01	42	44478	卖盘
10:07:45	10.6	0.01	30	31800	买盘
10:07:33	10.59	--	161	171144	买盘
10:07:18	10.59	0.02	11	11649	买盘
10:07:15	10.57	--	102	107814	卖盘
10:07:09	10.57	-0.02	6	6342	卖盘
10:07:06	10.59	0.03	612	648108	买盘
10:07:03	10.56	-0.01	94	99264	卖盘
10:07:00	10.57	--	9	9513	卖盘
10:06:57	10.57	-0.02	100	105700	卖盘
10:06:45	10.59	0.02	106	112254	买盘
10:06:42	10.57	--	30	31710	卖盘
10:06:39	10.57	--	5	5285	卖盘
10:06:36	10.57	-0.01	30	31710	中性盘
10:06:33	10.58	--	27	28566	买盘
10:06:27	10.58	--	300	317400	买盘
10:06:24	10.58	--	109	115322	买盘
10:06:21	10.58	--	13	13754	买盘
10:06:18	10.58	--	25	26450	买盘
10:06:15	10.58	-0.01	7	7406	买盘
10:06:12	10.59	0.01	567	600453	买盘
10:06:09	10.58	--	14	14812	卖盘
10:06:06	10.58	-0.01	203	214774	卖盘
10:06:00	10.59	--	10	10590	买盘
10:05:57	10.59	0.01	20	21180	买盘
10:05:54	10.58	--	60	63480	卖盘
10:05:51	10.58	-0.01	100	105800	卖盘
10:05:48	10.59	--	34	36006	买盘
10:05:45	10.59	--	3	3177	买盘
10:05:42	10.59	--	13	13767	买盘
10:05:39	10.59	-0.02	961	1018112	卖盘
10:05:36	10.61	--	14	14854	卖盘
10:05:33	10.61	--	188	199468	卖盘
10:05:30	10.61	--	50	53050	卖盘
10:05:24	10.61	--	41	43501	卖盘
10:05:15	10.61	-0.01	19	20159	卖盘
10:05:03	10.62	-0.01	511	542682	卖盘
10:05:00	10.63	--	34	36142	卖盘
10:04:57	10.63	--	1	1063	卖盘
10:04:54	10.63	--	20	21260	卖盘
10:04:51	10.63	--	35	37205	卖盘
10:04:42	10.63	-0.01	100	106300	卖盘
10:04:39	10.64	0.01	7	7448	买盘
10:04:33	10.63	-0.01	4	4252	中性盘
10:04:06	10.64	0.01	30	31920	买盘
10:04:03	10.63	--	10	10630	卖盘
10:04:00	10.63	-0.01	10	10630	卖盘
10:03:45	10.64	0.02	1	1064	买盘
10:03:42	10.62	--	15	15929	卖盘
10:03:39	10.62	--	16	16992	卖盘
10:03:30	10.62	--	32	33984	买盘
10:03:24	10.62	--	9	9558	买盘
10:03:18	10.62	-0.01	469	498077	卖盘
10:02:57	10.63	0.01	1	1063	买盘
10:02:45	10.62	0.01	59	62657	买盘
10:02:42	10.61	-0.01	10	10610	卖盘
10:02:39	10.62	--	40	42480	买盘
10:02:36	10.62	--	2	2124	买盘
10:02:27	10.62	--	13	13805	买盘
10:02:24	10.62	--	13	13805	买盘
10:02:21	10.62	0.01	20	21240	买盘
10:02:12	10.61	--	9	9549	卖盘
10:02:00	10.61	--	11	11671	卖盘
10:01:57	10.61	--	1	1061	卖盘
10:01:54	10.61	--	6	6366	卖盘
10:01:51	10.61	--	202	214322	买盘
10:01:48	10.61	--	20	21220	买盘
10:01:45	10.61	--	8	8488	买盘
10:01:42	10.61	0.01	47	49867	买盘
10:01:39	10.6	--	13	13780	卖盘
10:01:36	10.6	-0.01	1	1060	卖盘
10:01:33	10.61	--	41	43501	买盘
10:01:30	10.61	0.01	200	212200	买盘
10:01:27	10.6	-0.01	52	55120	卖盘
10:01:21	10.61	--	200	212200	买盘
10:01:18	10.61	--	166	176126	卖盘
10:01:15	10.61	-0.01	49	51989	中性盘
10:01:03	10.62	--	18	19116	买盘
10:01:00	10.62	--	2	2124	买盘
10:00:57	10.62	--	10	10620	买盘
10:00:42	10.62	--	42	44604	买盘
10:00:33	10.62	0.02	5	5310	卖盘
10:00:27	10.6	-0.03	500	530000	卖盘
10:00:24	10.63	--	3	3189	买盘
10:00:21	10.63	0.01	3	3189	买盘
10:00:18	10.62	-0.01	72	76464	卖盘
10:00:15	10.63	0.01	3	3189	中性盘
10:00:12	10.62	-0.02	333	353646	卖盘
10:00:09	10.64	0.01	10	10640	买盘
10:00:06	10.63	-0.01	30	31890	卖盘
10:00:00	10.64	--	2	2128	买盘
09:59:57	10.64	--	5	5320	买盘
09:59:54	10.64	--	35	37240	卖盘
09:59:51	10.64	-0.01	8	8512	卖盘
09:59:48	10.65	0.01	19	20235	买盘
09:59:45	10.64	--	23	24472	卖盘
09:59:42	10.64	--	10	10640	卖盘
09:59:39	10.64	--	320	340480	卖盘
09:59:27	10.64	--	37	39368	买盘
09:59:18	10.64	0.01	3	3192	买盘
09:59:06	10.63	--	4	4252	卖盘
09:59:03	10.63	--	3	3189	卖盘
09:59:00	10.63	--	1	1063	卖盘
09:58:42	10.63	-0.02	100	106300	卖盘
09:58:39	10.65	0.02	100	106500	买盘
09:58:33	10.63	-0.01	5	5315	卖盘
09:58:30	10.64	-0.01	62	65968	卖盘
09:58:27	10.65	0.02	52	55380	买盘
09:58:24	10.63	-0.02	30	31890	卖盘
09:58:18	10.65	--	3	3195	买盘
09:58:12	10.65	--	2	2130	买盘
09:58:09	10.65	--	3	3195	买盘
09:58:06	10.65	--	10	10650	卖盘
09:58:03	10.65	0.02	90	95850	买盘
09:57:48	10.63	-0.01	468	497484	卖盘
09:57:42	10.64	--	36	38304	卖盘
09:57:39	10.64	-0.01	100	106400	卖盘
09:57:33	10.65	0.01	70	74550	买盘
09:57:30	10.64	-0.01	10	10640	卖盘
09:57:27	10.65	--	3	3195	买盘
09:57:24	10.65	--	4	4260	买盘
09:57:15	10.65	--	9	9585	买盘
09:57:12	10.65	0.01	37	39405	买盘
09:57:09	10.64	--	100	106400	卖盘
09:57:06	10.64	--	13	13832	卖盘
09:56:48	10.64	--	5	5320	卖盘
09:56:45	10.64	--	104	110656	卖盘
09:56:36	10.64	--	98	104282	买盘
09:56:33	10.64	--	20	21280	买盘
09:56:30	10.64	--	98	104272	买盘
09:56:24	10.64	--	10	10640	买盘
09:56:18	10.64	--	12	12768	买盘
09:56:12	10.64	--	2	2128	买盘
09:56:06	10.64	--	5	5320	买盘
09:56:03	10.64	0.02	5	5320	买盘
09:55:54	10.62	--	8	8496	卖盘
09:55:45	10.62	--	204	216647	买盘
09:55:42	10.62	--	103	109385	买盘
09:55:39	10.62	--	14	14867	买盘
09:55:33	10.62	--	65	69030	买盘
09:55:30	10.62	--	31	32922	买盘
09:55:27	10.62	0.01	40	42480	买盘
09:55:15	10.61	0.01	6	6366	卖盘
09:55:06	10.6	-0.02	583	617980	卖盘
09:55:03	10.62	--	5	5310	买盘
09:55:00	10.62	--	10	10620	买盘
09:54:57	10.62	--	352	373824	买盘
09:54:54	10.62	0.01	174	184788	买盘
09:54:51	10.61	0.01	1	1061	中性盘
09:54:48	10.6	-0.02	30	31800	卖盘
09:54:45	10.62	--	581	617022	买盘
09:54:42	10.62	--	5	5310	买盘
09:54:39	10.62	--	486	516769	买盘
09:54:36	10.62	--	10	10620	买盘
09:54:33	10.62	--	120	127439	买盘
09:54:30	10.62	--	17	18054	买盘
09:54:27	10.62	--	83	88146	买盘
09:54:24	10.62	0.01	212	225143	买盘
09:54:21	10.61	-0.01	62	65782	卖盘
09:54:18	10.62	--	5	5310	买盘
09:54:15	10.62	--	2	2124	买盘
09:54:12	10.62	--	44	46728	买盘
09:54:09	10.62	-0.01	39	41418	卖盘
09:54:03	10.63	--	40	42520	买盘
09:54:00	10.63	0.01	38	40394	买盘
09:53:57	10.62	--	266	282492	卖盘
09:53:54	10.62	--	134	142308	卖盘
09:53:51	10.62	-0.01	7	7433	卖盘
09:53:48	10.63	0.01	108	114804	买盘
09:53:45	10.62	-0.01	12	12743	卖盘
09:53:39	10.63	--	7	7441	买盘
09:53:36	10.63	--	357	379491	卖盘
09:53:33	10.63	--	9	9567	卖盘
09:53:27	10.63	0.01	27	28701	买盘
09:53:24	10.62	-0.01	398	422675	卖盘
09:53:21	10.63	--	99	105237	买盘
09:53:18	10.63	-0.01	134	142442	中性盘
09:53:15	10.64	0.01	106	112784	买盘
09:53:12	10.63	--	213	226419	卖盘
09:53:06	10.63	--	12	12756	卖盘
09:53:03	10.63	--	2	2126	卖盘
09:53:00	10.63	0.01	7	7441	买盘
09:52:57	10.62	-0.01	174	184788	卖盘
09:52:54	10.63	--	59	62717	买盘
09:52:51	10.63	--	134	142442	买盘
09:52:48	10.63	--	39	41457	买盘
09:52:45	10.63	-0.01	372	395436	卖盘
09:52:42	10.64	0.01	10	10640	买盘
09:52:39	10.63	--	62	65906	卖盘
09:52:36	10.63	--	11	11693	卖盘
09:52:33	10.63	-0.01	10	10630	卖盘
09:52:27	10.64	0.01	10	10640	买盘
09:52:21	10.63	--	86	91418	买盘
09:52:18	10.63	--	30	31890	买盘
09:52:12	10.63	0.01	3	3189	买盘
09:52:09	10.62	--	45	47790	卖盘
09:52:06	10.62	-0.01	7	7433	卖盘
09:52:03	10.63	--	12	12756	卖盘
09:52:00	10.63	0.01	88	93544	买盘
09:51:57	10.62	--	80	84960	卖盘
09:51:54	10.62	-0.01	5	5310	卖盘
09:51:51	10.63	0.01	66	70158	买盘
09:51:48	10.62	--	112	118943	卖盘
09:51:42	10.62	--	49	52037	卖盘
09:51:39	10.62	--	18	19116	买盘
09:51:36	10.62	0.01	70	74340	卖盘
09:51:30	10.61	-0.01	31	32891	卖盘
09:51:27	10.62	--	15	15929	买盘
09:51:24	10.62	--	29	30797	买盘
09:51:21	10.62	--	80	84960	卖盘
09:51:15	10.62	-0.01	633	672246	卖盘
09:51:12	10.63	--	32	34016	买盘
09:51:09	10.63	0.01	10	10630	买盘
09:51:06	10.62	-0.01	35	37170	卖盘
09:51:03	10.63	0.01	1	1063	中性盘
09:50:57	10.62	-0.02	1160	1231920	卖盘
09:50:54	10.64	-0.01	110	117040	卖盘
09:50:51	10.65	--	91	96915	买盘
09:50:48	10.65	--	85	90525	买盘
09:50:45	10.65	--	9	9585	买盘
09:50:42	10.65	--	6	6390	买盘
09:50:39	10.65	0.01	25	26625	买盘
09:50:36	10.64	-0.01	42	44688	卖盘
09:50:33	10.65	--	40	42600	买盘
09:50:27	10.65	0.01	75	79875	买盘
09:50:24	10.64	-0.01	22	23408	卖盘
09:50:21	10.65	--	20	21300	买盘
09:50:18	10.65	0.01	7	7455	买盘
09:50:15	10.64	-0.01	78	82992	卖盘
09:50:12	10.65	--	32	34080	卖盘
09:50:09	10.65	-0.01	30	31950	卖盘
09:50:06	10.66	--	261	278226	买盘
09:50:03	10.66	--	3	3198	买盘
09:50:00	10.66	0.01	328	349648	买盘
09:49:57	10.65	-0.01	10	10650	卖盘
09:49:54	10.66	--	153	163098	买盘
09:49:51	10.66	0.01	25	26650	买盘
09:49:48	10.65	--	61	64965	卖盘
09:49:45	10.65	-0.01	278	296070	卖盘
09:49:42	10.66	0.01	30	31980	买盘
09:49:39	10.65	-0.01	35	37275	卖盘
09:49:36	10.66	-0.01	199	212134	卖盘
09:49:33	10.67	0.01	2	2134	买盘
09:49:30	10.66	--	6	6396	卖盘
09:49:27	10.66	--	73	77818	卖盘
09:49:24	10.66	--	37	39442	卖盘
09:49:21	10.66	--	40	42640	卖盘
09:49:18	10.66	-0.01	21	22386	卖盘
09:49:15	10.67	0.01	82	87494	买盘
09:49:12	10.66	--	100	106600	卖盘
09:49:09	10.66	--	5	5330	卖盘
09:49:06	10.66	--	278	296348	卖盘
09:48:57	10.66	-0.01	30	31980	卖盘
09:48:54	10.67	0.01	3	3201	买盘
09:48:51	10.66	-0.01	42	44772	卖盘
09:48:48	10.67	--	100	106700	买盘
09:48:45	10.67	--	30	32010	买盘
09:48:42	10.67	--	445	475241	卖盘
09:48:36	10.67	-0.01	80	85360	卖盘
09:48:33	10.68	--	10	10680	买盘
09:48:27	10.68	0.01	10	10680	买盘
09:48:24	10.67	-0.02	189	201663	卖盘
09:48:21	10.69	--	3	3207	买盘
09:48:15	10.69	0.01	200	213800	买盘
09:48:09	10.68	--	69	73692	卖盘
09:48:03	10.68	-0.01	575	614100	卖盘
09:48:00	10.69	0.01	10	10690	卖盘
09:47:57	10.68	--	76	81168	卖盘
09:47:45	10.68	--	17	18156	卖盘
09:47:36	10.68	-0.02	10	10680	卖盘
09:47:30	10.7	0.02	5	5350	买盘
09:47:24	10.68	-0.02	23	24564	中性盘
09:47:18	10.7	0.02	113	120909	买盘
09:47:15	10.68	--	24	26272	买盘
09:47:12	10.68	-0.03	35	37807	卖盘
09:47:09	10.71	0.03	10	10710	买盘
09:47:03	10.68	-0.02	2461	2628348	卖盘
09:46:54	10.7	--	12	12840	卖盘
09:46:51	10.7	-0.01	67	71690	卖盘
09:46:42	10.71	--	58	62118	买盘
09:46:39	10.71	--	5	5355	买盘
09:46:24	10.71	--	50	53550	买盘
09:46:21	10.71	--	60	64260	卖盘
09:46:18	10.71	--	20	21420	卖盘
09:46:03	10.71	--	115	123165	卖盘
09:46:00	10.71	-0.01	20	21420	卖盘
09:45:54	10.72	0.01	8	8576	买盘
09:45:42	10.71	--	5	5355	卖盘
09:45:39	10.71	--	41	43911	卖盘
09:45:30	10.71	--	225	240975	买盘
09:45:27	10.71	--	10	10710	买盘
09:45:24	10.71	0.01	10	10710	买盘
09:45:21	10.7	-0.01	98	104860	卖盘
09:45:15	10.71	0.01	25	26775	买盘
09:45:12	10.7	-0.02	37	39590	卖盘
09:45:09	10.72	0.01	200	214400	买盘
09:45:06	10.71	--	84	89964	买盘
09:45:00	10.71	--	147	157437	卖盘
09:44:45	10.71	--	165	176715	买盘
09:44:42	10.71	0.01	24	25704	买盘
09:44:36	10.7	-0.01	14	14979	卖盘
09:44:27	10.71	--	49	52479	买盘
09:44:24	10.71	--	38	40698	卖盘
09:44:15	10.71	--	50	53550	卖盘
09:44:09	10.71	--	5	5355	卖盘
09:44:06	10.71	--	11	11781	卖盘
09:44:00	10.71	--	7	7497	卖盘
09:43:51	10.71	--	72	77112	买盘
09:43:48	10.71	--	12	12852	买盘
09:43:42	10.71	--	83	88893	卖盘
09:43:33	10.71	--	230	246330	卖盘
09:43:30	10.71	--	13	13923	买盘
09:43:27	10.71	0.01	13	13923	买盘
09:43:24	10.7	--	11	11770	卖盘
09:43:21	10.7	-0.01	92	98440	卖盘
09:43:18	10.71	--	26	27846	买盘
09:43:15	10.71	--	10	10710	买盘
09:43:12	10.71	-0.01	138	147798	卖盘
09:43:09	10.72	0.01	87	93264	买盘
09:43:06	10.71	-0.01	19	20349	卖盘
09:43:00	10.72	--	10	10720	买盘
09:42:51	10.72	0.01	65	69680	买盘
09:42:48	10.71	--	120	128520	卖盘
09:42:45	10.71	-0.02	23	24633	卖盘
09:42:27	10.73	--	51	54723	买盘
09:42:12	10.73	0.02	25	26825	买盘
09:42:06	10.71	--	307	328797	买盘
09:42:03	10.71	--	30	32130	买盘
09:42:00	10.71	0.01	159	170289	买盘
09:41:57	10.7	--	46	49220	卖盘
09:41:54	10.7	-0.01	1	1070	卖盘
09:41:51	10.71	--	7	7497	买盘
09:41:48	10.71	--	13	13923	卖盘
09:41:42	10.71	0.01	8	8568	买盘
09:41:39	10.7	--	19	20330	卖盘
09:41:33	10.7	--	30	32099	卖盘
09:41:30	10.7	--	10	10700	卖盘
09:41:24	10.7	0.01	54	57779	买盘
09:41:18	10.69	-0.01	18	19242	卖盘
09:41:15	10.7	--	10	10700	买盘
09:41:12	10.7	0.01	8	8560	买盘
09:41:09	10.69	-0.01	69	73761	卖盘
09:41:06	10.7	0.01	31	33170	买盘
09:40:57	10.69	--	95	101555	买盘
09:40:54	10.69	0.01	24	25656	中性盘
09:40:48	10.68	-0.01	160	170880	卖盘
09:40:45	10.69	--	30	32070	卖盘
09:40:36	10.69	--	7	7483	卖盘
09:40:33	10.69	--	133	142818	买盘
09:40:30	10.69	--	450	481050	买盘
09:40:27	10.69	--	11	11759	买盘
09:40:24	10.69	--	305	326045	卖盘
09:40:21	10.69	-0.02	668	714092	卖盘
09:40:18	10.71	--	110	117810	卖盘
09:40:15	10.71	-0.02	33	35343	卖盘
09:40:12	10.73	--	44	47212	买盘
09:40:09	10.73	0.02	25	26825	买盘
09:40:00	10.71	-0.03	150	160650	卖盘
09:39:51	10.74	--	29	31146	买盘
09:39:48	10.74	-0.01	32	34368	卖盘
09:39:45	10.75	--	77	82775	买盘
09:39:42	10.75	--	13	13975	买盘
09:39:30	10.75	-0.02	15	16125	卖盘
09:39:24	10.77	0.03	418	450186	买盘
09:39:21	10.74	--	2	2148	卖盘
09:39:15	10.74	-0.01	200	214800	卖盘
09:39:03	10.75	-0.02	124	133300	卖盘
09:38:48	10.77	--	160	172320	买盘
09:38:45	10.77	-0.01	46	49542	卖盘
09:38:42	10.78	--	17	18326	买盘
09:38:39	10.78	--	15	16169	卖盘
09:38:36	10.78	--	90	97020	卖盘
09:38:33	10.78	--	115	123969	卖盘
09:38:30	10.78	--	13	14014	卖盘
09:38:27	10.78	--	10	10780	卖盘
09:38:24	10.78	--	43	46354	卖盘
09:38:21	10.78	--	351	378378	买盘
09:38:18	10.78	--	1	1078	买盘
09:38:12	10.78	--	42	45276	买盘
09:38:06	10.78	--	169	182182	买盘
09:38:03	10.78	-0.01	121	130437	卖盘
09:38:00	10.79	0.02	5	5395	买盘
09:37:54	10.77	--	75	80775	卖盘
09:37:51	10.77	-0.01	25	26925	卖盘
09:37:48	10.78	--	100	107800	买盘
09:37:45	10.78	--	10	10780	买盘
09:37:42	10.78	--	293	315854	卖盘
09:37:39	10.78	-0.01	26	28028	中性盘
09:37:33	10.79	--	10	10790	买盘
09:37:30	10.79	--	4	4316	买盘
09:37:24	10.79	0.02	10	10790	买盘
09:37:21	10.77	-0.02	49	52773	卖盘
09:37:18	10.79	--	60	64739	卖盘
09:37:15	10.79	--	2	2158	卖盘
09:37:06	10.79	0.02	187	201772	买盘
09:37:03	10.77	--	3	3231	买盘
09:37:00	10.77	0.01	27	29079	买盘
09:36:57	10.76	-0.01	29	31204	卖盘
09:36:51	10.77	0.01	1	1077	买盘
09:36:48	10.76	0.01	45	48420	买盘
09:36:42	10.75	-0.01	133	142975	卖盘
09:36:39	10.76	--	30	32280	买盘
09:36:36	10.76	0.01	22	23672	买盘
09:36:18	10.75	--	4	4300	买盘
09:36:15	10.75	--	87	93525	买盘
09:36:12	10.75	--	10	10750	买盘
09:36:09	10.75	0.01	5	5375	买盘
09:36:06	10.74	--	19	20406	卖盘
09:36:00	10.74	0.01	36	38664	中性盘
09:35:57	10.73	-0.02	10	10730	卖盘
09:35:54	10.75	0.01	100	107500	买盘
09:35:48	10.74	--	12	12888	买盘
09:35:39	10.74	--	239	256686	卖盘
09:35:33	10.74	0.01	101	108474	中性盘
09:35:27	10.73	-0.02	46	49358	卖盘
09:35:24	10.75	0.02	117	125775	买盘
09:35:21	10.73	-0.01	80	85840	卖盘
09:35:18	10.74	--	19	20406	卖盘
09:35:09	10.74	0.01	270	289980	买盘
09:35:06	10.73	0.01	31	33263	买盘
09:35:03	10.72	-0.01	30	32160	卖盘
09:34:54	10.73	--	41	43993	买盘
09:34:51	10.73	0.02	9	9657	买盘
09:34:48	10.71	-0.02	30	32130	卖盘
09:34:42	10.73	-0.01	3	3219	卖盘
09:34:36	10.74	0.04	10	10740	中性盘
09:34:30	10.7	-0.04	54	57779	卖盘
09:34:27	10.74	0.01	55	59070	买盘
09:34:24	10.73	0.03	28	30044	买盘
09:34:18	10.7	-0.03	26	27819	卖盘
09:34:15	10.73	--	3	3219	买盘
09:34:09	10.73	--	1	1073	买盘
09:34:06	10.73	-0.01	15	16095	买盘
09:34:03	10.74	--	16	17184	卖盘
09:34:00	10.74	0.04	331	355494	买盘
09:33:57	10.7	-0.03	1488	1592160	卖盘
09:33:54	10.73	--	68	72964	卖盘
09:33:51	10.73	--	100	107300	卖盘
09:33:48	10.73	-0.01	30	32190	卖盘
09:33:45	10.74	--	2	2148	买盘
09:33:42	10.74	0.01	50	53700	买盘
09:33:36	10.73	-0.01	26	27898	卖盘
09:33:33	10.74	--	27	28998	卖盘
09:33:27	10.74	--	11	11814	买盘
09:33:24	10.74	--	87	93438	买盘
09:33:21	10.74	-0.01	61	65514	中性盘
09:33:00	10.75	--	141	151575	卖盘
09:32:54	10.75	--	7	7525	卖盘
09:32:48	10.75	0.02	168	180600	买盘
09:32:39	10.73	-0.01	14	15022	买盘
09:32:33	10.74	0.01	1	1074	卖盘
09:32:30	10.73	--	223	239279	买盘
09:32:27	10.73	--	50	53650	买盘
09:32:24	10.73	-0.02	291	312243	卖盘
09:32:21	10.75	0.01	10	10750	买盘
09:32:18	10.74	--	5	5370	买盘
09:32:15	10.74	-0.01	26	27924	卖盘
09:32:12	10.75	0.01	103	110725	买盘
09:32:06	10.74	-0.01	14	15036	卖盘
09:32:00	10.75	0.01	10	10750	买盘
09:31:57	10.74	--	50	53700	卖盘
09:31:54	10.74	-0.01	12	12888	卖盘
09:31:51	10.75	--	23	24725	买盘
09:31:48	10.75	--	5	5375	买盘
09:31:42	10.75	--	113	121475	买盘
09:31:39	10.75	-0.01	3	3225	卖盘
09:31:36	10.76	0.01	18	19368	买盘
09:31:33	10.75	--	15	16125	卖盘
09:31:30	10.75	-0.01	5	5375	卖盘
09:31:24	10.76	-0.01	22	23672	卖盘
09:31:21	10.77	0.01	3	3231	买盘
09:31:18	10.76	--	160	172160	卖盘
09:31:09	10.76	--	279	300204	买盘
09:31:06	10.76	--	10	10760	买盘
09:31:03	10.76	--	5	5380	买盘
09:31:00	10.76	-0.01	1	1076	买盘
09:30:54	10.77	--	25	26925	买盘
09:30:51	10.77	-0.01	3	3231	买盘
09:30:48	10.78	--	3	3234	买盘
09:30:45	10.78	0.01	100	107800	买盘
09:30:42	10.77	-0.01	90	96930	卖盘
09:30:39	10.78	--	189	203742	买盘
09:30:36	10.78	0.02	20	21560	买盘
09:30:33	10.76	-0.02	34	36584	卖盘
09:30:30	10.78	0.05	13	14014	买盘
09:30:27	10.73	-0.06	55	59015	卖盘
09:30:21	10.79	0.01	15	16184	买盘
09:30:12	10.78	-0.01	100	107800	中性盘
09:30:09	10.79	0.02	281	303199	买盘
09:30:06	10.77	-0.02	1076	1158852	卖盘
09:30:03	10.79	--	84	90636	买盘
09:25:03	10.79	10.79	747	806012	买盘
