成交时间	成交价	价格变动	成交量(手)	成交额(元)	性质
15:00:03	27.82	--	407	1133665	卖盘
14:57:03	27.82	--	0	0	卖盘
14:57:00	27.82	--	3	8346	卖盘
14:56:57	27.82	--	3	8346	卖盘
14:56:54	27.82	--	22	62873	买盘
14:56:51	27.82	--	65	180830	买盘
14:56:48	27.82	0.01	4	11128	买盘
14:56:36	27.81	--	27	75087	卖盘
14:56:30	27.81	-0.01	4	11124	卖盘
14:56:27	27.82	--	100	278200	买盘
14:56:24	27.82	--	3	8346	买盘
14:56:21	27.82	--	15	41730	买盘
14:56:18	27.82	--	4	11128	买盘
14:56:15	27.82	-0.01	7	19474	买盘
14:56:06	27.83	--	1	2783	买盘
14:56:03	27.83	0.01	20	55660	买盘
14:56:00	27.82	--	7	19474	卖盘
14:55:57	27.82	--	105	292110	卖盘
14:55:54	27.82	-0.01	17	47294	卖盘
14:55:51	27.83	--	60	166980	买盘
14:55:48	27.83	--	5	13915	买盘
14:55:39	27.83	0.01	10	27830	买盘
14:55:36	27.82	-0.01	2	5564	卖盘
14:55:30	27.83	--	29	80707	买盘
14:55:27	27.83	--	35	97405	买盘
14:55:21	27.83	--	2	5566	买盘
14:55:18	27.83	--	10	27830	买盘
14:55:15	27.83	-0.01	19	52877	卖盘
14:55:12	27.84	--	17	47328	买盘
14:55:09	27.84	--	1	2784	买盘
14:55:06	27.84	0.01	11	30624	买盘
14:55:03	27.83	-0.01	8	22264	中性盘
14:54:48	27.84	--	10	27840	买盘
14:54:36	27.84	--	10	27840	买盘
14:54:24	27.84	-0.01	8	22272	中性盘
14:54:18	27.85	0.01	77	214445	买盘
14:54:09	27.84	0.01	16	44544	买盘
14:54:03	27.83	-0.01	347	967092	卖盘
14:53:57	27.84	--	10	27840	卖盘
14:53:54	27.84	--	13	36192	卖盘
14:53:51	27.84	0.01	10	27840	中性盘
14:53:48	27.83	-0.01	20	55660	卖盘
14:53:42	27.84	--	7	20880	买盘
14:53:39	27.84	0.01	27	75168	买盘
14:53:36	27.83	--	20	55660	卖盘
14:53:33	27.83	--	5	13915	卖盘
14:53:30	27.83	--	38	105754	卖盘
14:53:24	27.83	--	2	5566	卖盘
14:53:21	27.83	0.01	96	267168	买盘
14:53:15	27.82	-0.01	10	27820	卖盘
14:53:12	27.83	0.01	13	36179	买盘
14:53:06	27.82	--	15	41730	卖盘
14:53:03	27.82	-0.01	5	13910	卖盘
14:53:00	27.83	0.01	35	97405	买盘
14:52:57	27.82	-0.01	51	141882	卖盘
14:52:54	27.83	0.01	31	86273	买盘
14:52:51	27.82	--	9	25038	卖盘
14:52:48	27.82	-0.01	10	27820	卖盘
14:52:45	27.83	0.01	9	25047	买盘
14:52:33	27.82	-0.02	10	27820	卖盘
14:52:30	27.84	0.01	14	40368	买盘
14:52:27	27.83	--	23	64008	卖盘
14:52:24	27.83	--	55	153065	卖盘
14:52:21	27.83	--	4	11132	卖盘
14:52:18	27.83	--	17	47311	卖盘
14:52:12	27.83	--	8	22264	卖盘
14:52:09	27.83	-0.01	5	13915	卖盘
14:52:03	27.84	--	40	111360	卖盘
14:51:54	27.84	0.01	10	27840	卖盘
14:51:48	27.83	--	50	139150	卖盘
14:51:45	27.83	-0.03	91	253252	卖盘
14:51:33	27.86	0.03	10	27860	卖盘
14:51:24	27.83	-0.03	220	612260	卖盘
14:51:18	27.86	--	5	13930	卖盘
14:51:15	27.86	--	2	5572	卖盘
14:51:09	27.86	-0.01	25	69650	卖盘
14:51:06	27.87	0.01	2	6967	买盘
14:51:03	27.86	--	1	2786	买盘
14:50:51	27.86	--	30	83580	买盘
14:50:45	27.86	-0.01	200	558593	卖盘
14:50:42	27.87	--	15	41805	卖盘
14:50:39	27.87	--	1	2787	卖盘
14:50:18	27.87	--	10	27870	卖盘
14:50:15	27.87	-0.01	44	122628	卖盘
14:50:09	27.88	0.01	10	27880	买盘
14:50:06	27.87	--	20	55740	卖盘
14:50:00	27.87	--	17	47379	卖盘
14:49:51	27.87	--	8	22296	卖盘
14:49:45	27.87	--	20	55740	卖盘
14:49:42	27.87	--	50	139350	卖盘
14:49:33	27.87	--	1	2787	卖盘
14:49:30	27.87	-0.01	48	133776	卖盘
14:49:24	27.88	--	2	5576	买盘
14:49:12	27.88	--	7	19516	买盘
14:49:09	27.88	0.01	4	11152	买盘
14:49:03	27.87	-0.01	2	5574	卖盘
14:48:57	27.88	0.01	7	19516	买盘
14:48:51	27.87	--	38	107299	买盘
14:48:39	27.87	--	1	2787	买盘
14:48:30	27.87	0.01	4	11148	买盘
14:48:27	27.86	--	4	11144	卖盘
14:48:18	27.86	--	50	139300	卖盘
14:48:15	27.86	--	2	5572	卖盘
14:48:12	27.86	--	2	5572	卖盘
14:48:03	27.86	--	30	83580	卖盘
14:47:42	27.86	--	1	2786	卖盘
14:47:30	27.86	--	10	27860	卖盘
14:47:24	27.86	-0.01	1	2786	卖盘
14:47:21	27.87	0.01	1	2787	买盘
14:47:15	27.86	--	2	5572	卖盘
14:47:12	27.86	--	1	2786	卖盘
14:47:06	27.86	-0.01	3	8358	卖盘
14:46:54	27.87	--	95	266158	卖盘
14:46:51	27.87	--	32	90577	卖盘
14:46:48	27.87	-0.01	2	5574	卖盘
14:46:36	27.88	0.01	10	27880	买盘
14:46:33	27.87	--	6	16722	卖盘
14:46:30	27.87	-0.01	14	39018	卖盘
14:46:18	27.88	--	17	47396	卖盘
14:46:15	27.88	--	10	27880	卖盘
14:46:12	27.88	-0.01	123	342924	卖盘
14:46:09	27.89	0.01	5	13945	买盘
14:46:06	27.88	-0.01	2	5576	卖盘
14:46:03	27.89	0.01	7	19523	买盘
14:45:54	27.88	-0.01	11	30668	卖盘
14:45:36	27.89	--	5	13945	中性盘
14:45:24	27.89	--	8	22312	卖盘
14:45:21	27.89	--	10	27890	卖盘
14:45:18	27.89	-0.01	3	8367	卖盘
14:45:15	27.9	--	6	16740	买盘
14:45:12	27.9	0.01	37	103230	买盘
14:45:09	27.89	-0.01	13	36257	卖盘
14:44:54	27.9	--	26	72540	买盘
14:44:48	27.9	-0.01	18	51615	卖盘
14:44:45	27.91	0.01	27	75357	买盘
14:44:42	27.9	-0.01	9	25110	卖盘
14:44:39	27.91	0.01	19	53029	买盘
14:44:33	27.9	-0.01	30	83700	卖盘
14:44:24	27.91	0.01	16	44656	买盘
14:44:18	27.9	--	20	55800	卖盘
14:44:15	27.9	--	4	11160	卖盘
14:44:12	27.9	--	30	83700	卖盘
14:44:09	27.9	-0.01	16	44640	卖盘
14:43:51	27.91	--	19	53029	卖盘
14:43:42	27.91	--	15	41865	卖盘
14:43:36	27.91	--	23	64193	卖盘
14:43:18	27.91	--	3	8373	卖盘
14:43:15	27.91	0.01	10	27910	买盘
14:43:12	27.9	--	20	57195	卖盘
14:43:03	27.9	-0.02	16	44640	卖盘
14:43:00	27.92	--	1	2792	卖盘
14:42:51	27.92	0.01	49	136808	买盘
14:42:48	27.91	--	2	5582	卖盘
14:42:39	27.91	-0.01	3	8373	卖盘
14:42:36	27.92	--	11	30712	卖盘
14:42:27	27.92	-0.01	2	5584	卖盘
14:42:24	27.93	--	50	139650	中性盘
14:42:12	27.93	-0.03	4	11172	卖盘
14:41:33	27.96	--	36	100656	卖盘
14:41:24	27.96	-0.01	2	5592	卖盘
14:41:12	27.97	0.01	10	27970	买盘
14:41:00	27.96	-0.01	1	2796	卖盘
14:40:45	27.97	--	8	23774	卖盘
14:40:39	27.97	--	20	55940	卖盘
14:40:24	27.97	--	3	8391	卖盘
14:40:21	27.97	0.01	10	29368	买盘
14:40:09	27.96	-0.01	15	41940	卖盘
14:40:00	27.97	--	7	20977	卖盘
14:39:42	27.97	-0.01	5	13985	卖盘
14:39:36	27.98	--	3	8394	卖盘
14:39:30	27.98	--	9	25182	买盘
14:39:21	27.98	--	4	11192	买盘
14:39:06	27.98	0.01	6	16788	买盘
14:39:03	27.97	--	9	25173	卖盘
14:38:51	27.97	-0.01	1	4195	卖盘
14:38:36	27.98	--	11	30778	卖盘
14:38:33	27.98	--	3	8394	卖盘
14:38:12	27.98	--	2	5596	卖盘
14:38:06	27.98	-0.01	4	11192	卖盘
14:38:03	27.99	0.01	25	69975	买盘
14:37:51	27.98	-0.01	20	55960	卖盘
14:37:45	27.99	0.01	2	5598	买盘
14:37:36	27.98	--	2	5596	卖盘
14:37:33	27.98	0.02	186	520428	买盘
14:37:24	27.96	--	10	27960	卖盘
14:37:18	27.96	0.01	22	62910	买盘
14:37:15	27.95	-0.01	3	8385	卖盘
14:36:51	27.96	-0.02	11	32154	卖盘
14:36:48	27.98	0.02	1	2798	买盘
14:36:33	27.96	--	16	44736	卖盘
14:36:18	27.96	-0.02	18	51726	卖盘
14:36:09	27.98	-0.01	5	13990	中性盘
14:36:00	27.99	0.01	50	139950	买盘
14:35:51	27.98	-0.01	6	16788	卖盘
14:35:48	27.99	0.01	5	13995	买盘
14:35:42	27.98	--	8	22384	卖盘
14:35:39	27.98	--	2	5596	卖盘
14:35:30	27.98	--	26	72748	卖盘
14:35:24	27.98	--	17	47566	卖盘
14:34:57	27.98	--	9	25182	卖盘
14:34:48	27.98	--	22	61556	买盘
14:34:30	27.98	0.03	2	5596	买盘
14:34:15	27.95	--	27	76862	买盘
14:34:12	27.95	0.01	20	55900	买盘
14:34:06	27.94	-0.01	1	2794	卖盘
14:34:03	27.95	--	97	271115	买盘
14:33:54	27.95	0.02	3	8385	买盘
14:33:51	27.93	--	4	11172	买盘
14:33:36	27.93	--	1	2793	卖盘
14:33:12	27.93	-0.02	15	41895	卖盘
14:32:48	27.95	0.01	10	27950	买盘
14:32:45	27.94	--	12	33528	买盘
14:32:39	27.94	--	3	8382	买盘
14:32:09	27.94	--	3	8382	买盘
14:32:06	27.94	0.01	8	22352	买盘
14:31:48	27.93	-0.01	5	13965	卖盘
14:31:45	27.94	0.01	2	5588	买盘
14:31:30	27.93	0.02	14	39102	买盘
14:31:27	27.91	0.01	1	2791	买盘
14:31:21	27.9	--	4	11997	买盘
14:31:15	27.9	--	1	4743	卖盘
14:30:57	27.9	-0.01	11	30690	卖盘
14:30:51	27.91	-0.01	10	27910	卖盘
14:30:48	27.92	0.01	12	33504	买盘
14:30:45	27.91	--	52	145132	买盘
14:30:27	27.91	--	7	19537	买盘
14:30:15	27.91	-0.01	156	435396	卖盘
14:29:54	27.92	-0.01	41	114472	卖盘
14:29:45	27.93	--	6	16758	卖盘
14:29:39	27.93	--	5	13965	卖盘
14:29:33	27.93	-0.01	5	13965	卖盘
14:29:24	27.94	--	2	5588	买盘
14:29:12	27.94	-0.01	1	2794	卖盘
14:29:09	27.95	-0.03	1	2795	买盘
14:28:42	27.98	--	2	5596	卖盘
14:28:33	27.98	0.04	19	53162	买盘
14:28:27	27.94	--	1	2794	买盘
14:28:21	27.94	--	2	5588	买盘
14:28:12	27.94	-0.04	14	39116	卖盘
14:27:57	27.98	0.03	2	5596	中性盘
14:27:48	27.95	-0.04	10	27950	中性盘
14:27:15	27.99	0.05	2	5598	买盘
14:27:06	27.94	-0.05	6	16764	卖盘
14:26:57	27.99	--	16	44784	买盘
14:26:33	27.99	-0.01	8	22392	卖盘
14:26:30	28.0	0.01	55	154000	买盘
14:26:27	27.99	--	2	5598	卖盘
14:26:03	27.99	--	5	13995	卖盘
14:25:54	27.99	-0.01	15	41985	中性盘
14:25:48	28.0	0.01	150	420000	买盘
14:25:24	27.99	-0.01	3	8397	中性盘
14:24:48	28.0	0.06	400	1120000	买盘
14:24:42	27.94	0.01	3	8382	买盘
14:24:39	27.93	--	6	16758	卖盘
14:24:33	27.93	--	56	156408	买盘
14:24:21	27.93	--	22	61446	买盘
14:24:18	27.93	--	5	13965	买盘
14:24:03	27.93	0.01	25	69825	买盘
14:23:54	27.92	--	6	16752	买盘
14:23:51	27.92	0.01	10	27920	买盘
14:23:42	27.91	-0.01	3	8373	卖盘
14:23:30	27.92	0.01	25	69800	买盘
14:23:27	27.91	--	10	27910	卖盘
14:23:21	27.91	--	2	5582	卖盘
14:23:18	27.91	-0.01	3	8373	卖盘
14:23:03	27.92	0.01	10	27920	买盘
14:23:00	27.91	--	5	13955	卖盘
14:22:57	27.91	--	20	55820	卖盘
14:22:54	27.91	--	2	5582	卖盘
14:22:42	27.91	-0.01	2	5582	卖盘
14:22:30	27.92	-0.01	8	22336	卖盘
14:22:24	27.93	--	5	13965	买盘
14:22:21	27.93	--	1	2793	买盘
14:22:15	27.93	--	2	5586	买盘
14:22:12	27.93	--	1	2793	买盘
14:22:00	27.93	0.01	1	2793	买盘
14:21:48	27.92	-0.01	5	13960	卖盘
14:21:42	27.93	0.01	15	41895	中性盘
14:21:09	27.92	--	3	8376	卖盘
14:21:06	27.92	--	15	41880	买盘
14:21:00	27.92	--	5	13960	买盘
14:20:57	27.92	0.02	11	30712	买盘
14:20:51	27.9	--	3	8370	卖盘
14:20:36	27.9	0.01	21	59427	买盘
14:20:30	27.89	--	11	30679	卖盘
14:20:24	27.89	-0.01	3	8367	卖盘
14:20:21	27.9	0.01	10	27900	买盘
14:20:09	27.89	0.01	25	69725	买盘
14:19:57	27.88	--	2	5576	卖盘
14:19:51	27.88	0.01	8	22304	买盘
14:19:45	27.87	-0.01	14	39018	卖盘
14:19:36	27.88	--	3	8364	买盘
14:19:27	27.88	--	11	30668	买盘
14:19:24	27.88	--	33	92004	卖盘
14:19:21	27.88	-0.01	2	5576	卖盘
14:19:06	27.89	--	36	100404	卖盘
14:19:03	27.89	--	9	25101	卖盘
14:19:00	27.89	--	1	2789	卖盘
14:18:57	27.89	--	1	2789	卖盘
14:18:51	27.89	--	4	11156	买盘
14:18:48	27.89	--	4	11156	买盘
14:18:45	27.89	-0.01	30	83670	卖盘
14:18:39	27.9	0.01	30	83700	买盘
14:18:36	27.89	--	2	5578	卖盘
14:18:33	27.89	--	15	41835	卖盘
14:18:30	27.89	--	5	13945	卖盘
14:18:27	27.89	-0.01	2	5578	卖盘
14:18:24	27.9	0.01	50	139500	买盘
14:18:21	27.89	--	3	8367	卖盘
14:18:18	27.89	--	5	13945	卖盘
14:18:15	27.89	-0.01	31	86459	卖盘
14:17:57	27.9	-0.01	65	182745	卖盘
14:17:51	27.91	--	23	64193	卖盘
14:17:45	27.91	--	10	27910	卖盘
14:17:30	27.91	--	40	111640	卖盘
14:17:27	27.91	-0.01	2	5582	卖盘
14:17:09	27.92	--	2	5584	卖盘
14:16:57	27.92	--	3	8376	卖盘
14:16:39	27.92	--	10	27920	卖盘
14:16:36	27.92	--	63	175896	卖盘
14:16:30	27.92	--	10	27920	卖盘
14:16:24	27.92	--	1	2792	卖盘
14:16:15	27.92	-0.01	21	58632	卖盘
14:16:12	27.93	--	21	58653	卖盘
14:15:54	27.93	-0.01	30	83790	卖盘
14:15:39	27.94	--	14	39116	卖盘
14:15:30	27.94	--	6	16764	卖盘
14:15:15	27.94	0.02	31	86614	买盘
14:15:00	27.92	-0.02	21	58632	卖盘
14:14:54	27.94	0.01	11	30734	买盘
14:14:45	27.93	-0.01	10	27930	卖盘
14:14:39	27.94	--	1	2794	买盘
14:14:24	27.94	--	66	184404	卖盘
14:14:18	27.94	-0.01	16	44704	卖盘
14:13:54	27.95	--	6	16770	买盘
14:13:51	27.95	--	6	16770	卖盘
14:13:33	27.95	--	15	41925	卖盘
14:13:15	27.95	--	1	2795	卖盘
14:13:03	27.95	--	1	2795	卖盘
14:12:51	27.95	--	2	5590	卖盘
14:12:30	27.95	-0.01	30	83850	卖盘
14:12:15	27.96	-0.01	55	153780	卖盘
14:12:09	27.97	0.01	5	13985	买盘
14:12:00	27.96	-0.01	77	215292	卖盘
14:11:39	27.97	-0.03	44	123068	卖盘
14:11:24	28.0	-0.01	1	4200	卖盘
14:11:12	28.01	--	7	21007	卖盘
14:11:06	28.01	--	6	18206	买盘
14:10:54	28.01	--	1	4201	卖盘
14:10:45	28.01	--	2	5602	卖盘
14:10:33	28.01	0.01	85	239485	买盘
14:10:27	28.0	--	11	30800	卖盘
14:10:24	28.0	--	3	8400	卖盘
14:10:21	28.0	--	9	26600	买盘
14:10:12	28.0	0.03	2	5600	买盘
14:10:03	27.97	--	5	13985	卖盘
14:09:54	27.97	-0.03	5	13985	卖盘
14:09:45	28.0	0.03	72	201600	买盘
14:09:42	27.97	--	5	13985	卖盘
14:09:39	27.97	--	7	19579	卖盘
14:09:27	27.97	--	36	100692	买盘
14:09:00	27.97	-0.02	179	500663	卖盘
14:08:54	27.99	--	1	2799	卖盘
14:08:51	27.99	--	2	5598	卖盘
14:08:36	27.99	-0.01	13	36387	卖盘
14:08:15	28.0	--	1	2800	买盘
14:08:09	28.0	--	10	28000	买盘
14:08:06	28.0	--	1	2800	买盘
14:07:57	28.0	--	12	33600	买盘
14:07:36	28.0	--	27	75600	买盘
14:07:06	28.0	0.01	114	319200	买盘
14:06:45	27.99	--	15	41985	买盘
14:06:33	27.99	--	11	30789	买盘
14:06:27	27.99	0.01	10	27990	买盘
14:06:24	27.98	-0.01	13	36374	卖盘
14:06:21	27.99	0.01	6	16794	买盘
14:06:09	27.98	--	2	5596	卖盘
14:06:00	27.98	--	11	30778	买盘
14:05:57	27.98	0.01	2	5596	买盘
14:05:45	27.97	--	14	39158	卖盘
14:05:39	27.97	--	1	2797	卖盘
14:05:33	27.97	--	3	8391	卖盘
14:05:27	27.97	0.01	61	170617	买盘
14:05:03	27.96	0.01	176	492096	买盘
14:04:54	27.95	-0.01	4	11180	卖盘
14:04:45	27.96	0.01	29	81084	买盘
14:04:36	27.95	-0.01	1	2795	卖盘
14:04:24	27.96	--	3	8388	买盘
14:04:00	27.96	0.01	10	27960	买盘
14:03:30	27.95	--	5	13975	卖盘
14:03:18	27.95	--	19	53105	卖盘
14:03:09	27.95	-0.01	9	25155	卖盘
14:02:27	27.96	--	7	19572	买盘
14:02:24	27.96	--	4	11184	买盘
14:02:21	27.96	-0.01	6	16776	卖盘
14:02:18	27.97	0.01	10	27970	买盘
14:02:09	27.96	0.01	1	2796	买盘
14:02:06	27.95	--	2	5590	卖盘
14:01:57	27.95	--	3	8385	卖盘
14:01:54	27.95	--	1	2795	卖盘
14:01:45	27.95	-0.01	3	8385	卖盘
14:01:36	27.96	--	1	2796	卖盘
14:01:24	27.96	--	2	5592	卖盘
14:01:15	27.96	--	2	5592	卖盘
14:01:06	27.96	--	3	8388	卖盘
14:01:03	27.96	-0.01	1	2796	卖盘
14:01:00	27.97	0.01	19	53143	买盘
14:00:54	27.96	0.01	3	8388	买盘
14:00:51	27.95	--	2	5590	卖盘
14:00:39	27.95	-0.01	2	5590	卖盘
14:00:36	27.96	--	5	13980	卖盘
14:00:30	27.96	--	1	2796	卖盘
14:00:27	27.96	0.01	4	11184	买盘
14:00:18	27.95	--	2	5590	卖盘
14:00:09	27.95	0.01	6	16770	买盘
14:00:06	27.94	0.01	2	5588	中性盘
13:59:57	27.93	--	2	5586	卖盘
13:59:45	27.93	--	1	2793	卖盘
13:59:39	27.93	--	15	41895	卖盘
13:59:36	27.93	--	13	36309	卖盘
13:59:33	27.93	-0.02	42	117306	卖盘
13:59:30	27.95	0.02	25	71272	买盘
13:59:27	27.93	0.01	16	46084	买盘
13:59:24	27.92	-0.01	2	5584	卖盘
13:59:21	27.93	--	2	5586	买盘
13:59:15	27.93	0.01	2	5586	买盘
13:59:12	27.92	-0.01	11	30712	卖盘
13:59:06	27.93	-0.01	52	146632	卖盘
13:59:03	27.94	--	2	5588	卖盘
13:58:57	27.94	0.01	5	13970	中性盘
13:58:51	27.93	-0.02	2	5586	卖盘
13:58:45	27.95	0.02	135	377325	买盘
13:58:39	27.93	--	3	8379	卖盘
13:58:27	27.93	0.02	8	23740	买盘
13:58:18	27.91	-0.02	2	5582	中性盘
13:58:09	27.93	--	7	20947	卖盘
13:58:06	27.93	--	11	32119	卖盘
13:57:54	27.93	0.03	1	2793	中性盘
13:57:48	27.9	-0.03	163	456165	卖盘
13:57:45	27.93	--	4	11172	买盘
13:57:36	27.93	0.01	5	13965	买盘
13:57:33	27.92	-0.01	2	5584	卖盘
13:57:24	27.93	--	3	8379	卖盘
13:57:21	27.93	--	1	2793	卖盘
13:57:15	27.93	--	13	36309	卖盘
13:57:12	27.93	--	2	5586	卖盘
13:57:00	27.93	--	2	5586	卖盘
13:56:48	27.93	--	1	2793	卖盘
13:56:39	27.93	--	17	47481	卖盘
13:56:30	27.93	--	16	44688	卖盘
13:56:27	27.93	-0.01	10	27930	卖盘
13:56:24	27.94	0.01	4	11176	中性盘
13:56:21	27.93	--	8	22344	卖盘
13:56:15	27.93	-0.02	2	5586	卖盘
13:56:12	27.95	0.01	10	27950	买盘
13:56:09	27.94	--	25	69850	卖盘
13:56:06	27.94	-0.01	31	86614	卖盘
13:56:00	27.95	0.01	26	72670	买盘
13:55:54	27.94	--	2	5588	卖盘
13:55:42	27.94	--	7	19558	卖盘
13:55:39	27.94	--	12	33528	卖盘
13:55:36	27.94	-0.01	5	13970	卖盘
13:55:33	27.95	0.01	22	61490	买盘
13:55:27	27.94	--	10	27940	卖盘
13:55:24	27.94	--	5	13970	卖盘
13:55:21	27.94	--	37	103378	卖盘
13:55:18	27.94	--	19	53086	卖盘
13:55:09	27.94	--	6	16764	卖盘
13:55:06	27.94	--	2	5588	卖盘
13:55:00	27.94	-0.01	15	41910	卖盘
13:54:54	27.95	0.01	2	5590	买盘
13:54:51	27.94	--	2	5588	卖盘
13:54:48	27.94	--	2	5588	卖盘
13:54:39	27.94	--	1	2794	卖盘
13:54:36	27.94	--	2	5588	卖盘
13:54:27	27.94	-0.01	2	5588	卖盘
13:54:21	27.95	--	3	8385	买盘
13:54:18	27.95	0.01	19	53105	买盘
13:54:15	27.94	-0.01	1	2794	卖盘
13:54:09	27.95	--	2	5590	卖盘
13:54:03	27.95	--	2	5590	卖盘
13:54:00	27.95	--	50	139750	卖盘
13:53:54	27.95	--	2	5590	卖盘
13:53:42	27.95	--	5	13975	卖盘
13:53:30	27.95	0.01	12	33540	中性盘
13:53:21	27.94	-0.01	13	36322	卖盘
13:53:18	27.95	--	26	72670	卖盘
13:53:15	27.95	--	5	13975	卖盘
13:53:09	27.95	--	1	2795	卖盘
13:53:06	27.95	--	2	5590	卖盘
13:52:57	27.95	--	7	19565	卖盘
13:52:48	27.95	--	2	5590	卖盘
13:52:45	27.95	-0.01	24	67080	卖盘
13:52:39	27.96	--	10	27960	卖盘
13:52:36	27.96	--	8	22368	买盘
13:52:33	27.96	0.01	10	27960	买盘
13:52:30	27.95	--	20	55900	卖盘
13:52:27	27.95	--	30	83850	卖盘
13:52:24	27.95	-0.01	1	2795	卖盘
13:52:15	27.96	0.01	20	55920	买盘
13:52:12	27.95	--	2	5590	卖盘
13:52:09	27.95	--	5	13975	卖盘
13:52:03	27.95	--	3	8385	卖盘
13:51:51	27.95	-0.01	20	55900	卖盘
13:51:39	27.96	--	67	187332	卖盘
13:51:30	27.96	-0.01	1	2796	卖盘
13:51:27	27.97	0.01	5	13985	买盘
13:51:24	27.96	--	5	13980	卖盘
13:51:18	27.96	--	2	5592	卖盘
13:51:15	27.96	--	10	27960	卖盘
13:51:12	27.96	--	1	2796	卖盘
13:51:09	27.96	--	9	25164	卖盘
13:50:57	27.96	--	1	2796	卖盘
13:50:51	27.96	-0.01	5	13980	卖盘
13:50:45	27.97	--	19	53143	买盘
13:50:42	27.97	0.01	5	13985	买盘
13:50:39	27.96	--	13	36348	卖盘
13:50:36	27.96	--	2	5592	卖盘
13:50:33	27.96	--	3	8388	卖盘
13:50:24	27.96	-0.01	1	2796	卖盘
13:50:12	27.97	--	2	5594	卖盘
13:50:03	27.97	--	2	5594	卖盘
13:49:57	27.97	-0.02	6	16782	卖盘
13:49:42	27.99	--	35	99364	卖盘
13:49:24	27.99	--	2	5598	卖盘
13:49:12	27.99	--	1	2799	卖盘
13:49:09	27.99	--	1	2799	卖盘
13:49:00	27.99	--	2	5598	卖盘
13:48:54	27.99	--	10	27990	卖盘
13:48:51	27.99	--	2	5598	卖盘
13:48:48	27.99	--	5	13995	卖盘
13:48:45	27.99	0.03	46	130153	买盘
13:48:39	27.96	--	1	2796	卖盘
13:48:30	27.96	-0.01	2	5592	卖盘
13:48:27	27.97	--	5	13985	卖盘
13:48:24	27.97	--	2	5594	卖盘
13:48:21	27.97	--	1	2797	卖盘
13:48:18	27.97	--	2	5594	卖盘
13:48:12	27.97	--	38	106286	卖盘
13:47:57	27.97	--	2	5594	卖盘
13:47:54	27.97	--	5	13985	卖盘
13:47:45	27.97	-0.02	2	5594	卖盘
13:47:42	27.99	--	11	32188	卖盘
13:47:33	27.99	--	1	2799	卖盘
13:47:24	27.99	--	2	5598	卖盘
13:47:15	27.99	--	18	50382	卖盘
13:47:12	27.99	--	3	8397	卖盘
13:47:06	27.99	--	5	13995	卖盘
13:47:00	27.99	0.02	46	130153	买盘
13:46:54	27.97	-0.02	13	36361	卖盘
13:46:51	27.99	--	12	33588	买盘
13:46:45	27.99	0.02	20	55980	买盘
13:46:39	27.97	-0.01	2	5594	卖盘
13:46:36	27.98	--	9	26581	卖盘
13:46:27	27.98	--	1	2798	卖盘
13:46:21	27.98	--	2	5596	卖盘
13:46:18	27.98	--	2	5596	卖盘
13:46:06	27.98	--	2	5596	卖盘
13:46:00	27.98	--	41	116117	卖盘
13:45:54	27.98	-0.01	1	2798	卖盘
13:45:48	27.99	0.01	4	11196	买盘
13:45:45	27.98	-0.01	2	5596	卖盘
13:45:36	27.99	--	18	50382	卖盘
13:45:33	27.99	-0.01	2	5598	卖盘
13:45:30	28.0	0.01	21	58800	买盘
13:45:21	27.99	-0.02	2	5598	卖盘
13:45:18	28.01	0.01	2	5602	买盘
13:45:12	28.0	--	2	5600	卖盘
13:45:09	28.0	--	1	2800	卖盘
13:45:06	28.0	0.01	2	5600	中性盘
13:45:00	27.99	-0.01	2	5598	卖盘
13:44:48	28.0	--	2	5600	卖盘
13:44:36	28.0	--	2	5600	卖盘
13:44:33	28.0	--	15	42000	买盘
13:44:27	28.0	0.01	11	30800	买盘
13:44:15	27.99	-0.02	2	5598	卖盘
13:44:12	28.01	0.01	7	19607	买盘
13:44:06	28.0	-0.01	1	2800	卖盘
13:44:03	28.01	0.01	282	789882	买盘
13:43:54	28.0	--	7	19600	卖盘
13:43:42	28.0	-0.01	2	5600	中性盘
13:43:39	28.01	0.01	27	75627	买盘
13:43:33	28.0	--	4	12600	卖盘
13:43:30	28.0	--	6	16800	卖盘
13:43:27	28.0	--	10	28000	卖盘
13:43:24	28.0	--	1	2800	卖盘
13:43:21	28.0	--	2	5600	卖盘
13:43:15	28.0	--	13	36400	卖盘
13:43:09	28.0	0.02	40	113400	买盘
13:43:06	27.98	--	3	8394	卖盘
13:43:00	27.98	-0.02	8	22384	卖盘
13:42:54	28.0	--	1	2800	买盘
13:42:48	28.0	0.01	21	58800	买盘
13:42:42	27.99	-0.01	1	2799	卖盘
13:42:39	28.0	0.01	50	140000	买盘
13:42:36	27.99	-0.01	2	5598	卖盘
13:42:30	28.0	0.01	14	39200	买盘
13:42:27	27.99	-0.01	2	5598	卖盘
13:42:21	28.0	0.01	20	56000	买盘
13:42:15	27.99	--	2	5598	卖盘
13:42:09	27.99	--	10	27990	卖盘
13:42:03	27.99	-0.01	2	5598	卖盘
13:42:00	28.0	0.01	1	2800	买盘
13:41:57	27.99	--	3	8397	卖盘
13:41:51	27.99	-0.01	2	5598	卖盘
13:41:48	28.0	0.01	10	28000	买盘
13:41:42	27.99	--	1	2799	卖盘
13:41:39	27.99	--	2	5598	卖盘
13:41:36	27.99	--	50	139950	卖盘
13:41:30	27.99	-0.01	2	5598	卖盘
13:41:24	28.0	0.01	19	53200	买盘
13:41:18	27.99	--	2	5598	卖盘
13:41:15	27.99	-0.01	20	55980	卖盘
13:41:12	28.0	0.01	10	28000	买盘
13:41:09	27.99	--	2	5598	卖盘
13:40:57	27.99	--	2	5598	卖盘
13:40:51	27.99	--	1	2799	卖盘
13:40:48	27.99	-0.01	2	5598	卖盘
13:40:36	28.0	--	11	30800	买盘
13:40:30	28.0	--	29	81200	卖盘
13:40:27	28.0	--	8	22400	卖盘
13:40:24	28.0	--	3	8400	卖盘
13:40:12	28.0	--	1	2800	卖盘
13:40:03	28.0	-0.01	2	5600	卖盘
13:39:57	28.01	-0.01	22	61622	卖盘
13:39:54	28.02	0.01	1	2802	买盘
13:39:51	28.01	--	2	5602	卖盘
13:39:48	28.01	-0.01	3	8403	卖盘
13:39:45	28.02	0.01	9	25218	买盘
13:39:42	28.01	--	1	2801	卖盘
13:39:30	28.01	--	12	33612	卖盘
13:39:27	28.01	0.01	15	42015	买盘
13:39:18	28.0	--	2	5600	卖盘
13:39:09	28.0	--	3	8400	卖盘
13:39:03	28.0	--	73	204400	买盘
13:39:00	28.0	--	5	14000	买盘
13:38:57	28.0	--	7	19600	买盘
13:38:54	28.0	0.01	3	8400	买盘
13:38:51	27.99	--	1	2799	卖盘
13:38:45	27.99	--	18	50382	买盘
13:38:39	27.99	0.01	12	33588	买盘
13:38:33	27.98	-0.01	11	30778	卖盘
13:38:27	27.99	--	1	2799	买盘
13:38:24	27.99	--	17	47583	卖盘
13:38:18	27.99	--	3	8397	卖盘
13:38:15	27.99	--	10	27990	卖盘
13:38:12	27.99	--	2	5598	卖盘
13:38:00	27.99	--	2	5598	卖盘
13:37:51	27.99	0.01	1	2799	中性盘
13:37:39	27.98	-0.02	2	5596	卖盘
13:37:33	28.0	0.02	5	14000	中性盘
13:37:30	27.98	-0.02	7	19586	卖盘
13:37:27	28.0	--	2	5600	卖盘
13:37:18	28.0	--	13	36400	卖盘
13:37:15	28.0	--	20	56000	卖盘
13:37:09	28.0	-0.02	1	2800	卖盘
13:37:06	28.02	0.02	4	11208	买盘
13:36:57	28.0	--	3	8400	卖盘
13:36:54	28.0	-0.02	6	16800	卖盘
13:36:51	28.02	0.02	16	44832	买盘
13:36:48	28.0	--	10	28000	卖盘
13:36:45	28.0	--	3	8400	卖盘
13:36:42	28.0	--	21	58800	卖盘
13:36:36	28.0	--	1	2800	卖盘
13:36:33	28.0	--	2	5600	卖盘
13:36:30	28.0	-0.02	5	14000	卖盘
13:36:27	28.02	0.02	5	14010	买盘
13:36:24	28.0	--	2	5600	卖盘
13:36:15	28.0	--	1	2800	卖盘
13:36:12	28.0	--	2	5600	卖盘
13:36:09	28.0	0.02	13	36400	中性盘
13:36:03	27.98	-0.02	1	2798	卖盘
13:35:57	28.0	--	3	8400	卖盘
13:35:51	28.0	-0.01	3	8400	卖盘
13:35:45	28.01	--	2	5602	卖盘
13:35:39	28.01	--	2	5602	卖盘
13:35:36	28.01	-0.01	10	28010	卖盘
13:35:30	28.02	-0.01	1	2802	卖盘
13:35:24	28.03	--	3	8409	买盘
13:35:18	28.03	--	3	8409	卖盘
13:35:06	28.03	-0.02	1	2803	卖盘
13:35:03	28.05	0.03	1	2805	买盘
13:34:54	28.02	-0.06	98	274596	卖盘
13:34:51	28.08	0.01	9	25272	买盘
13:34:45	28.07	-0.01	2	5614	卖盘
13:34:36	28.08	--	2	5616	卖盘
13:34:33	28.08	--	2	5616	卖盘
13:34:27	28.08	--	6	16848	卖盘
13:34:24	28.08	-0.02	4	11232	卖盘
13:34:18	28.1	0.02	18	50580	买盘
13:34:12	28.08	-0.02	2	5616	卖盘
13:34:09	28.1	--	25	70250	卖盘
13:34:00	28.1	-0.03	4	11240	卖盘
13:33:57	28.13	0.03	2	5626	买盘
13:33:54	28.1	--	1	2810	卖盘
13:33:48	28.1	--	22	61820	卖盘
13:33:45	28.1	-0.05	200	562000	卖盘
13:33:42	28.15	0.02	7	19705	买盘
13:33:39	28.13	--	3	8439	卖盘
13:33:30	28.13	--	12	33756	卖盘
13:33:27	28.13	-0.02	3	8439	卖盘
13:33:18	28.15	--	6	16890	卖盘
13:33:15	28.15	--	7	19705	卖盘
13:33:12	28.15	--	5	14075	卖盘
13:33:09	28.15	--	3	8445	卖盘
13:33:06	28.15	--	37	104155	卖盘
13:33:03	28.15	--	2	5630	卖盘
13:32:54	28.15	-0.01	2	5630	卖盘
13:32:51	28.16	-0.01	2	5632	中性盘
13:32:48	28.17	--	11	30987	买盘
13:32:45	28.17	0.02	1	2817	买盘
13:32:42	28.15	-0.01	12	33780	卖盘
13:32:39	28.16	0.01	39	109824	买盘
13:32:33	28.15	--	9	25335	卖盘
13:32:30	28.15	--	4	11260	卖盘
13:32:24	28.15	--	69	194235	卖盘
13:32:21	28.15	--	21	59115	卖盘
13:32:18	28.15	--	19	53485	卖盘
13:32:15	28.15	--	1	2815	卖盘
13:32:12	28.15	--	13	36595	卖盘
13:32:09	28.15	--	40	112600	卖盘
13:32:06	28.15	--	11	30965	卖盘
13:32:03	28.15	0.04	5	14075	买盘
13:32:00	28.11	-0.04	16	44976	卖盘
13:31:54	28.15	--	3	8445	卖盘
13:31:48	28.15	-0.02	102	287130	卖盘
13:31:45	28.17	0.02	6	16902	买盘
13:31:42	28.15	--	16	45040	卖盘
13:31:36	28.15	-0.03	2	5630	卖盘
13:31:33	28.18	0.01	7	19726	买盘
13:31:30	28.17	0.01	13	36621	买盘
13:31:27	28.16	0.01	6	16896	中性盘
13:31:24	28.15	--	2	5630	卖盘
13:31:21	28.15	--	1	2815	卖盘
13:31:18	28.15	--	63	177345	卖盘
13:31:15	28.15	--	3	8445	卖盘
13:31:09	28.15	-0.03	126	354690	中性盘
13:31:06	28.18	0.04	108	304344	买盘
13:31:03	28.14	0.01	6	16884	中性盘
13:31:00	28.13	0.03	21	59073	中性盘
13:30:54	28.1	--	1	2810	卖盘
13:30:51	28.1	-0.02	67	188270	卖盘
13:30:45	28.12	0.05	52	146224	买盘
13:30:42	28.07	-0.03	2	5614	卖盘
13:30:36	28.1	0.04	30	84300	买盘
13:30:33	28.06	-0.04	3	8418	卖盘
13:30:27	28.1	0.04	100	281000	买盘
13:30:24	28.06	-0.03	9	25254	卖盘
13:30:18	28.09	0.01	7	19663	买盘
13:30:12	28.08	--	5	14040	卖盘
13:30:09	28.08	--	10	28080	卖盘
13:30:00	28.08	0.03	85	238680	买盘
13:29:57	28.05	--	2	5610	卖盘
13:29:51	28.05	--	2	5610	卖盘
13:29:48	28.05	--	47	131835	买盘
13:29:45	28.05	0.01	21	58905	买盘
13:29:42	28.04	--	32	89728	卖盘
13:29:36	28.04	--	5	14020	卖盘
13:29:30	28.04	0.02	76	213104	买盘
13:29:24	28.02	--	2	5604	卖盘
13:29:18	28.02	0.01	30	84060	买盘
13:29:12	28.01	--	12	33612	卖盘
13:29:06	28.01	--	10	28010	卖盘
13:29:03	28.01	-0.01	2	5602	卖盘
13:28:57	28.02	--	4	11208	卖盘
13:28:51	28.02	0.01	2	5604	卖盘
13:28:48	28.01	-0.01	20	56020	卖盘
13:28:42	28.02	--	1	2802	卖盘
13:28:39	28.02	0.02	6	16812	买盘
13:28:30	28.0	-0.02	2	5600	卖盘
13:28:21	28.02	--	14	39228	卖盘
13:28:18	28.02	--	4	11208	卖盘
13:28:15	28.02	0.02	53	148506	买盘
13:28:06	28.0	-0.02	4	11200	卖盘
13:28:03	28.02	--	3	8406	买盘
13:27:57	28.02	0.02	3	8406	买盘
13:27:51	28.0	--	3	8400	卖盘
13:27:48	28.0	--	11	30800	卖盘
13:27:45	28.0	--	7	19600	卖盘
13:27:39	28.0	--	44	123200	卖盘
13:27:33	28.0	--	2	5600	卖盘
13:27:27	28.0	0.07	26	73920	买盘
13:27:24	27.93	-0.07	1	2793	卖盘
13:27:21	28.0	0.09	20	56000	买盘
13:27:15	27.91	-0.07	50	139550	卖盘
13:27:12	27.98	-0.02	13	36374	卖盘
13:27:06	28.0	0.02	50	140000	买盘
13:27:03	27.98	--	5	13990	卖盘
13:27:00	27.98	--	2	5596	卖盘
13:26:57	27.98	0.07	5	13990	买盘
13:26:51	27.91	-0.04	2	5582	卖盘
13:26:39	27.95	--	304	849680	买盘
13:26:36	27.95	--	53	148135	买盘
13:26:30	27.95	0.04	2	5590	买盘
13:26:27	27.91	--	2	5582	卖盘
13:26:24	27.91	-0.04	1	2791	卖盘
13:26:18	27.95	0.05	52	145340	买盘
13:26:15	27.9	--	2	5580	卖盘
13:26:09	27.9	--	2	5580	卖盘
13:26:06	27.9	--	36	100440	卖盘
13:26:03	27.9	-0.01	30	83700	卖盘
13:26:00	27.91	0.01	2	5582	买盘
13:25:54	27.9	-0.1	2	5580	卖盘
13:25:51	28.0	0.09	500	1400000	买盘
13:25:48	27.91	--	6	16746	卖盘
13:25:45	27.91	--	6	16746	卖盘
13:25:39	27.91	0.01	7	19537	卖盘
13:25:36	27.9	0.01	1	2790	买盘
13:25:33	27.89	-0.01	11	30679	卖盘
13:25:30	27.9	--	5	13950	卖盘
13:25:27	27.9	--	1	2790	买盘
13:25:24	27.9	--	39	108810	卖盘
13:25:21	27.9	-0.02	5	13950	卖盘
13:25:15	27.92	0.01	33	92136	买盘
13:25:12	27.91	0.01	7	19537	买盘
13:25:06	27.9	--	15	41850	卖盘
13:25:03	27.9	-0.01	10	27900	卖盘
13:25:00	27.91	--	1	2791	卖盘
13:24:39	27.91	--	32	89312	卖盘
13:24:27	27.91	0.01	27	75357	中性盘
13:24:21	27.9	-0.01	3	8370	卖盘
13:24:18	27.91	-0.01	10	27910	中性盘
13:24:15	27.92	0.01	50	139600	买盘
13:24:09	27.91	0.01	2	5582	买盘
13:24:06	27.9	-0.01	2	5580	卖盘
13:24:03	27.91	--	17	47447	卖盘
13:24:00	27.91	--	2	5582	卖盘
13:23:48	27.91	--	5	13955	卖盘
13:23:45	27.91	0.01	36	100476	买盘
13:23:39	27.9	--	8	22320	卖盘
13:23:36	27.9	-0.01	29	80910	卖盘
13:23:33	27.91	0.01	10	27910	买盘
13:23:24	27.9	--	3	8370	卖盘
13:23:09	27.9	-0.01	2	5580	卖盘
13:22:54	27.91	0.01	5	13955	买盘
13:22:48	27.9	--	4	11160	卖盘
13:22:39	27.9	--	19	53010	卖盘
13:22:30	27.9	0.01	6	16740	买盘
13:22:27	27.89	--	2	5578	卖盘
13:22:15	27.89	-0.01	5	13945	卖盘
13:22:03	27.9	0.01	60	167400	买盘
13:21:36	27.89	0.01	7	19523	买盘
13:21:33	27.88	-0.01	1	2788	卖盘
13:21:09	27.89	0.01	5	13945	卖盘
13:20:57	27.88	-0.01	8	22304	卖盘
13:20:54	27.89	--	2	5578	买盘
13:20:51	27.89	0.01	4	11156	买盘
13:20:48	27.88	--	17	47396	买盘
13:20:45	27.88	-0.01	13	36244	卖盘
13:20:30	27.89	0.01	4	11156	买盘
13:20:21	27.88	--	12	33456	买盘
13:20:15	27.88	--	10	27880	买盘
13:20:09	27.88	--	2	5576	卖盘
13:20:03	27.88	--	3	8364	中性盘
13:19:33	27.88	-0.03	10	27880	卖盘
13:19:30	27.91	0.02	40	111640	买盘
13:19:24	27.89	--	3	9761	卖盘
13:19:06	27.89	-0.02	76	211964	卖盘
13:19:00	27.91	0.01	2	5582	买盘
13:18:51	27.9	0.01	2	5580	中性盘
13:18:36	27.89	-0.03	20	55780	卖盘
13:18:09	27.92	--	2	5584	买盘
13:18:00	27.92	--	6	18427	卖盘
13:17:57	27.92	--	1	2792	卖盘
13:17:54	27.92	--	1	2792	卖盘
13:17:51	27.92	--	10	27920	卖盘
13:17:48	27.92	--	3	8376	卖盘
13:17:45	27.92	--	15	41880	卖盘
13:17:42	27.92	--	35	97720	卖盘
13:17:36	27.92	0.03	58	163052	买盘
13:17:18	27.89	-0.02	7	19523	卖盘
13:17:15	27.91	0.01	5	13955	中性盘
13:17:12	27.9	--	51	143685	卖盘
13:17:06	27.9	-0.02	5	13950	卖盘
13:16:54	27.92	--	26	74267	卖盘
13:16:45	27.92	--	3	8376	卖盘
13:16:36	27.92	--	1	2792	卖盘
13:16:33	27.92	-0.03	17	47464	卖盘
13:16:30	27.95	--	3	8385	卖盘
13:16:27	27.95	0.05	14	40248	买盘
13:16:24	27.9	-0.02	2	5580	卖盘
13:16:15	27.92	--	1	2792	卖盘
13:16:12	27.92	-0.01	1	2792	卖盘
13:16:06	27.93	0.01	5	13965	买盘
13:16:00	27.92	--	2	5584	卖盘
13:15:54	27.92	--	17	47464	卖盘
13:15:51	27.92	-0.04	1	2792	卖盘
13:15:45	27.96	0.02	100	279600	买盘
13:15:42	27.94	--	9	25146	卖盘
13:15:39	27.94	-0.01	2	5588	卖盘
13:15:30	27.95	--	28	78260	卖盘
13:15:27	27.95	--	11	30745	卖盘
13:15:24	27.95	--	2	5590	卖盘
13:15:21	27.95	--	5	13975	卖盘
13:15:18	27.95	-0.01	2	5590	卖盘
13:15:12	27.96	--	1	2796	卖盘
13:15:09	27.96	--	13	36348	卖盘
13:15:06	27.96	--	1	2796	卖盘
13:14:54	27.96	--	7	19572	卖盘
13:14:45	27.96	--	2	5592	卖盘
13:14:33	27.96	-0.04	1	2796	卖盘
13:14:30	28.0	--	27	77280	卖盘
13:14:24	28.0	--	12	33600	卖盘
13:14:21	28.0	--	3	9520	卖盘
13:14:18	28.0	--	2	5600	卖盘
13:14:12	28.0	--	2	5600	卖盘
13:14:03	28.0	--	1	2800	卖盘
13:14:00	28.0	--	1	2800	卖盘
13:13:57	28.0	--	13	36400	卖盘
13:13:51	28.0	--	2	5600	卖盘
13:13:48	28.0	--	3	8400	卖盘
13:13:42	28.0	--	1	2800	卖盘
13:13:39	28.0	--	2	5600	卖盘
13:13:36	28.0	0.04	30	84000	买盘
13:13:27	27.96	-0.04	2	5592	卖盘
13:13:18	28.0	0.04	6	16800	买盘
13:13:15	27.96	-0.04	2	5592	卖盘
13:13:12	28.0	0.04	3	8400	买盘
13:13:06	27.96	--	11	30756	卖盘
13:13:03	27.96	--	20	55920	卖盘
13:12:54	27.96	--	2	5592	卖盘
13:12:51	27.96	--	2	5592	卖盘
13:12:45	27.96	-0.04	2	5592	中性盘
13:12:39	28.0	--	3	8400	买盘
13:12:36	28.0	0.05	1	2800	买盘
13:12:33	27.95	-0.05	2	5590	卖盘
13:12:24	28.0	--	23	66080	卖盘
13:12:21	28.0	--	1	2800	卖盘
13:12:12	28.0	-0.04	30	84000	卖盘
13:12:09	28.04	--	3	8412	卖盘
13:12:00	28.04	--	1	2804	卖盘
13:11:54	28.04	0.04	2	5608	卖盘
13:11:48	28.0	--	4	11200	卖盘
13:11:42	28.0	--	2	5600	卖盘
13:11:39	28.0	--	22	61600	卖盘
13:11:36	28.0	--	6	16800	卖盘
13:11:27	28.0	--	1	2800	卖盘
13:11:15	28.0	-0.05	2	5600	卖盘
13:11:09	28.05	--	3	8415	卖盘
13:11:06	28.05	0.05	30	84150	买盘
13:11:03	28.0	-0.02	62	173600	卖盘
13:10:54	28.02	--	1	2802	卖盘
13:10:51	28.02	--	18	50436	买盘
13:10:48	28.02	0.02	6	16812	买盘
13:10:42	28.0	--	2	5600	卖盘
13:10:33	28.0	--	6	16800	卖盘
13:10:27	28.0	-0.01	30	84000	卖盘
13:10:24	28.01	--	5	14005	卖盘
13:10:21	28.01	0.01	1	2801	中性盘
13:10:18	28.0	--	10	28000	卖盘
13:10:12	28.0	--	4	11200	卖盘
13:10:09	28.0	-0.01	2	5600	卖盘
13:10:03	28.01	0.01	2	5602	买盘
13:10:00	28.0	--	6	16800	卖盘
13:09:57	28.0	0.05	82	230720	买盘
13:09:54	27.95	--	1	2795	卖盘
13:09:51	27.95	--	1	2795	卖盘
13:09:48	27.95	-0.05	1	2795	卖盘
13:09:45	28.0	0.05	18	50400	买盘
13:09:36	27.95	-0.05	42	117390	卖盘
13:09:33	28.0	0.01	178	498400	买盘
13:09:30	27.99	--	10	27990	卖盘
13:09:27	27.99	--	6	16794	卖盘
13:09:24	27.99	--	1	2799	卖盘
13:09:15	27.99	--	31	86769	卖盘
13:09:12	27.99	-0.01	80	223920	卖盘
13:09:09	28.0	--	19	53200	买盘
13:09:06	28.0	--	10	28000	买盘
13:09:03	28.0	0.01	37	103600	买盘
13:09:00	27.99	--	10	27990	卖盘
13:08:57	27.99	-0.01	3	8397	卖盘
13:08:54	28.0	0.05	54	151200	买盘
13:08:42	27.95	-0.05	2	5590	中性盘
13:08:36	28.0	0.05	71	198800	买盘
13:08:30	27.95	-0.05	47	132762	卖盘
13:08:27	28.0	0.05	89	249200	买盘
13:08:21	27.95	--	2	5590	卖盘
13:08:18	27.95	-0.04	1	2795	卖盘
13:08:12	27.99	--	2	6997	卖盘
13:08:09	27.99	-0.01	2	5598	中性盘
13:08:06	28.0	0.06	196	548800	买盘
13:07:57	27.94	--	12	33528	卖盘
13:07:48	27.94	-0.06	1	2794	卖盘
13:07:42	28.0	0.06	331	926800	买盘
13:07:36	27.94	--	2	5588	卖盘
13:07:33	27.94	-0.06	50	139700	卖盘
13:07:30	28.0	--	240	672000	买盘
13:07:27	28.0	--	177	495600	买盘
13:07:18	28.0	0.06	77	215600	买盘
13:07:15	27.94	-0.02	1	2794	卖盘
13:07:03	27.96	--	4	11184	卖盘
13:07:00	27.96	-0.04	30	83880	卖盘
13:06:57	28.0	0.04	27	75600	买盘
13:06:54	27.96	--	5	13980	卖盘
13:06:51	27.96	--	4	11184	卖盘
13:06:48	27.96	--	2	5592	卖盘
13:06:45	27.96	--	7	19572	卖盘
13:06:42	27.96	-0.04	8	22368	卖盘
13:06:39	28.0	0.07	644	1803200	买盘
13:06:33	27.93	--	3	8379	买盘
13:06:30	27.93	-0.01	32	89376	卖盘
13:06:27	27.94	0.01	5	13970	中性盘
13:06:24	27.93	--	3	8379	卖盘
13:06:18	27.93	-0.03	2	5586	卖盘
13:06:12	27.96	--	4	11184	买盘
13:06:09	27.96	--	4	11184	卖盘
13:06:06	27.96	--	5	13980	卖盘
13:06:03	27.96	--	3	8388	卖盘
13:06:00	27.96	--	2	5592	卖盘
13:05:57	27.96	0.02	194	542424	买盘
13:05:54	27.94	0.01	3	8382	买盘
13:05:48	27.93	0.01	1	2793	买盘
13:05:45	27.92	--	2	5584	卖盘
13:05:42	27.92	--	11	30712	卖盘
13:05:39	27.92	--	5	13960	卖盘
13:05:36	27.92	--	32	89344	卖盘
13:05:33	27.92	--	3	8376	卖盘
13:05:30	27.92	--	30	83760	卖盘
13:05:24	27.92	--	16	44672	卖盘
13:05:21	27.92	0.02	5	13960	买盘
13:05:15	27.9	-0.02	2	5580	卖盘
13:05:12	27.92	--	13	36296	买盘
13:05:03	27.92	0.02	13	36296	买盘
13:05:00	27.9	--	6	16740	卖盘
13:04:57	27.9	--	12	33480	卖盘
13:04:54	27.9	--	7	19530	卖盘
13:04:51	27.9	--	1	2790	卖盘
13:04:39	27.9	--	7	19530	卖盘
13:04:36	27.9	--	9	25110	卖盘
13:04:27	27.9	--	10	27900	卖盘
13:04:18	27.9	0.01	68	189720	买盘
13:04:15	27.89	-0.01	10	27890	卖盘
13:04:12	27.9	0.01	12	33480	买盘
13:04:09	27.89	--	4	11156	买盘
13:04:06	27.89	--	4	11156	买盘
13:04:03	27.89	--	2	5578	买盘
13:04:00	27.89	--	2	5578	买盘
13:03:57	27.89	0.01	5	13945	买盘
13:03:42	27.88	0.07	298	830824	买盘
13:03:33	27.81	--	3	8343	卖盘
13:03:30	27.81	0.01	18	50058	买盘
13:03:24	27.8	--	2	5560	卖盘
13:03:15	27.8	--	9	25020	卖盘
13:03:12	27.8	0.03	2	5560	卖盘
13:03:03	27.77	--	11	30547	卖盘
13:02:54	27.77	--	2	5554	卖盘
13:02:51	27.77	--	17	47209	卖盘
13:02:39	27.77	-0.01	2	5554	卖盘
13:02:33	27.78	0.01	3	8334	买盘
13:02:30	27.77	-0.01	6	16662	卖盘
13:02:18	27.78	--	3	8334	买盘
13:02:12	27.78	-0.04	31	86118	卖盘
13:02:09	27.82	--	2	5564	卖盘
13:02:03	27.82	0.04	14	38948	买盘
13:01:57	27.78	--	1	2778	卖盘
13:01:45	27.78	-0.04	2	5556	卖盘
13:01:39	27.82	0.05	9	25038	买盘
13:01:36	27.77	--	2	5554	卖盘
13:01:24	27.77	--	1	2777	卖盘
13:01:12	27.77	--	2	5554	卖盘
13:01:03	27.77	-0.05	2	5554	卖盘
13:01:00	27.82	0.06	20	55640	买盘
13:00:51	27.76	--	1	2776	卖盘
13:00:39	27.76	-0.04	31	86056	卖盘
13:00:33	27.8	0.04	5	13900	买盘
13:00:30	27.76	-0.04	2	5552	卖盘
13:00:24	27.8	0.04	4	11120	买盘
13:00:18	27.76	-0.04	21	58296	卖盘
13:00:15	27.8	0.02	31	86180	买盘
13:00:12	27.78	-0.02	47	130566	卖盘
13:00:09	27.8	--	1	2780	买盘
13:00:06	27.8	0.04	75	208500	中性盘
13:00:03	27.76	0.01	58	162229	买盘
11:30:03	27.75	--	0	0	卖盘
11:29:54	27.75	0.02	2	5550	卖盘
11:29:45	27.73	-0.03	1	2773	卖盘
11:29:33	27.76	0.02	17	47192	买盘
11:29:21	27.74	-0.02	2	5548	卖盘
11:29:18	27.76	--	81	226410	卖盘
11:29:12	27.76	--	1	2776	卖盘
11:29:09	27.76	0.02	127	353773	买盘
11:29:06	27.74	--	2	5548	卖盘
11:29:00	27.74	-0.02	2	5548	卖盘
11:28:48	27.76	--	4	11104	买盘
11:28:42	27.76	0.02	10	27760	买盘
11:28:39	27.74	-0.02	1	2774	中性盘
11:28:27	27.76	0.03	20	55520	买盘
11:28:18	27.73	-0.02	2	5546	卖盘
11:28:12	27.75	0.02	3	8325	买盘
11:28:09	27.73	--	2	5546	卖盘
11:28:06	27.73	--	1	2773	卖盘
11:28:03	27.73	--	2	5546	卖盘
11:28:00	27.73	0.01	7	22100	买盘
11:27:54	27.72	-0.01	2	5544	卖盘
11:27:45	27.73	--	7	19494	卖盘
11:27:42	27.73	--	26	72098	卖盘
11:27:33	27.73	--	1	2773	卖盘
11:27:21	27.73	--	2	5546	卖盘
11:27:18	27.73	-0.03	18	49914	卖盘
11:27:12	27.76	0.03	10	27760	买盘
11:27:09	27.73	-0.03	1	2773	卖盘
11:27:06	27.76	0.03	5	13880	买盘
11:26:57	27.73	-0.02	8	22184	卖盘
11:26:48	27.75	-0.01	2	5550	中性盘
11:26:39	27.76	0.03	15	41640	买盘
11:26:36	27.73	--	6	17608	卖盘
11:26:33	27.73	-0.03	9	26676	卖盘
11:26:27	27.76	--	51	141576	买盘
11:26:21	27.76	--	87	243066	卖盘
11:26:15	27.76	-0.07	8	23429	卖盘
11:26:09	27.83	--	1	2783	卖盘
11:26:06	27.83	--	3	8349	卖盘
11:26:03	27.83	--	2	5566	卖盘
11:26:00	27.83	0.01	2	5566	卖盘
11:25:54	27.82	0.06	2	5564	买盘
11:25:51	27.76	-0.08	2	5552	卖盘
11:25:48	27.84	0.01	12	33408	买盘
11:25:45	27.83	0.07	9	25047	买盘
11:25:42	27.76	-0.06	7	19432	卖盘
11:25:39	27.82	--	31	86242	卖盘
11:25:36	27.82	--	8	22256	卖盘
11:25:30	27.82	--	4	11128	卖盘
11:25:24	27.82	--	6	16692	卖盘
11:25:18	27.82	--	1	2782	卖盘
11:25:15	27.82	--	2	5564	卖盘
11:25:12	27.82	-0.02	2	5564	卖盘
11:25:09	27.84	0.02	27	75168	买盘
11:25:06	27.82	--	5	13910	卖盘
11:25:03	27.82	--	5	13910	卖盘
11:25:00	27.82	--	4	11128	卖盘
11:24:57	27.82	0.06	31	86242	买盘
11:24:54	27.76	--	2	5552	卖盘
11:24:48	27.76	-0.06	1	2776	中性盘
11:24:39	27.82	--	1	2782	卖盘
11:24:36	27.82	--	7	19474	卖盘
11:24:30	27.82	--	2	5564	卖盘
11:24:27	27.82	--	2	5564	卖盘
11:24:24	27.82	--	3	8346	卖盘
11:24:15	27.82	--	3	8346	卖盘
11:24:09	27.82	0.07	32	89024	买盘
11:24:03	27.75	-0.01	2	5550	卖盘
11:23:57	27.76	--	6	16656	卖盘
11:23:51	27.76	--	2	5552	卖盘
11:23:45	27.76	--	2	5552	卖盘
11:23:39	27.76	--	1	2776	卖盘
11:23:30	27.76	--	2	5552	卖盘
11:23:24	27.76	-0.01	11	30536	卖盘
11:23:18	27.77	0.01	2	5554	中性盘
11:23:06	27.76	--	2	5552	中性盘
11:23:03	27.76	-0.07	5	13880	买盘
11:22:57	27.83	0.1	2	5566	买盘
11:22:45	27.73	-0.11	2	5546	卖盘
11:22:39	27.84	0.08	1	2784	买盘
11:22:33	27.76	0.04	2	5552	中性盘
11:22:24	27.72	--	10	27720	卖盘
11:22:21	27.72	-0.03	10	27720	卖盘
11:22:18	27.75	--	4	11100	卖盘
11:22:12	27.75	0.03	3	8325	买盘
11:22:00	27.72	-0.15	2	5544	卖盘
11:21:57	27.87	0.02	40	111480	买盘
11:21:51	27.85	-0.03	5	13925	卖盘
11:21:48	27.88	0.03	4	11152	买盘
11:21:45	27.85	-0.03	33	91905	卖盘
11:21:42	27.88	0.02	53	147764	买盘
11:21:39	27.86	--	7	19502	卖盘
11:21:36	27.86	0.01	7	19502	买盘
11:21:33	27.85	--	2	5570	卖盘
11:21:27	27.85	--	17	47345	卖盘
11:21:24	27.85	--	10	27850	卖盘
11:21:21	27.85	--	2	5570	卖盘
11:21:18	27.85	0.04	84	233940	买盘
11:21:15	27.81	0.03	69	191889	买盘
11:21:09	27.78	-0.02	7	19446	中性盘
11:21:03	27.8	--	9	25020	买盘
11:21:00	27.8	--	100	278000	买盘
11:20:57	27.8	--	49	136220	买盘
11:20:51	27.8	0.09	297	825660	买盘
11:20:45	27.71	-0.08	30	83130	卖盘
11:20:42	27.79	0.08	15	41685	买盘
11:20:39	27.71	--	2	5542	卖盘
11:20:33	27.71	-0.08	12	33252	卖盘
11:20:27	27.79	0.01	54	150066	买盘
11:20:06	27.78	0.07	74	205572	买盘
11:20:00	27.71	--	5	13855	卖盘
11:19:54	27.71	--	105	290955	卖盘
11:19:48	27.71	--	7	19397	卖盘
11:19:45	27.71	-0.03	1	2771	卖盘
11:19:42	27.74	0.04	5	13870	买盘
11:19:30	27.7	-0.06	5	13850	卖盘
11:19:24	27.76	0.06	96	266496	买盘
11:19:18	27.7	-0.04	2	5540	卖盘
11:19:12	27.74	--	3	8322	中性盘
11:19:06	27.74	0.04	40	110960	买盘
11:19:00	27.7	-0.04	10	27700	卖盘
11:18:51	27.74	0.01	11	30514	买盘
11:18:48	27.73	0.03	1	2773	买盘
11:18:45	27.7	--	5	13850	卖盘
11:18:42	27.7	-0.03	6	16620	卖盘
11:18:39	27.73	-0.01	2	5546	中性盘
11:18:27	27.74	0.04	10	27740	买盘
11:18:24	27.7	--	5	13850	卖盘
11:18:18	27.7	-0.01	79	218830	卖盘
11:18:12	27.71	--	2	5542	卖盘
11:18:06	27.71	-0.03	2	5542	卖盘
11:18:00	27.74	0.03	5	13870	买盘
11:17:54	27.71	-0.03	25	69275	卖盘
11:17:48	27.74	0.01	2	5548	买盘
11:17:45	27.73	--	7	19411	卖盘
11:17:36	27.73	--	10	27730	卖盘
11:17:33	27.73	0.03	117	324995	买盘
11:17:27	27.7	--	2	5540	卖盘
11:17:21	27.7	--	5	13850	卖盘
11:17:18	27.7	0.01	4	11080	卖盘
11:17:15	27.69	-0.01	9	24921	卖盘
11:17:12	27.7	0.01	3	8310	买盘
11:17:00	27.69	-0.01	7	19383	卖盘
11:16:57	27.7	0.01	4	11080	买盘
11:16:54	27.69	0.04	41	113529	买盘
11:16:30	27.65	--	4	11060	卖盘
11:16:27	27.65	0.02	5	13825	买盘
11:16:18	27.63	-0.02	9	24867	卖盘
11:16:12	27.65	0.01	20	55300	中性盘
11:16:06	27.64	0.01	5	13820	中性盘
11:16:00	27.63	-0.03	2	5526	卖盘
11:15:57	27.66	--	7	19362	买盘
11:15:51	27.66	--	10	27660	买盘
11:15:36	27.66	-0.01	6	16596	卖盘
11:15:33	27.67	0.01	1	2767	买盘
11:15:27	27.66	0.01	1	2766	中性盘
11:15:21	27.65	-0.01	7	19355	卖盘
11:15:15	27.66	--	11	30426	中性盘
11:14:27	27.66	--	9	24894	卖盘
11:14:24	27.66	0.01	2	5532	中性盘
11:14:21	27.65	0.02	11	30415	买盘
11:14:18	27.63	--	5	13815	卖盘
11:14:09	27.63	-0.07	5	13815	卖盘
11:14:06	27.7	0.08	49	135730	买盘
11:13:48	27.62	-0.01	44	121528	卖盘
11:13:42	27.63	--	2	5526	卖盘
11:13:36	27.63	-0.06	1	2763	中性盘
11:13:30	27.69	--	70	193830	买盘
11:13:27	27.69	0.07	10	27690	买盘
11:13:24	27.62	--	2	5524	卖盘
11:13:18	27.62	--	37	103298	卖盘
11:13:12	27.62	-0.01	14	38668	卖盘
11:13:09	27.63	-0.05	14	38682	卖盘
11:13:06	27.68	0.06	15	41520	买盘
11:12:27	27.62	0.01	2	5524	中性盘
11:12:21	27.61	-0.07	5	13805	卖盘
11:12:12	27.68	0.07	7	21590	买盘
11:12:06	27.61	-0.07	17	46937	卖盘
11:12:00	27.68	0.06	62	171616	买盘
11:11:54	27.62	--	49	135890	卖盘
11:11:27	27.62	--	2	5524	卖盘
11:11:21	27.62	--	2	5524	卖盘
11:11:18	27.62	--	51	140862	卖盘
11:11:15	27.62	--	10	27620	卖盘
11:11:12	27.62	--	5	13810	卖盘
11:11:09	27.62	--	9	27067	卖盘
11:11:06	27.62	--	10	27620	卖盘
11:11:03	27.62	-0.01	108	298296	卖盘
11:11:00	27.63	0.01	14	38682	买盘
11:10:48	27.62	-0.01	2	5524	卖盘
11:10:45	27.63	-0.01	62	171306	卖盘
11:10:42	27.64	0.01	4	11056	中性盘
11:10:39	27.63	-0.01	2	5526	卖盘
11:10:36	27.64	--	5	13820	卖盘
11:10:33	27.64	--	3	8292	买盘
11:10:27	27.64	0.01	4	11056	买盘
11:10:18	27.63	-0.06	11	30393	卖盘
11:10:12	27.69	--	31	85839	卖盘
11:10:09	27.69	--	1	2769	卖盘
11:10:06	27.69	--	1	2769	卖盘
11:10:03	27.69	--	5	13845	卖盘
11:09:54	27.69	--	9	24921	卖盘
11:09:51	27.69	--	19	52611	卖盘
11:09:48	27.69	--	3	8307	卖盘
11:09:36	27.69	--	2	5538	卖盘
11:09:30	27.69	--	5	13845	卖盘
11:09:21	27.69	--	20	55380	卖盘
11:09:18	27.69	--	8	22152	卖盘
11:09:15	27.69	--	4	11076	卖盘
11:09:12	27.69	--	7	19383	买盘
11:08:54	27.69	0.06	1	2769	买盘
11:08:48	27.63	-0.06	9	24867	卖盘
11:08:42	27.69	--	40	110760	买盘
11:08:21	27.69	0.07	30	83070	买盘
11:08:15	27.62	-0.01	8	22096	卖盘
11:08:09	27.63	0.01	5	13815	中性盘
11:07:48	27.62	--	7	19334	卖盘
11:07:42	27.62	--	4	11048	卖盘
11:07:36	27.62	--	5	13810	卖盘
11:07:12	27.62	--	5	13810	卖盘
11:07:06	27.62	0.01	1	2762	中性盘
11:06:48	27.61	-0.01	11	30371	卖盘
11:06:42	27.62	-0.1	10	27620	卖盘
11:06:24	27.72	--	9	24948	卖盘
11:06:21	27.72	--	5	13860	卖盘
11:06:18	27.72	0.02	37	102564	买盘
11:06:15	27.7	--	26	72020	卖盘
11:06:03	27.7	-0.01	10	27700	卖盘
11:06:00	27.71	-0.01	2	5542	卖盘
11:05:57	27.72	-0.01	2	5544	中性盘
11:05:54	27.73	0.03	8	22184	买盘
11:05:48	27.7	--	13	36010	卖盘
11:05:45	27.7	-0.03	2	5540	卖盘
11:05:42	27.73	0.03	17	47141	买盘
11:05:39	27.7	-0.01	27	74790	卖盘
11:05:33	27.71	-0.01	13	36023	中性盘
11:05:24	27.72	0.02	40	110880	买盘
11:05:21	27.7	-0.01	5	13850	卖盘
11:05:18	27.71	0.01	5	13855	买盘
11:05:15	27.7	0.01	25	69250	买盘
11:05:12	27.69	--	2	5538	卖盘
11:05:06	27.69	--	41	113529	卖盘
11:05:03	27.69	--	44	121836	卖盘
11:04:48	27.69	--	4	11076	卖盘
11:04:45	27.69	-0.01	1	2769	卖盘
11:04:42	27.7	0.01	5	13850	买盘
11:04:33	27.69	--	22	62302	卖盘
11:04:30	27.69	--	5	13845	卖盘
11:04:27	27.69	0.03	1	2769	买盘
11:04:24	27.66	--	2	5532	卖盘
11:04:18	27.66	0.03	2	5532	中性盘
11:04:12	27.63	-0.01	30	82890	卖盘
11:03:48	27.64	--	4	11056	卖盘
11:03:42	27.64	-0.06	2	5528	卖盘
11:03:39	27.7	0.06	1	2770	买盘
11:03:36	27.64	-0.01	11	30404	卖盘
11:03:30	27.65	-0.05	5	13825	中性盘
11:03:15	27.7	0.06	11	30470	买盘
11:03:12	27.64	-0.06	20	55280	卖盘
11:03:09	27.7	0.05	2	5540	中性盘
11:02:54	27.65	-0.01	24	66360	卖盘
11:02:48	27.66	--	2	5532	卖盘
11:02:42	27.66	0.01	5	13830	中性盘
11:02:36	27.65	-0.07	5	13825	卖盘
11:02:30	27.72	0.02	38	105336	买盘
11:02:15	27.7	--	5	13850	买盘
11:02:06	27.7	--	3	8310	卖盘
11:02:03	27.7	--	28	77560	卖盘
11:01:57	27.7	-0.01	2	5540	卖盘
11:01:54	27.71	--	1	2771	买盘
11:01:51	27.71	0.01	26	72046	买盘
11:01:45	27.7	-0.02	27	74790	卖盘
11:01:30	27.72	0.02	11	30492	买盘
11:01:27	27.7	-0.01	15	41550	卖盘
11:01:24	27.71	0.01	6	16626	买盘
11:01:21	27.7	-0.01	10	27700	卖盘
11:01:15	27.71	--	10	27710	卖盘
11:01:06	27.71	0.01	1	2771	中性盘
11:01:03	27.7	0.08	3	8310	买盘
11:01:00	27.62	--	15	41430	卖盘
11:00:54	27.62	-0.1	7	19334	卖盘
11:00:48	27.72	0.1	25	69300	买盘
11:00:33	27.62	0.01	2	5524	中性盘
11:00:27	27.61	-0.09	5	13805	卖盘
11:00:21	27.7	--	9	24930	买盘
11:00:09	27.7	0.04	20	55400	买盘
10:59:57	27.66	-0.04	5	13830	卖盘
10:59:54	27.7	-0.02	29	80330	卖盘
10:59:51	27.72	--	6	16632	买盘
10:59:33	27.72	--	6	16632	买盘
10:59:27	27.72	0.02	8	22176	买盘
10:59:24	27.7	--	10	27700	卖盘
10:59:21	27.7	-0.02	5	13850	卖盘
10:59:18	27.72	--	1	2772	买盘
10:59:15	27.72	0.02	61	169092	买盘
10:59:06	27.7	--	5	13850	卖盘
10:59:03	27.7	--	8	22160	卖盘
10:59:00	27.7	--	18	49860	卖盘
10:58:57	27.7	--	2	5540	卖盘
10:58:54	27.7	--	4	11080	卖盘
10:58:51	27.7	--	5	13850	卖盘
10:58:39	27.7	0.03	11	30470	买盘
10:58:33	27.67	0.01	4	11068	中性盘
10:58:24	27.66	0.05	3	8298	中性盘
10:58:15	27.61	-0.05	17	46937	卖盘
10:58:09	27.66	--	32	88512	卖盘
10:57:42	27.66	--	6	16596	卖盘
10:57:33	27.66	--	2	5532	卖盘
10:57:27	27.66	--	50	138300	卖盘
10:57:12	27.66	-0.05	39	107874	卖盘
10:57:09	27.71	0.05	9	24939	买盘
10:57:06	27.66	-0.06	15	41490	卖盘
10:57:00	27.72	0.06	19	52668	买盘
10:56:42	27.66	-0.06	18	52000	卖盘
10:56:39	27.72	--	6	17186	买盘
10:56:36	27.72	0.01	13	36036	买盘
10:56:33	27.71	-0.01	11	30481	买盘
10:56:27	27.72	0.01	8	22176	买盘
10:56:24	27.71	--	14	41010	卖盘
10:56:21	27.71	--	103	285413	卖盘
10:56:18	27.71	--	5	13855	卖盘
10:56:15	27.71	-0.01	12	33252	卖盘
10:56:12	27.72	--	9	26334	买盘
10:56:09	27.72	0.01	1	2772	买盘
10:55:57	27.71	0.05	149	414818	买盘
10:55:54	27.66	--	4	11064	卖盘
10:55:51	27.66	--	33	91278	卖盘
10:55:42	27.66	--	21	58086	卖盘
10:55:39	27.66	--	13	35958	卖盘
10:55:30	27.66	--	13	35958	卖盘
10:55:27	27.66	0.06	16	44256	买盘
10:55:18	27.6	-0.06	5	13800	卖盘
10:55:15	27.66	0.06	7	19362	买盘
10:55:12	27.6	--	4	11040	卖盘
10:55:09	27.6	--	2	5520	卖盘
10:55:06	27.6	0.04	6	16560	中性盘
10:54:54	27.56	0.01	2	5512	卖盘
10:54:48	27.55	-0.05	35	96425	中性盘
10:54:42	27.6	0.07	22	60720	买盘
10:54:27	27.53	-0.07	7	19271	卖盘
10:54:21	27.6	-0.01	88	242880	卖盘
10:54:15	27.61	-0.05	2	5522	卖盘
10:54:12	27.66	-0.04	2	5532	卖盘
10:54:09	27.7	0.04	106	293620	买盘
10:54:06	27.66	-0.01	35	96810	卖盘
10:54:03	27.67	-0.03	3	8301	卖盘
10:54:00	27.7	0.02	15	41550	买盘
10:53:57	27.68	--	3	8304	卖盘
10:53:54	27.68	--	9	24912	卖盘
10:53:51	27.68	-0.02	2	5536	卖盘
10:53:48	27.7	--	37	103321	卖盘
10:53:45	27.7	--	63	174510	卖盘
10:53:42	27.7	--	65	181158	卖盘
10:53:36	27.7	--	55	152350	卖盘
10:53:30	27.7	-0.01	50	138500	卖盘
10:53:18	27.71	--	58	160718	卖盘
10:53:15	27.71	--	20	55420	卖盘
10:53:12	27.71	--	4	12746	卖盘
10:53:03	27.71	--	5	13855	卖盘
10:53:00	27.71	--	1	2771	卖盘
10:52:57	27.71	-0.03	24	66504	卖盘
10:52:54	27.74	0.03	185	515131	买盘
10:52:51	27.71	--	22	60962	卖盘
10:52:39	27.71	-0.02	18	49878	卖盘
10:52:36	27.73	--	52	144196	买盘
10:52:33	27.73	0.02	1	2773	买盘
10:52:30	27.71	--	1	2771	卖盘
10:52:27	27.71	--	6	16626	卖盘
10:52:21	27.71	-0.02	50	138550	卖盘
10:52:18	27.73	--	2	5546	卖盘
10:52:15	27.73	0.02	7	19411	中性盘
10:52:12	27.71	--	2	5542	卖盘
10:52:06	27.71	--	2	5542	卖盘
10:52:00	27.71	--	5	13855	卖盘
10:51:54	27.71	--	8	22168	卖盘
10:51:51	27.71	0.01	7	19397	买盘
10:51:45	27.7	--	5	13850	卖盘
10:51:39	27.7	-0.06	170	470900	卖盘
10:51:36	27.76	0.01	87	241512	买盘
10:51:27	27.75	--	14	38850	卖盘
10:51:24	27.75	--	10	27750	卖盘
10:51:21	27.75	-0.01	21	58275	卖盘
10:51:15	27.76	0.01	8	22208	买盘
10:51:12	27.75	--	102	283050	卖盘
10:51:03	27.75	--	27	74925	买盘
10:51:00	27.75	--	26	72150	买盘
10:50:54	27.75	0.05	49	135975	买盘
10:50:51	27.7	-0.03	7	19390	卖盘
10:50:45	27.73	0.03	112	310576	买盘
10:50:42	27.7	-0.02	3	8310	卖盘
10:50:36	27.72	0.05	10	27720	买盘
10:50:33	27.67	-0.05	14	38738	卖盘
10:50:27	27.72	0.05	18	49896	买盘
10:50:24	27.67	-0.08	3	8301	卖盘
10:50:18	27.75	0.02	35	97125	买盘
10:50:15	27.73	0.05	2	5546	买盘
10:50:12	27.68	-0.04	66	182688	卖盘
10:50:06	27.72	0.02	10	27720	买盘
10:50:03	27.7	0.02	41	113570	买盘
10:49:57	27.68	--	15	41520	卖盘
10:49:54	27.68	-0.05	4	11072	卖盘
10:49:51	27.73	0.03	32	88736	买盘
10:49:48	27.7	--	20	55400	买盘
10:49:39	27.7	--	1	2770	买盘
10:49:36	27.7	0.03	24	66480	买盘
10:49:27	27.67	-0.03	13	35971	卖盘
10:49:24	27.7	-0.02	54	149580	卖盘
10:49:21	27.72	0.02	63	174636	买盘
10:49:15	27.7	--	3	8310	卖盘
10:49:12	27.7	0.03	170	470900	买盘
10:49:06	27.67	0.01	22	60874	买盘
10:49:03	27.66	--	5	13830	卖盘
10:49:00	27.66	--	2	5532	卖盘
10:48:57	27.66	--	4	11064	卖盘
10:48:54	27.66	--	2	5532	卖盘
10:48:51	27.66	--	3	8298	卖盘
10:48:48	27.66	0.07	209	578094	买盘
10:48:42	27.59	0.02	2	5518	买盘
10:48:30	27.57	0.02	6	16542	买盘
10:48:24	27.55	--	5	13775	卖盘
10:48:21	27.55	--	30	82650	卖盘
10:48:18	27.55	--	7	19285	卖盘
10:48:15	27.55	0.03	13	35815	买盘
10:48:12	27.52	--	5	13760	卖盘
10:48:06	27.52	--	2	5504	卖盘
10:47:57	27.52	0.01	32	88064	买盘
10:47:51	27.51	-0.01	2	5502	卖盘
10:47:45	27.52	--	1	2752	买盘
10:47:39	27.52	--	3	8256	卖盘
10:47:33	27.52	--	6	16512	卖盘
10:47:30	27.52	--	6	16512	卖盘
10:47:27	27.52	--	1	2752	卖盘
10:47:24	27.52	0.01	8	22016	买盘
10:47:21	27.51	--	7	19257	卖盘
10:47:15	27.51	-0.01	5	13755	卖盘
10:47:09	27.52	--	1	2752	买盘
10:47:03	27.52	--	1	2752	买盘
10:47:00	27.52	--	3	8256	买盘
10:46:57	27.52	--	3	8256	卖盘
10:46:51	27.52	-0.05	7	19264	卖盘
10:46:45	27.57	0.06	24	66168	买盘
10:46:42	27.51	--	8	22008	买盘
10:46:39	27.51	--	4	11004	卖盘
10:46:33	27.51	-0.06	1	2751	中性盘
10:46:24	27.57	0.07	2	5514	买盘
10:46:21	27.5	-0.07	11	30250	卖盘
10:46:18	27.57	0.07	13	35841	买盘
10:46:15	27.5	-0.07	2	5500	中性盘
10:46:03	27.57	0.09	11	30327	买盘
10:45:57	27.48	0.01	4	10992	中性盘
10:45:54	27.47	-0.1	2	5494	卖盘
10:45:51	27.57	--	39	107523	买盘
10:45:48	27.57	0.01	13	35841	买盘
10:45:45	27.56	0.09	11	30316	中性盘
10:45:36	27.47	0.01	2	5494	中性盘
10:45:30	27.46	-0.11	9	24714	卖盘
10:45:27	27.57	--	10	27570	买盘
10:45:24	27.57	0.11	12	33084	买盘
10:45:21	27.46	-0.04	2	5492	卖盘
10:45:15	27.5	-0.07	4	11000	卖盘
10:45:12	27.57	--	30	82710	买盘
10:45:09	27.57	-0.03	429	1182753	卖盘
10:45:03	27.6	--	30	82800	卖盘
10:44:54	27.6	--	10	27600	卖盘
10:44:48	27.6	-0.01	30	82800	卖盘
10:44:45	27.61	-0.02	46	127006	卖盘
10:44:42	27.63	0.02	25	69075	买盘
10:44:30	27.61	--	7	19327	卖盘
10:44:27	27.61	--	1	2761	卖盘
10:44:24	27.61	-0.01	2	5522	卖盘
10:44:12	27.62	0.01	14	38668	买盘
10:44:09	27.61	-0.01	7	19327	中性盘
10:44:03	27.62	--	35	96670	卖盘
10:43:54	27.62	-0.04	2	5524	卖盘
10:43:51	27.66	0.04	11	30426	买盘
10:43:48	27.62	-0.04	4	11048	卖盘
10:43:42	27.66	0.06	8	22128	买盘
10:43:30	27.6	-0.05	10	27600	卖盘
10:43:27	27.65	--	10	27650	卖盘
10:43:24	27.65	0.02	158	436870	买盘
10:43:18	27.63	0.03	11	30393	买盘
10:43:12	27.6	--	11	30360	卖盘
10:43:09	27.6	-0.02	33	91080	卖盘
10:43:06	27.62	-0.01	18	49716	中性盘
10:43:03	27.63	0.03	13	35919	买盘
10:43:00	27.6	--	21	57960	卖盘
10:42:57	27.6	-0.01	25	69000	卖盘
10:42:54	27.61	0.01	26	71786	卖盘
10:42:51	27.6	--	14	38640	卖盘
10:42:48	27.6	--	2	5520	卖盘
10:42:45	27.6	-0.03	2	5520	卖盘
10:42:42	27.63	0.03	28	77364	买盘
10:42:39	27.6	--	22	60720	卖盘
10:42:36	27.6	-0.02	10	27600	卖盘
10:42:33	27.62	0.02	16	44192	中性盘
10:42:30	27.6	--	13	35880	卖盘
10:42:27	27.6	--	1	2760	卖盘
10:42:24	27.6	-0.03	100	276000	卖盘
10:42:15	27.63	0.03	16	44208	买盘
10:42:09	27.6	--	20	55200	卖盘
10:42:06	27.6	-0.02	22	60720	卖盘
10:42:03	27.62	--	11	30382	卖盘
10:42:00	27.62	-0.01	5	13810	卖盘
10:41:57	27.63	0.04	79	218277	买盘
10:41:54	27.59	--	2	5518	卖盘
10:41:51	27.59	--	12	33108	卖盘
10:41:48	27.59	-0.01	54	148986	卖盘
10:41:45	27.6	-0.02	3	8280	买盘
10:41:33	27.62	--	6	16572	买盘
10:41:27	27.62	0.03	9	24858	买盘
10:41:24	27.59	-0.03	60	165540	卖盘
10:41:18	27.62	--	7	19334	买盘
10:41:12	27.62	0.03	5	13810	中性盘
10:41:09	27.59	--	40	110360	卖盘
10:41:00	27.59	-0.01	30	82770	卖盘
10:40:57	27.6	-0.04	6	16560	卖盘
10:40:54	27.64	0.01	7	19348	买盘
10:40:51	27.63	--	4	11052	卖盘
10:40:48	27.63	--	6	16578	卖盘
10:40:45	27.63	-0.01	9	24867	卖盘
10:40:42	27.64	--	5	13820	卖盘
10:40:39	27.64	0.01	147	406308	买盘
10:40:36	27.63	--	11	30393	卖盘
10:40:33	27.63	--	2	5526	卖盘
10:40:30	27.63	-0.01	30	82890	卖盘
10:40:27	27.64	--	12	33168	买盘
10:40:24	27.64	--	4	11056	买盘
10:40:21	27.64	0.01	40	110560	买盘
10:40:18	27.63	--	15	41445	卖盘
10:40:15	27.63	--	3	8289	买盘
10:40:09	27.63	-0.01	3	8289	买盘
10:40:06	27.64	0.05	2	5528	卖盘
10:40:03	27.59	-0.09	20	55180	卖盘
10:40:00	27.68	0.05	60	166080	买盘
10:39:57	27.63	0.02	11	30393	买盘
10:39:54	27.61	-0.03	29	80069	卖盘
10:39:51	27.64	0.04	3	8292	买盘
10:39:48	27.6	-0.03	32	88320	卖盘
10:39:45	27.63	--	6	16578	卖盘
10:39:42	27.63	0.03	52	143676	买盘
10:39:39	27.6	0.02	41	113160	买盘
10:39:36	27.58	--	87	239945	卖盘
10:39:33	27.58	--	7	19306	卖盘
10:39:30	27.58	0.01	10	27580	买盘
10:39:24	27.57	0.01	36	99252	卖盘
10:39:21	27.56	0.01	19	52364	买盘
10:39:15	27.55	-0.02	121	333355	卖盘
10:39:12	27.57	0.02	10	27570	买盘
10:39:09	27.55	--	27	74385	卖盘
10:39:06	27.55	--	39	107445	卖盘
10:39:03	27.55	-0.02	5	13775	卖盘
10:39:00	27.57	--	9	24813	卖盘
10:38:57	27.57	0.02	6	16542	买盘
10:38:54	27.55	-0.01	53	146015	卖盘
10:38:48	27.56	0.06	55	151580	买盘
10:38:45	27.5	-0.01	24	66000	卖盘
10:38:42	27.51	-0.02	55	151305	卖盘
10:38:36	27.53	0.03	29	79837	买盘
10:38:33	27.5	--	12	33000	卖盘
10:38:30	27.5	--	5	13750	卖盘
10:38:27	27.5	0.02	347	954250	买盘
10:38:24	27.48	--	9	24732	买盘
10:38:21	27.48	0.02	28	76944	买盘
10:38:15	27.46	-0.02	16	43936	卖盘
10:38:12	27.48	0.01	20	54960	买盘
10:38:09	27.47	0.01	14	38458	买盘
10:38:06	27.46	--	20	54920	买盘
10:38:03	27.46	--	49	134554	买盘
10:38:00	27.46	0.01	22	60412	买盘
10:37:57	27.45	0.01	23	63135	买盘
10:37:54	27.44	--	20	54880	买盘
10:37:51	27.44	0.04	23	63112	买盘
10:37:45	27.4	0.05	54	147960	买盘
10:37:39	27.35	-0.05	10	27350	卖盘
10:37:36	27.4	0.1	112	306880	买盘
10:37:33	27.3	-0.05	5	13650	卖盘
10:37:30	27.35	0.07	1	2735	买盘
10:37:27	27.28	-0.07	2	5456	卖盘
10:37:21	27.35	0.08	2	5470	中性盘
10:37:15	27.27	-0.06	5	13635	卖盘
10:37:12	27.33	0.01	4	10932	买盘
10:37:09	27.32	0.05	3	8196	买盘
10:37:03	27.27	-0.05	2	5454	卖盘
10:37:00	27.32	--	1	2732	买盘
10:36:57	27.32	--	4	10928	买盘
10:36:51	27.32	0.06	11	30052	买盘
10:36:42	27.26	--	17	46342	卖盘
10:36:36	27.26	--	70	190820	卖盘
10:36:24	27.26	-0.06	5	13630	卖盘
10:36:18	27.32	0.06	9	24588	买盘
10:36:03	27.26	--	2	5452	卖盘
10:35:57	27.26	-0.02	4	10904	卖盘
10:35:51	27.28	--	5	13640	卖盘
10:35:45	27.28	--	6	16368	卖盘
10:35:39	27.28	-0.01	5	13640	卖盘
10:35:36	27.29	0.01	5	13645	买盘
10:35:33	27.28	--	5	13640	卖盘
10:35:27	27.28	--	12	32736	卖盘
10:35:18	27.28	--	2	5456	卖盘
10:35:12	27.28	--	2	5456	卖盘
10:35:06	27.28	-0.01	4	10912	卖盘
10:35:00	27.29	--	2	5458	卖盘
10:34:57	27.29	--	10	27290	买盘
10:34:54	27.29	--	1	2729	卖盘
10:34:36	27.29	-0.03	22	60038	卖盘
10:34:30	27.32	0.02	1	2732	买盘
10:34:12	27.3	--	6	16380	买盘
10:34:09	27.3	--	6	16380	卖盘
10:34:06	27.3	-0.01	2	5460	卖盘
10:34:00	27.31	0.02	5	13655	买盘
10:33:45	27.29	0.01	2	5458	中性盘
10:33:42	27.28	-0.01	5	13640	卖盘
10:33:39	27.29	--	8	21832	卖盘
10:33:36	27.29	--	11	30019	卖盘
10:33:30	27.29	--	1	2729	卖盘
10:33:00	27.29	--	2	5458	卖盘
10:32:54	27.29	--	2	5458	卖盘
10:32:45	27.29	-0.03	5	13645	卖盘
10:32:42	27.32	--	24	65568	卖盘
10:32:39	27.32	--	20	54640	卖盘
10:32:33	27.32	--	2	5464	卖盘
10:32:27	27.32	-0.02	2	5464	卖盘
10:32:21	27.34	0.02	3	8202	买盘
10:32:15	27.32	-0.02	7	19124	卖盘
10:32:12	27.34	--	1	2734	卖盘
10:32:09	27.34	-0.02	3	8202	中性盘
10:32:06	27.36	--	1	2736	卖盘
10:32:03	27.36	--	4	10944	卖盘
10:32:00	27.36	--	3	8208	卖盘
10:31:57	27.36	--	3	8208	卖盘
10:31:54	27.36	-0.04	9	24624	卖盘
10:31:51	27.4	0.01	22	60280	买盘
10:31:48	27.39	0.01	9	24651	中性盘
10:31:21	27.38	-0.02	2	5476	卖盘
10:31:18	27.4	0.04	21	57540	买盘
10:31:15	27.36	0.03	11	30096	买盘
10:31:09	27.33	-0.02	5	13665	卖盘
10:31:06	27.35	0.02	13	35555	买盘
10:31:03	27.33	-0.01	6	16398	卖盘
10:31:00	27.34	--	1	2734	卖盘
10:30:57	27.34	0.01	1	2734	中性盘
10:30:36	27.33	-0.03	5	13665	卖盘
10:30:30	27.36	-0.04	68	186048	卖盘
10:30:24	27.4	0.01	52	142480	买盘
10:30:18	27.39	-0.01	2	5478	卖盘
10:30:12	27.4	0.02	14	38360	买盘
10:30:09	27.38	0.02	21	57498	中性盘
10:30:06	27.36	--	3	8208	卖盘
10:29:57	27.36	-0.01	2	5472	卖盘
10:29:51	27.37	--	5	13685	中性盘
10:29:45	27.37	-0.03	5	13685	卖盘
10:29:27	27.4	0.04	15	41100	买盘
10:29:24	27.36	-0.04	4	10944	卖盘
10:29:21	27.4	--	5	13700	买盘
10:29:18	27.4	-0.01	18	49320	卖盘
10:29:12	27.41	0.01	1	2741	买盘
10:29:06	27.4	--	2	5480	卖盘
10:29:03	27.4	--	5	13700	卖盘
10:28:57	27.4	--	104	284960	买盘
10:28:51	27.4	0.04	5	13700	买盘
10:28:48	27.36	--	5	13680	卖盘
10:28:42	27.36	-0.04	2	5472	卖盘
10:28:39	27.4	0.01	21	57540	买盘
10:28:36	27.39	-0.01	30	82170	中性盘
10:28:27	27.4	0.04	89	243860	买盘
10:28:24	27.36	--	10	27360	买盘
10:28:21	27.36	--	12	32832	买盘
10:28:18	27.36	--	19	51984	买盘
10:28:15	27.36	--	11	30096	买盘
10:28:12	27.36	0.07	38	103968	买盘
10:28:09	27.29	-0.01	2	5458	卖盘
10:28:06	27.3	-0.06	2	5460	卖盘
10:27:57	27.36	--	11	30096	卖盘
10:27:54	27.36	--	7	19152	卖盘
10:27:51	27.36	--	2	5472	卖盘
10:27:48	27.36	--	10	27360	卖盘
10:27:45	27.36	--	10	27360	卖盘
10:27:42	27.36	--	1	2736	卖盘
10:27:39	27.36	--	12	32832	卖盘
10:27:36	27.36	0.07	11	30096	中性盘
10:27:27	27.29	-0.07	11	30019	卖盘
10:27:24	27.36	0.05	14	38304	买盘
10:27:21	27.31	0.01	4	10924	中性盘
10:27:18	27.3	-0.01	6	16380	卖盘
10:27:15	27.31	--	8	21848	卖盘
10:27:12	27.31	--	44	120164	卖盘
10:27:09	27.31	--	6	16386	卖盘
10:27:06	27.31	-0.02	9	24579	卖盘
10:27:03	27.33	--	7	19131	卖盘
10:27:00	27.33	-0.07	14	38262	卖盘
10:26:57	27.4	0.04	22	60280	买盘
10:26:54	27.36	--	13	35568	卖盘
10:26:51	27.36	-0.04	2	5472	卖盘
10:26:48	27.4	--	7	19180	买盘
10:26:45	27.4	--	17	46580	卖盘
10:26:42	27.4	--	26	71240	卖盘
10:26:39	27.4	--	5	13700	卖盘
10:26:36	27.4	--	4	10960	卖盘
10:26:33	27.4	--	3	8220	卖盘
10:26:30	27.4	-0.01	4	10960	卖盘
10:26:24	27.41	--	6	16446	卖盘
10:26:21	27.41	-0.02	4	10964	卖盘
10:26:18	27.43	-0.01	13	35659	中性盘
10:26:15	27.44	0.03	15	41160	买盘
10:26:09	27.41	--	10	27410	卖盘
10:26:06	27.41	-0.02	30	82230	卖盘
10:26:03	27.43	0.02	5	13715	买盘
10:25:57	27.41	--	7	19187	卖盘
10:25:54	27.41	--	10	27410	卖盘
10:25:51	27.41	--	10	27410	卖盘
10:25:42	27.41	0.01	2	5482	买盘
10:25:36	27.4	--	2	5480	卖盘
10:25:33	27.4	--	4	10960	卖盘
10:25:27	27.4	0.06	154	421960	买盘
10:25:21	27.34	-0.01	16	43744	买盘
10:25:15	27.35	-0.01	19	51965	卖盘
10:25:03	27.36	0.01	8	21888	买盘
10:25:00	27.35	--	41	112189	买盘
10:24:57	27.35	--	10	27350	买盘
10:24:54	27.35	0.02	7	19145	买盘
10:24:51	27.33	-0.02	5	13665	卖盘
10:24:48	27.35	0.03	38	103930	买盘
10:24:45	27.32	--	88	240416	卖盘
10:24:39	27.32	-0.01	10	27320	卖盘
10:24:36	27.33	0.01	4	10932	买盘
10:24:33	27.32	0.01	2	5464	买盘
10:24:30	27.31	-0.01	5	13655	卖盘
10:24:27	27.32	0.01	14	38248	买盘
10:24:18	27.31	--	5	13655	卖盘
10:24:15	27.31	--	8	21848	买盘
10:24:12	27.31	0.01	8	21848	买盘
10:24:03	27.3	--	5	13650	卖盘
10:24:00	27.3	0.01	66	180180	买盘
10:23:57	27.29	-0.01	3	8187	卖盘
10:23:54	27.3	--	39	106470	买盘
10:23:51	27.3	--	21	57330	买盘
10:23:48	27.3	0.03	40	109200	买盘
10:23:42	27.27	--	5	13635	卖盘
10:23:39	27.27	-0.01	4	10908	卖盘
10:23:36	27.28	0.01	4	10912	买盘
10:23:30	27.27	--	35	95445	卖盘
10:23:24	27.27	0.02	9	24543	买盘
10:23:18	27.25	--	20	54500	卖盘
10:23:15	27.25	--	2	5450	卖盘
10:23:12	27.25	--	15	40875	卖盘
10:23:09	27.25	--	24	65400	买盘
10:23:00	27.25	--	3	8175	买盘
10:22:54	27.25	-0.01	20	54500	买盘
10:22:42	27.26	--	4	10904	卖盘
10:22:39	27.26	--	7	19082	卖盘
10:22:36	27.26	0.03	24	65424	买盘
10:22:33	27.23	-0.02	21	57183	卖盘
10:22:30	27.25	--	39	106275	卖盘
10:22:27	27.25	--	2	5450	卖盘
10:22:21	27.25	0.01	26	70850	买盘
10:22:18	27.24	-0.01	13	35412	卖盘
10:22:03	27.25	--	1	2725	卖盘
10:21:57	27.25	--	7	19075	卖盘
10:21:54	27.25	-0.01	20	54500	卖盘
10:21:51	27.26	0.01	14	38164	买盘
10:21:45	27.25	--	4	10900	卖盘
10:21:39	27.25	0.02	18	49050	买盘
10:21:33	27.23	-0.01	21	57183	卖盘
10:21:27	27.24	--	10	27240	卖盘
10:21:24	27.24	--	14	38136	买盘
10:21:21	27.24	--	10	27240	买盘
10:21:15	27.24	--	1	2724	中性盘
10:21:12	27.24	--	51	138924	卖盘
10:21:09	27.24	--	14	38136	卖盘
10:21:06	27.24	--	6	16343	卖盘
10:21:00	27.24	-0.01	2	5448	卖盘
10:20:57	27.25	0.01	1	2725	买盘
10:20:54	27.24	-0.02	2	5448	卖盘
10:20:48	27.26	0.02	22	59972	买盘
10:20:45	27.24	0.01	7	19068	中性盘
10:20:39	27.23	--	8	21784	卖盘
10:20:33	27.23	-0.03	2	5446	卖盘
10:20:12	27.26	0.03	12	32712	买盘
10:20:09	27.23	-0.03	1	2723	卖盘
10:20:06	27.26	--	7	19082	买盘
10:20:00	27.26	--	13	35438	卖盘
10:19:57	27.26	--	7	19082	卖盘
10:19:54	27.26	--	5	13630	卖盘
10:19:51	27.26	--	8	21808	卖盘
10:19:48	27.26	0.03	16	43616	买盘
10:19:45	27.23	--	14	38122	卖盘
10:19:30	27.23	--	10	27230	卖盘
10:19:27	27.23	-0.03	7	19061	卖盘
10:19:21	27.26	--	3	8178	卖盘
10:19:15	27.26	--	2	5452	买盘
10:19:12	27.26	--	10	27260	买盘
10:19:09	27.26	--	11	29986	买盘
10:19:06	27.26	0.03	20	54520	买盘
10:19:00	27.23	--	2	5446	卖盘
10:18:57	27.23	--	6	16338	卖盘
10:18:54	27.23	--	14	38122	卖盘
10:18:48	27.23	-0.04	5	13615	卖盘
10:18:42	27.27	0.04	38	103626	买盘
10:18:36	27.23	--	2	5446	卖盘
10:18:33	27.23	-0.04	9	24507	卖盘
10:18:30	27.27	0.04	10	27270	买盘
10:18:27	27.23	0.02	26	70798	中性盘
10:18:09	27.21	-0.07	10	27210	卖盘
10:18:06	27.28	0.07	1	2728	买盘
10:17:57	27.21	--	9	24489	卖盘
10:17:51	27.21	0.03	42	114282	买盘
10:17:45	27.18	-0.02	9	24462	卖盘
10:17:42	27.2	--	13	35360	买盘
10:17:39	27.2	--	40	108800	买盘
10:17:33	27.2	-0.04	14	38080	卖盘
10:17:27	27.24	-0.05	8	21792	中性盘
10:17:18	27.29	--	38	103702	卖盘
10:17:15	27.29	0.1	23	62767	买盘
10:17:03	27.19	--	2	5438	卖盘
10:17:00	27.19	--	18	48942	卖盘
10:16:57	27.19	--	9	24471	买盘
10:16:54	27.19	--	3	8157	买盘
10:16:45	27.19	0.03	2	5438	买盘
10:16:33	27.16	-0.13	3	8148	卖盘
10:16:30	27.29	0.09	350	955150	买盘
10:16:27	27.2	0.04	7	19040	买盘
10:16:21	27.16	0.01	2	5432	中性盘
10:16:15	27.15	-0.05	25	67875	卖盘
10:16:09	27.2	0.06	18	48960	买盘
10:15:36	27.14	0.01	2	5428	中性盘
10:15:30	27.13	-0.01	9	24417	卖盘
10:15:24	27.14	--	5	13570	卖盘
10:15:18	27.14	0.01	1	2714	买盘
10:15:12	27.13	-0.02	10	27130	卖盘
10:15:06	27.15	-0.06	14	38010	卖盘
10:15:00	27.21	0.01	15	40815	买盘
10:14:54	27.2	-0.02	5	13600	卖盘
10:14:48	27.22	--	31	84382	卖盘
10:14:42	27.22	-0.04	10	27220	中性盘
10:14:27	27.26	0.05	16	43616	买盘
10:14:09	27.21	--	5	13605	卖盘
10:14:06	27.21	--	4	10884	买盘
10:14:03	27.21	0.05	3	8163	买盘
10:14:00	27.16	-0.05	14	38024	卖盘
10:13:54	27.21	-0.05	9	24489	卖盘
10:13:48	27.26	0.06	10	27260	买盘
10:13:45	27.2	-0.02	3	8160	买盘
10:13:42	27.22	0.02	30	81660	买盘
10:13:30	27.2	0.04	24	65280	买盘
10:13:27	27.16	--	2	5432	卖盘
10:13:24	27.16	0.04	17	46172	买盘
10:13:12	27.12	--	11	29832	卖盘
10:13:06	27.12	-0.03	46	124752	卖盘
10:13:03	27.15	--	1	2715	买盘
10:13:00	27.15	0.02	10	27150	买盘
10:12:51	27.13	--	10	27130	买盘
10:12:48	27.13	--	4	10852	买盘
10:12:45	27.13	--	2	5426	买盘
10:12:42	27.13	-0.01	1	2713	买盘
10:12:39	27.14	0.04	1	2714	买盘
10:12:36	27.1	--	11	29810	卖盘
10:12:30	27.1	--	14	37940	卖盘
10:12:27	27.1	--	50	135500	买盘
10:12:24	27.1	--	5	13550	买盘
10:12:12	27.1	0.03	13	35230	买盘
10:12:09	27.07	-0.06	46	124522	卖盘
10:12:06	27.13	0.01	7	18991	买盘
10:12:03	27.12	0.02	2	5424	买盘
10:11:45	27.1	0.05	5	13550	买盘
10:11:42	27.05	0.05	11	29755	卖盘
10:11:39	27.0	-0.05	10	27000	卖盘
10:11:36	27.05	--	3	8115	卖盘
10:11:33	27.05	--	2	5410	买盘
10:11:30	27.05	0.01	13	35165	买盘
10:11:27	27.04	0.09	1	2704	买盘
10:11:18	26.95	-0.05	5	13475	卖盘
10:11:15	27.0	0.05	222	600750	买盘
10:11:12	26.95	-0.05	12	32340	中性盘
10:11:06	27.0	0.07	729	1968300	买盘
10:11:00	26.93	-0.07	18	48474	卖盘
10:10:54	27.0	0.07	85	229500	买盘
10:10:42	26.93	-0.07	9	24237	卖盘
10:10:39	27.0	--	28	75600	买盘
10:10:36	27.0	0.02	10	27000	买盘
10:10:33	26.98	--	12	32376	买盘
10:10:30	26.98	0.06	7	18886	买盘
10:10:21	26.92	-0.01	18	48456	卖盘
10:10:15	26.93	--	12	32316	卖盘
10:09:33	26.93	0.01	82	220879	买盘
10:09:30	26.92	--	11	30958	卖盘
10:09:27	26.92	--	5	13460	卖盘
10:09:21	26.92	--	3	8076	卖盘
10:09:15	26.92	--	9	24228	卖盘
10:09:09	26.92	--	7	20190	卖盘
10:09:06	26.92	--	2	5384	卖盘
10:09:03	26.92	--	2	5384	卖盘
10:08:57	26.92	-0.01	2	5384	卖盘
10:08:51	26.93	-0.05	10	26930	买盘
10:08:36	26.98	--	11	29678	卖盘
10:08:30	26.98	--	19	51262	卖盘
10:08:27	26.98	0.01	2	5396	买盘
10:08:24	26.97	--	4	10788	卖盘
10:08:12	26.97	0.06	16	43152	买盘
10:08:00	26.91	--	2	5382	卖盘
10:07:57	26.91	-0.06	4	10764	卖盘
10:07:54	26.97	0.06	5	13485	买盘
10:07:51	26.91	-0.06	12	32292	卖盘
10:07:42	26.97	0.06	18	48546	买盘
10:07:36	26.91	--	6	16146	中性盘
10:07:03	26.91	0.01	2	5382	卖盘
10:07:00	26.9	0.02	5	13450	买盘
10:06:57	26.88	-0.02	2	5376	卖盘
10:06:54	26.9	-0.01	7	18830	卖盘
10:06:51	26.91	0.03	3	8073	买盘
10:06:30	26.88	-0.03	10	26880	卖盘
10:06:27	26.91	0.01	2	5382	买盘
10:06:24	26.9	--	4	10760	卖盘
10:06:18	26.9	--	8	21520	卖盘
10:06:09	26.9	0.01	25	67250	中性盘
10:06:06	26.89	-0.01	4	10756	卖盘
10:06:03	26.9	--	3	8070	卖盘
10:06:00	26.9	0.02	1	2690	买盘
10:05:42	26.88	--	5	13440	卖盘
10:05:39	26.88	--	9	24192	卖盘
10:05:33	26.88	--	12	32256	卖盘
10:05:27	26.88	0.04	23	61824	买盘
10:05:15	26.84	0.01	56	150304	买盘
10:05:09	26.83	--	4	10732	卖盘
10:05:06	26.83	--	1	2683	卖盘
10:05:03	26.83	0.02	50	134150	中性盘
10:04:45	26.81	-0.02	6	16086	卖盘
10:04:39	26.83	-0.01	5	13415	卖盘
10:04:33	26.84	--	1	2684	卖盘
10:04:30	26.84	--	10	26840	卖盘
10:04:24	26.84	-0.02	14	37576	买盘
10:04:21	26.86	0.01	1	2686	卖盘
10:04:18	26.85	0.04	19	51015	买盘
10:04:12	26.81	-0.03	20	53620	卖盘
10:04:06	26.84	0.03	2	5368	买盘
10:04:03	26.81	--	8	21448	卖盘
10:04:00	26.81	--	5	13405	卖盘
10:03:57	26.81	0.01	12	32172	卖盘
10:03:51	26.8	--	19	50920	卖盘
10:03:45	26.8	-0.05	20	53600	卖盘
10:03:39	26.85	0.05	10	26850	买盘
10:03:33	26.8	--	1	2680	卖盘
10:03:24	26.8	-0.07	10	26800	卖盘
10:03:21	26.87	0.03	10	26870	中性盘
10:03:18	26.84	-0.04	7	18788	卖盘
10:03:15	26.88	0.01	18	48384	卖盘
10:03:12	26.87	--	8	21496	卖盘
10:03:03	26.87	-0.01	4	10748	卖盘
10:03:00	26.88	--	3	8064	卖盘
10:02:57	26.88	0.01	7	18816	买盘
10:02:51	26.87	-0.01	5	13435	卖盘
10:02:48	26.88	-0.01	3	8064	卖盘
10:02:45	26.89	0.01	2	5378	中性盘
10:02:33	26.88	-0.02	5	13440	卖盘
10:02:30	26.9	0.01	10	26900	买盘
10:02:27	26.89	-0.01	2	5378	卖盘
10:02:21	26.9	-0.03	30	80700	卖盘
10:02:15	26.93	0.01	35	94255	买盘
10:02:12	26.92	--	2	5384	卖盘
10:02:09	26.92	--	19	51148	卖盘
10:02:06	26.92	--	2	5384	卖盘
10:02:03	26.92	-0.01	20	53840	卖盘
10:02:00	26.93	0.01	3	8079	买盘
10:01:57	26.92	-0.01	5	13460	卖盘
10:01:51	26.93	-0.02	17	45781	买盘
10:01:48	26.95	-0.03	17	45815	卖盘
10:01:45	26.98	-0.05	2	5396	卖盘
10:01:39	27.03	0.03	37	100011	买盘
10:01:12	27.0	--	20	54000	买盘
10:01:09	27.0	0.05	10	27000	买盘
10:01:06	26.95	-0.05	68	183260	卖盘
10:01:00	27.0	--	1	2700	中性盘
10:00:18	27.0	0.04	9	24300	买盘
10:00:12	26.96	--	2	5392	卖盘
10:00:09	26.96	-0.04	8	21568	卖盘
10:00:06	27.0	0.04	5	13500	买盘
10:00:03	26.96	--	7	18872	卖盘
09:59:57	26.96	-0.07	2	5392	卖盘
09:59:51	27.03	--	10	27030	买盘
09:59:24	27.03	0.07	90	243270	买盘
09:59:21	26.96	-0.07	43	115928	卖盘
09:59:15	27.03	--	185	500055	买盘
09:59:12	27.03	--	40	108120	买盘
09:59:09	27.03	--	23	62169	买盘
09:59:06	27.03	--	42	113526	买盘
09:59:00	27.03	0.03	37	100011	买盘
09:58:39	27.0	0.05	36	97200	买盘
09:58:36	26.95	-0.05	2	5390	卖盘
09:58:33	27.0	0.02	28	75600	买盘
09:58:30	26.98	-0.02	50	134900	卖盘
09:58:24	27.0	--	40	108000	卖盘
09:58:21	27.0	--	99	267300	卖盘
09:58:18	27.0	--	2	5400	卖盘
09:58:12	27.0	-0.01	5	13500	卖盘
09:58:09	27.01	--	5	13505	卖盘
09:58:06	27.01	-0.02	17	45917	中性盘
09:58:00	27.03	0.02	40	108120	买盘
09:57:51	27.01	--	34	91834	卖盘
09:57:48	27.01	--	12	32412	卖盘
09:57:42	27.01	-0.01	5	13505	卖盘
09:57:39	27.02	0.01	10	27020	买盘
09:57:24	27.01	--	6	16206	卖盘
09:57:21	27.01	--	10	27010	卖盘
09:57:18	27.01	--	7	18907	卖盘
09:57:12	27.01	--	11	29711	卖盘
09:57:06	27.01	--	9	24309	卖盘
09:57:03	27.01	-0.01	10	27010	卖盘
09:57:00	27.02	--	13	35126	买盘
09:56:36	27.02	0.01	1	2702	买盘
09:56:27	27.01	--	1	2701	卖盘
09:56:24	27.01	-0.01	7	18907	卖盘
09:56:21	27.02	0.01	12	32424	买盘
09:56:18	27.01	--	2	5402	卖盘
09:56:12	27.01	--	13	35113	卖盘
09:56:06	27.01	--	10	27010	卖盘
09:56:03	27.01	--	2	5402	卖盘
09:55:57	27.01	--	5	13505	卖盘
09:55:51	27.01	--	11	29711	卖盘
09:55:42	27.01	--	30	81030	卖盘
09:55:39	27.01	--	14	37814	卖盘
09:55:30	27.01	--	7	18907	卖盘
09:55:24	27.01	-0.01	2	5402	卖盘
09:55:21	27.02	--	4	10808	卖盘
09:55:18	27.02	--	7	18914	卖盘
09:55:15	27.02	--	22	60795	卖盘
09:55:12	27.02	--	2	5404	卖盘
09:55:09	27.02	--	19	51338	卖盘
09:55:06	27.02	--	16	43232	中性盘
09:54:54	27.02	--	14	37828	卖盘
09:54:51	27.02	-0.01	47	126994	卖盘
09:54:45	27.03	0.01	1	2703	买盘
09:54:36	27.02	--	30	81060	卖盘
09:54:33	27.02	-0.01	12	32424	卖盘
09:54:30	27.03	-0.01	10	27030	卖盘
09:54:27	27.04	--	13	35152	买盘
09:54:15	27.04	-0.06	9	24336	卖盘
09:54:09	27.1	0.06	47	127370	买盘
09:54:03	27.04	0.01	36	97344	买盘
09:53:57	27.03	-0.01	2	5406	卖盘
09:53:51	27.04	0.01	10	27040	中性盘
09:53:42	27.03	--	10	27030	卖盘
09:53:36	27.03	--	39	105417	卖盘
09:53:33	27.03	-0.03	16	43248	卖盘
09:53:30	27.06	0.03	2	5412	买盘
09:53:18	27.03	--	103	278409	卖盘
09:53:12	27.03	-0.03	4	10812	卖盘
09:53:09	27.06	--	7	18942	买盘
09:53:06	27.06	0.04	2	5412	中性盘
09:52:54	27.02	-0.04	5	13510	卖盘
09:52:51	27.06	--	6	16236	卖盘
09:52:48	27.06	0.05	56	151536	买盘
09:52:45	27.01	-0.01	77	207977	卖盘
09:52:39	27.02	-0.01	1	2702	卖盘
09:52:18	27.03	-0.03	49	132447	卖盘
09:52:15	27.06	0.01	3	8118	卖盘
09:52:12	27.05	0.01	14	37870	买盘
09:52:09	27.04	0.01	2	5408	买盘
09:52:06	27.03	--	23	62169	卖盘
09:52:00	27.03	--	13	35139	卖盘
09:51:54	27.03	--	3	8109	卖盘
09:51:48	27.03	-0.01	72	194616	卖盘
09:51:45	27.04	-0.04	10	27040	卖盘
09:51:42	27.08	0.04	50	135400	买盘
09:51:39	27.04	--	2	5408	卖盘
09:51:36	27.04	-0.03	7	18928	卖盘
09:51:33	27.07	--	23	62261	卖盘
09:51:30	27.07	--	20	54140	卖盘
09:51:12	27.07	--	20	54140	卖盘
09:51:03	27.07	--	7	18949	卖盘
09:51:00	27.07	--	2	5414	卖盘
09:50:57	27.07	--	11	29777	卖盘
09:50:54	27.07	--	2	5414	卖盘
09:50:51	27.07	--	2	5414	卖盘
09:50:48	27.07	-0.01	9	24363	卖盘
09:50:45	27.08	0.01	1	2708	买盘
09:50:39	27.07	--	2	5414	卖盘
09:50:36	27.07	--	1	2707	卖盘
09:50:33	27.07	--	5	13535	卖盘
09:50:27	27.07	0.03	59	159713	买盘
09:50:24	27.04	--	10	27040	卖盘
09:50:21	27.04	-0.03	5	13520	卖盘
09:50:15	27.07	--	17	46019	卖盘
09:50:12	27.07	0.03	2	5414	中性盘
09:50:09	27.04	-0.03	65	175760	卖盘
09:50:06	27.07	--	2	5414	卖盘
09:50:03	27.07	--	2	5414	卖盘
09:50:00	27.07	0.02	20	54140	买盘
09:49:57	27.05	-0.02	40	108200	卖盘
09:49:48	27.07	0.01	10	27070	买盘
09:49:42	27.06	-0.01	10	27060	卖盘
09:49:39	27.07	--	2	5414	卖盘
09:49:36	27.07	-0.03	7	18949	卖盘
09:49:33	27.1	0.03	1	2710	中性盘
09:49:27	27.07	--	5	13535	卖盘
09:49:21	27.07	--	3	8121	卖盘
09:49:18	27.07	-0.03	47	127229	卖盘
09:49:15	27.1	-0.01	7	18970	卖盘
09:49:09	27.11	0.01	10	27110	中性盘
09:48:54	27.1	--	5	13550	卖盘
09:48:48	27.1	0.04	14	37940	买盘
09:48:45	27.06	--	20	54120	卖盘
09:48:42	27.06	--	2	5412	卖盘
09:48:36	27.06	--	2	5412	卖盘
09:48:33	27.06	0.01	3	8118	卖盘
09:48:30	27.05	0.02	3	8115	买盘
09:48:27	27.03	0.01	11	29733	买盘
09:48:24	27.02	-0.03	25	67550	卖盘
09:48:21	27.05	--	11	29755	买盘
09:48:18	27.05	0.02	40	108200	买盘
09:48:15	27.03	-0.02	8	21624	卖盘
09:48:12	27.05	-0.01	17	45985	卖盘
09:48:09	27.06	0.01	4	10824	买盘
09:48:06	27.05	-0.01	3	8115	卖盘
09:48:00	27.06	0.03	20	54120	买盘
09:47:51	27.03	-0.02	2	5406	卖盘
09:47:48	27.05	--	6	16230	卖盘
09:47:45	27.05	--	2	5410	卖盘
09:47:39	27.05	-0.01	10	27050	卖盘
09:47:36	27.06	--	5	13530	卖盘
09:47:33	27.06	0.05	7	18942	卖盘
09:47:27	27.01	-0.03	160	432160	卖盘
09:47:21	27.04	-0.06	5	13520	中性盘
09:47:15	27.1	0.07	1	2710	买盘
09:47:12	27.03	-0.07	4	10812	卖盘
09:47:09	27.1	--	23	62330	买盘
09:47:06	27.1	-0.03	114	308940	卖盘
09:46:54	27.13	-0.02	3	9766	卖盘
09:46:51	27.15	0.01	10	27150	中性盘
09:46:48	27.14	--	26	70564	卖盘
09:46:39	27.14	--	5	13570	卖盘
09:46:36	27.14	--	11	29854	卖盘
09:46:33	27.14	--	4	10856	卖盘
09:46:24	27.14	--	47	127558	卖盘
09:46:21	27.14	--	5	13570	卖盘
09:46:15	27.14	-0.04	4	10856	卖盘
09:46:09	27.18	-0.01	5	13590	买盘
09:45:54	27.19	--	18	50247	卖盘
09:45:51	27.19	--	2	5438	卖盘
09:45:48	27.19	--	3	8157	卖盘
09:45:45	27.19	0.02	6	17727	买盘
09:45:42	27.17	--	4	10868	卖盘
09:45:39	27.17	--	5	13585	卖盘
09:45:36	27.17	-0.01	12	32604	卖盘
09:45:33	27.18	--	14	38052	买盘
09:45:30	27.18	0.04	5	13590	买盘
09:45:27	27.14	-0.04	108	293112	卖盘
09:45:18	27.18	--	3	8154	卖盘
09:45:15	27.18	--	5	13590	卖盘
09:45:12	27.18	-0.01	25	67950	卖盘
09:45:09	27.19	0.01	1	2719	买盘
09:45:06	27.18	-0.01	2	5436	卖盘
09:45:03	27.19	-0.01	2	5438	卖盘
09:45:00	27.2	0.01	3	8160	买盘
09:44:57	27.19	--	8	21752	卖盘
09:44:54	27.19	--	2	5438	卖盘
09:44:48	27.19	--	8	21752	卖盘
09:44:45	27.19	-0.01	7	19033	卖盘
09:44:42	27.2	0.01	7	19040	买盘
09:44:39	27.19	-0.01	1	2719	卖盘
09:44:36	27.2	-0.03	1	2720	卖盘
09:44:33	27.23	0.05	4	10892	买盘
09:44:30	27.18	-0.05	13	35334	卖盘
09:44:27	27.23	--	2	5446	买盘
09:44:24	27.23	0.05	3	8169	买盘
09:44:18	27.18	-0.02	17	46206	卖盘
09:44:15	27.2	--	8	21760	卖盘
09:44:12	27.2	0.03	5	13600	买盘
09:43:57	27.17	-0.01	4	10868	卖盘
09:43:54	27.18	-0.02	8	21744	卖盘
09:43:51	27.2	-0.01	7	19040	卖盘
09:43:48	27.21	0.01	39	106119	买盘
09:43:45	27.2	-0.01	3	8160	卖盘
09:43:27	27.21	--	20	54420	卖盘
09:43:24	27.21	--	7	19047	卖盘
09:43:21	27.21	--	18	48978	卖盘
09:43:18	27.21	--	7	19047	卖盘
09:43:15	27.21	-0.02	6	16326	卖盘
09:43:12	27.23	--	14	39429	卖盘
09:43:09	27.23	--	27	74936	卖盘
09:43:06	27.23	-0.02	8	21784	卖盘
09:43:03	27.25	0.01	1	2725	买盘
09:43:00	27.24	-0.02	49	133476	卖盘
09:42:57	27.26	-0.01	2	5452	卖盘
09:42:54	27.27	0.01	7	19089	买盘
09:42:48	27.26	-0.01	5	13630	卖盘
09:42:42	27.27	--	20	54540	买盘
09:42:39	27.27	0.01	2	5454	买盘
09:42:36	27.26	-0.04	32	87232	卖盘
09:42:33	27.3	0.03	5	13650	买盘
09:42:24	27.27	-0.03	2	5454	卖盘
09:42:21	27.3	0.03	11	30030	买盘
09:42:18	27.27	--	1	2727	卖盘
09:42:12	27.27	--	10	27270	卖盘
09:42:09	27.27	--	3	8181	卖盘
09:42:06	27.27	-0.03	15	40905	卖盘
09:42:03	27.3	-0.03	3	8190	买盘
09:42:00	27.33	0.01	24	65592	买盘
09:41:57	27.32	0.02	7	19124	中性盘
09:41:54	27.3	--	2	5460	卖盘
09:41:51	27.3	0.04	21	57330	中性盘
09:41:45	27.26	-0.04	26	70876	卖盘
09:41:42	27.3	--	44	122795	卖盘
09:41:39	27.3	--	2	5460	卖盘
09:41:36	27.3	--	80	218400	卖盘
09:41:33	27.3	0.04	99	270324	买盘
09:41:27	27.26	--	70	190820	卖盘
09:41:21	27.26	--	5	13630	卖盘
09:41:18	27.26	--	10	27260	卖盘
09:41:15	27.26	--	8	21808	买盘
09:41:12	27.26	-0.01	20	54520	卖盘
09:41:09	27.27	0.04	99	269973	买盘
09:41:06	27.23	-0.02	30	81690	卖盘
09:41:00	27.25	-0.01	5	13625	卖盘
09:40:57	27.26	0.01	1	2726	买盘
09:40:54	27.25	-0.01	12	32700	卖盘
09:40:48	27.26	0.01	4	10904	买盘
09:40:45	27.25	0.02	20	54500	买盘
09:40:39	27.23	0.01	7	19061	买盘
09:40:36	27.22	-0.01	13	35386	卖盘
09:40:33	27.23	--	27	73521	买盘
09:40:30	27.23	--	9	24507	买盘
09:40:27	27.23	--	23	62629	买盘
09:40:24	27.23	--	4	10892	买盘
09:40:18	27.23	0.01	3	8169	买盘
09:40:15	27.22	--	12	32664	买盘
09:40:09	27.22	0.02	3	8166	中性盘
09:40:03	27.2	--	1	2720	卖盘
09:39:51	27.2	0.02	12	32640	中性盘
09:39:48	27.18	-0.02	14	38052	卖盘
09:39:45	27.2	0.01	5	13600	买盘
09:39:42	27.19	0.01	1	2719	卖盘
09:39:39	27.18	--	30	81540	卖盘
09:39:36	27.18	--	7	19026	卖盘
09:39:33	27.18	--	2	5436	卖盘
09:39:30	27.18	--	41	111438	卖盘
09:39:27	27.18	0.03	21	57078	买盘
09:39:24	27.15	-0.02	15	40725	卖盘
09:39:21	27.17	--	43	116831	卖盘
09:39:18	27.17	-0.01	5	13585	卖盘
09:39:15	27.18	--	19	51642	卖盘
09:39:12	27.18	-0.02	9	24462	卖盘
09:39:09	27.2	--	30	81600	卖盘
09:39:06	27.2	-0.03	17	46240	卖盘
09:39:03	27.23	-0.01	8	21784	卖盘
09:39:00	27.24	--	1	2724	卖盘
09:38:57	27.24	-0.03	44	119856	卖盘
09:38:54	27.27	--	21	57267	卖盘
09:38:51	27.27	--	12	32724	卖盘
09:38:48	27.27	--	29	79083	卖盘
09:38:45	27.27	--	1	2727	卖盘
09:38:42	27.27	-0.01	5	13635	卖盘
09:38:39	27.28	-0.02	16	43648	卖盘
09:38:33	27.3	--	27	73710	买盘
09:38:27	27.3	-0.02	42	114660	卖盘
09:38:24	27.32	0.02	11	30052	买盘
09:38:21	27.3	--	20	54600	卖盘
09:38:18	27.3	--	3	8190	卖盘
09:38:12	27.3	--	16	43680	卖盘
09:38:09	27.3	--	10	27300	卖盘
09:38:06	27.3	0.03	25	68250	买盘
09:38:03	27.27	-0.03	1	2727	卖盘
09:38:00	27.3	0.03	22	60060	买盘
09:37:57	27.27	--	26	70902	买盘
09:37:54	27.27	0.02	3	8181	买盘
09:37:48	27.25	-0.05	3	8175	卖盘
09:37:45	27.3	--	17	46410	卖盘
09:37:42	27.3	0.05	23	62790	买盘
09:37:39	27.25	-0.02	4	10900	买盘
09:37:36	27.27	--	9	24543	卖盘
09:37:33	27.27	0.02	22	59994	买盘
09:37:30	27.25	--	6	16350	卖盘
09:37:27	27.25	--	8	21800	买盘
09:37:24	27.25	--	5	13625	中性盘
09:37:15	27.25	--	4	10900	买盘
09:37:12	27.25	0.05	52	141700	买盘
09:37:06	27.2	--	4	10880	买盘
09:37:03	27.2	--	10	27200	买盘
09:37:00	27.2	--	26	70720	卖盘
09:36:54	27.2	0.02	85	231200	买盘
09:36:51	27.18	0.01	4	10872	买盘
09:36:48	27.17	--	10	27170	卖盘
09:36:42	27.17	0.01	13	35321	买盘
09:36:36	27.16	-0.01	1	2716	卖盘
09:36:33	27.17	0.02	10	28256	买盘
09:36:30	27.15	--	2	5430	买盘
09:36:27	27.15	--	5	13575	买盘
09:36:24	27.15	0.01	10	27150	买盘
09:36:21	27.14	--	19	51566	买盘
09:36:18	27.14	--	3	8142	买盘
09:36:15	27.14	0.01	13	35282	买盘
09:36:12	27.13	--	10	27130	买盘
09:36:09	27.13	0.01	9	24417	买盘
09:36:06	27.12	--	2	5424	卖盘
09:36:03	27.12	--	17	46104	买盘
09:36:00	27.12	0.11	4	10848	买盘
09:35:57	27.01	-0.11	21	56721	卖盘
09:35:54	27.12	0.02	46	124752	买盘
09:35:51	27.1	0.01	13	35230	卖盘
09:35:45	27.09	-0.03	2	5418	中性盘
09:35:33	27.12	-0.01	50	135600	中性盘
09:35:27	27.13	0.13	7	18991	买盘
09:35:06	27.0	--	4	10800	买盘
09:35:03	27.0	0.04	6	16200	卖盘
09:34:42	26.96	--	37	99752	买盘
09:34:36	26.96	-0.04	15	40440	卖盘
09:34:21	27.0	-0.14	9	24300	中性盘
09:34:09	27.14	0.14	66	179124	买盘
09:34:03	27.0	--	3	8100	买盘
09:34:00	27.0	--	32	86400	买盘
09:33:57	27.0	--	3	8100	买盘
09:33:30	27.0	0.05	1	2700	买盘
09:33:18	26.95	0.07	2	5390	中性盘
09:33:09	26.88	--	7	18816	卖盘
09:33:00	26.88	--	3	8064	买盘
09:32:51	26.88	-0.07	1	2688	中性盘
09:32:27	26.95	-0.05	3	8085	卖盘
09:32:24	27.0	0.01	10	27000	买盘
09:32:18	26.99	-0.04	2	5398	中性盘
09:32:12	27.03	0.03	4	10812	买盘
09:32:09	27.0	--	2	5400	卖盘
09:32:06	27.0	--	2	5400	卖盘
09:32:03	27.0	-0.09	2	5400	卖盘
09:32:00	27.09	0.09	2	5418	买盘
09:31:57	27.0	--	3	8100	卖盘
09:31:54	27.0	-0.05	75	202500	卖盘
09:31:51	27.05	--	3	8115	卖盘
09:31:48	27.05	--	4	10820	卖盘
09:31:45	27.05	-0.05	2	5410	卖盘
09:31:42	27.1	-0.01	1	2710	买盘
09:31:39	27.11	-0.03	1	2711	中性盘
09:31:21	27.14	0.09	2	5428	买盘
09:31:18	27.05	--	3	8115	卖盘
09:31:12	27.05	--	12	32460	卖盘
09:31:06	27.05	0.01	6	16230	买盘
09:30:57	27.04	0.04	4	10816	买盘
09:30:54	27.0	--	1	2700	买盘
09:30:51	27.0	--	11	29700	卖盘
09:30:48	27.0	--	6	16200	买盘
09:30:33	27.0	0.02	2	5400	买盘
09:30:30	26.98	-0.02	1	2698	卖盘
09:30:24	27.0	0.01	1	2700	买盘
09:30:21	26.99	0.16	5	13495	买盘
09:30:18	26.83	-0.16	17	45611	卖盘
09:30:15	26.99	0.16	6	16193	买盘
09:30:12	26.83	--	1	2683	卖盘
09:30:09	26.83	--	4	10732	卖盘
09:30:06	26.83	0.03	88	236103	买盘
09:30:03	26.8	--	0	0	卖盘
09:25:03	26.8	26.8	32	87100	买盘
