成交时间	成交价	价格变动	成交量(手)	成交额(元)	性质
15:00:03	34.4	0.01	1674	5758560	买盘
14:57:03	34.39	-0.01	5	17195	卖盘
14:57:00	34.4	--	15	51600	买盘
14:56:54	34.4	0.03	14	48160	买盘
14:56:51	34.37	-0.02	32	109983	卖盘
14:56:48	34.39	-0.01	8	27512	卖盘
14:56:42	34.4	0.01	15	51600	买盘
14:56:39	34.39	0.02	10	34390	买盘
14:56:33	34.37	-0.01	33	113420	卖盘
14:56:30	34.38	-0.01	309	1062342	卖盘
14:56:27	34.39	-0.01	15	51585	卖盘
14:56:18	34.4	0.01	3	10320	买盘
14:56:15	34.39	0.01	7	24073	卖盘
14:56:12	34.38	-0.02	20	68760	卖盘
14:56:09	34.4	0.02	1	3440	买盘
14:56:06	34.38	-0.01	72	247536	卖盘
14:56:03	34.39	--	10	34390	买盘
14:56:00	34.39	--	7	24073	买盘
14:55:54	34.39	-0.01	14	48146	卖盘
14:55:51	34.4	0.01	51	175440	买盘
14:55:48	34.39	-0.01	22	75658	卖盘
14:55:45	34.4	--	4	13760	买盘
14:55:42	34.4	--	14	48160	卖盘
14:55:39	34.4	-0.01	1	3440	卖盘
14:55:36	34.41	--	33	113552	买盘
14:55:33	34.41	--	23	79142	买盘
14:55:30	34.41	-0.01	3	10322	卖盘
14:55:27	34.42	0.03	15	51630	买盘
14:55:24	34.39	-0.03	64	220096	卖盘
14:55:21	34.42	0.01	13	44746	买盘
14:55:18	34.41	0.01	21	72261	买盘
14:55:15	34.4	--	33	113520	买盘
14:55:12	34.4	--	10	34400	买盘
14:55:09	34.4	-0.01	59	202960	卖盘
14:55:06	34.41	--	15	51614	买盘
14:55:03	34.41	-0.01	11	37850	卖盘
14:55:00	34.42	--	36	123912	卖盘
14:54:48	34.42	--	11	37862	卖盘
14:54:33	34.42	0.01	109	375178	买盘
14:54:30	34.41	--	7	24086	卖盘
14:54:18	34.41	0.01	6	20645	买盘
14:54:15	34.4	--	10	34400	卖盘
14:54:12	34.4	--	202	694880	买盘
14:54:09	34.4	-0.01	8	27520	卖盘
14:54:06	34.41	0.01	28	96347	买盘
14:53:54	34.4	0.02	33	113520	买盘
14:53:51	34.38	-0.03	91	312858	卖盘
14:53:48	34.41	0.01	13	44732	中性盘
14:53:42	34.4	-0.01	10	34400	卖盘
14:53:36	34.41	0.01	12	41291	中性盘
14:53:33	34.4	-0.02	187	643280	卖盘
14:53:30	34.42	-0.03	8	27536	中性盘
14:53:27	34.45	0.05	2	6890	买盘
14:53:24	34.4	--	47	161680	卖盘
14:53:21	34.4	--	10	35604	卖盘
14:53:18	34.4	0.01	14	48160	卖盘
14:53:15	34.39	-0.06	162	557118	卖盘
14:53:09	34.45	0.05	81	281284	买盘
14:53:06	34.4	--	36	123840	买盘
14:53:03	34.4	-0.05	37	127280	卖盘
14:53:00	34.45	0.03	40	137800	买盘
14:52:57	34.42	0.02	3	10326	中性盘
14:52:54	34.4	-0.02	121	416240	卖盘
14:52:48	34.42	0.03	10	34420	卖盘
14:52:45	34.39	-0.01	7	24073	卖盘
14:52:42	34.4	0.02	32	110080	买盘
14:52:39	34.38	-0.01	56	192528	卖盘
14:52:36	34.39	--	4	13756	买盘
14:52:33	34.39	-0.01	514	1767646	中性盘
14:52:27	34.4	0.01	127	436880	买盘
14:52:24	34.39	--	1	3439	买盘
14:52:21	34.39	--	1	3439	买盘
14:52:18	34.39	-0.01	3	10317	中性盘
14:52:15	34.4	--	5	17200	买盘
14:52:12	34.4	--	5	17200	买盘
14:52:09	34.4	--	14	48160	买盘
14:52:06	34.4	--	39	134160	买盘
14:52:03	34.4	--	2	6880	买盘
14:52:00	34.4	-0.02	42	147541	卖盘
14:51:57	34.42	--	14	48188	买盘
14:51:51	34.42	-0.01	25	86050	卖盘
14:51:48	34.43	0.03	3	10329	买盘
14:51:45	34.4	-0.04	28	96320	卖盘
14:51:42	34.44	--	110	378840	卖盘
14:51:39	34.44	0.01	50	172578	买盘
14:51:36	34.43	--	9	30987	买盘
14:51:33	34.43	--	1	3443	买盘
14:51:30	34.43	0.01	12	41316	买盘
14:51:27	34.42	-0.02	30	103260	卖盘
14:51:24	34.44	--	3	10332	买盘
14:51:21	34.44	--	12	41328	买盘
14:51:18	34.44	--	1	3444	买盘
14:51:12	34.44	--	77	265188	买盘
14:51:09	34.44	--	4	13776	买盘
14:51:06	34.44	--	4	13776	买盘
14:51:03	34.44	-0.01	27	92988	卖盘
14:51:00	34.45	--	1	3445	买盘
14:50:54	34.45	--	39	134355	买盘
14:50:51	34.45	--	10	34450	买盘
14:50:48	34.45	--	4	13780	买盘
14:50:45	34.45	--	20	68900	买盘
14:50:42	34.45	--	36	124020	买盘
14:50:39	34.45	-0.01	25	86400	卖盘
14:50:36	34.46	--	6	23846	买盘
14:50:27	34.46	--	2	6892	买盘
14:50:21	34.46	-0.02	31	107101	卖盘
14:50:18	34.48	0.02	2	6895	中性盘
14:50:06	34.46	-0.04	2	6892	卖盘
14:50:03	34.5	-0.07	23	79350	买盘
14:49:57	34.57	0.11	2	6914	买盘
14:49:54	34.46	--	15	51690	卖盘
14:49:48	34.46	-0.12	96	330816	卖盘
14:49:45	34.58	0.08	16	55328	买盘
14:49:42	34.5	0.02	219	755550	卖盘
14:49:39	34.48	0.02	189	653361	买盘
14:49:36	34.46	--	31	108307	买盘
14:49:33	34.46	--	13	44798	买盘
14:49:30	34.46	-0.02	108	374132	卖盘
14:49:27	34.48	--	5	17240	买盘
14:49:24	34.48	--	41	141368	买盘
14:49:21	34.48	--	18	62063	买盘
14:49:18	34.48	-0.02	181	625846	卖盘
14:49:15	34.5	-0.09	2	6900	买盘
14:49:12	34.59	--	5	17295	买盘
14:49:09	34.59	0.11	1	3459	买盘
14:49:06	34.48	-0.11	17	60305	中性盘
14:48:54	34.59	0.12	10	34590	买盘
14:48:51	34.47	--	69	237843	卖盘
14:48:39	34.47	-0.01	13	44811	卖盘
14:48:36	34.48	--	4	15274	卖盘
14:48:33	34.48	-0.12	3	10343	卖盘
14:48:30	34.6	0.14	500	1730000	买盘
14:48:27	34.46	--	18	62028	卖盘
14:48:24	34.46	-0.01	3	10338	卖盘
14:48:21	34.47	0.02	6	20682	买盘
14:48:18	34.45	-0.01	6	20670	卖盘
14:48:12	34.46	--	5	17230	买盘
14:48:09	34.46	-0.04	91	313586	卖盘
14:48:06	34.5	0.03	49	169050	买盘
14:48:00	34.47	0.01	7	24129	买盘
14:47:54	34.46	--	10	34460	卖盘
14:47:51	34.46	--	2	6892	买盘
14:47:48	34.46	0.02	28	96488	买盘
14:47:42	34.44	--	60	206640	卖盘
14:47:39	34.44	--	5	17220	卖盘
14:47:33	34.44	0.04	348	1198512	买盘
14:47:30	34.4	--	16	55040	买盘
14:47:27	34.4	--	10	34400	买盘
14:47:24	34.4	--	9	30960	买盘
14:47:21	34.4	0.04	75	258000	买盘
14:47:18	34.36	-0.03	8	27488	卖盘
14:47:15	34.39	--	103	354217	买盘
14:47:12	34.39	-0.01	3	10317	卖盘
14:47:09	34.4	--	5	17200	买盘
14:47:06	34.4	--	2	6880	买盘
14:47:03	34.4	0.01	40	137600	买盘
14:46:54	34.39	--	10	34390	卖盘
14:46:51	34.39	0.01	13	44707	买盘
14:46:48	34.38	-0.02	62	213156	卖盘
14:46:45	34.4	--	2	6880	买盘
14:46:39	34.4	--	10	34400	卖盘
14:46:36	34.4	--	65	223600	买盘
14:46:33	34.4	--	1	3440	买盘
14:46:30	34.4	--	13	44720	买盘
14:46:27	34.4	--	12	41280	买盘
14:46:24	34.4	-0.01	17	58480	中性盘
14:46:18	34.41	0.01	22	75701	买盘
14:46:15	34.4	--	18	61920	买盘
14:46:12	34.4	--	72	247680	卖盘
14:46:09	34.4	--	5	17200	卖盘
14:46:06	34.4	-0.01	20	68800	卖盘
14:46:03	34.41	0.01	418	1438337	买盘
14:46:00	34.4	--	2	6880	卖盘
14:45:57	34.4	-0.01	13	44720	卖盘
14:45:54	34.41	--	1	3440	买盘
14:45:51	34.41	--	1	3440	买盘
14:45:48	34.41	--	144	495503	卖盘
14:45:45	34.41	--	12	41291	卖盘
14:45:42	34.41	-0.02	150	516149	卖盘
14:45:39	34.43	0.01	12	41316	中性盘
14:45:36	34.42	-0.02	123	423366	卖盘
14:45:33	34.44	--	20	68880	买盘
14:45:24	34.44	0.01	1	3444	买盘
14:45:21	34.43	--	5	17215	卖盘
14:45:15	34.43	-0.01	8	27544	中性盘
14:45:06	34.44	--	36	123983	买盘
14:45:03	34.44	--	2	6888	买盘
14:45:00	34.44	--	25	86100	买盘
14:44:57	34.44	--	29	99876	买盘
14:44:54	34.44	-0.01	71	244523	卖盘
14:44:36	34.45	0.01	6	20670	买盘
14:44:33	34.44	--	3	10332	卖盘
14:44:30	34.44	-0.01	8	27552	卖盘
14:44:27	34.45	0.01	20	68900	买盘
14:44:24	34.44	--	16	55104	卖盘
14:44:15	34.44	-0.01	9	30995	卖盘
14:44:09	34.45	--	52	179140	买盘
14:44:06	34.45	--	2	6890	买盘
14:44:03	34.45	0.01	1	3445	买盘
14:43:51	34.44	0.02	32	110208	买盘
14:43:42	34.42	--	12	41304	卖盘
14:43:39	34.42	0.01	135	464670	买盘
14:43:36	34.41	--	9	30968	买盘
14:43:33	34.41	-0.01	30	103229	卖盘
14:43:30	34.42	0.01	5	17210	中性盘
14:43:27	34.41	-0.04	20	68820	卖盘
14:43:21	34.45	0.05	8	27560	买盘
14:43:18	34.4	--	17	58480	卖盘
14:43:15	34.4	-0.05	7	24080	卖盘
14:43:12	34.45	--	94	323830	买盘
14:43:09	34.45	0.02	4	13780	买盘
14:43:06	34.43	0.03	3	10329	买盘
14:43:03	34.4	-0.05	29	99760	卖盘
14:43:00	34.45	0.06	1	3445	买盘
14:42:57	34.39	-0.06	68	233852	卖盘
14:42:54	34.45	--	16	55120	买盘
14:42:48	34.45	-0.01	10	34450	卖盘
14:42:42	34.46	0.04	6	20676	买盘
14:42:36	34.42	-0.03	30	103260	卖盘
14:42:33	34.45	-0.01	15	51675	卖盘
14:42:27	34.46	0.01	11	37906	买盘
14:42:21	34.45	-0.01	3	10335	买盘
14:42:15	34.46	0.06	9	31014	中性盘
14:42:03	34.4	-0.02	12	41280	中性盘
14:42:00	34.42	0.04	2	6884	买盘
14:41:57	34.38	--	6	20628	卖盘
14:41:51	34.38	-0.02	47	161586	卖盘
14:41:48	34.4	--	2	6880	卖盘
14:41:45	34.4	0.02	28	97627	买盘
14:41:33	34.38	0.06	4	15058	买盘
14:41:27	34.32	--	1	3432	卖盘
14:41:24	34.32	--	9	30888	卖盘
14:41:18	34.32	--	22	75504	卖盘
14:41:12	34.32	0.02	52	178464	买盘
14:41:06	34.3	--	51	174930	卖盘
14:41:03	34.3	--	17	58309	卖盘
14:41:00	34.3	0.02	16	56492	买盘
14:40:57	34.28	-0.01	36	123408	卖盘
14:40:54	34.29	0.01	17	58293	中性盘
14:40:51	34.28	-0.02	85	291380	卖盘
14:40:48	34.3	--	17	58309	买盘
14:40:42	34.3	0.02	32	109759	买盘
14:40:39	34.28	-0.01	15	51420	卖盘
14:40:36	34.29	-0.01	26	89154	买盘
14:40:30	34.3	0.02	32	109759	买盘
14:40:27	34.28	0.02	23	78844	买盘
14:40:24	34.26	--	6	20556	卖盘
14:40:21	34.26	-0.03	38	130187	卖盘
14:40:18	34.29	--	37	126873	卖盘
14:40:15	34.29	0.09	42	144018	买盘
14:40:12	34.2	--	25	85500	卖盘
14:40:09	34.2	--	36	123120	卖盘
14:40:06	34.2	-0.08	14	47880	卖盘
14:40:03	34.28	0.1	3	10284	中性盘
14:40:00	34.18	-0.1	45	153810	卖盘
14:39:57	34.28	0.08	63	215964	买盘
14:39:54	34.2	0.02	16	54720	中性盘
14:39:51	34.18	-0.1	45	153810	卖盘
14:39:48	34.28	-0.02	8	27424	中性盘
14:39:45	34.3	0.02	6	20580	买盘
14:39:42	34.28	--	14	47992	买盘
14:39:39	34.28	-0.04	21	71988	卖盘
14:39:36	34.32	--	217	744744	买盘
14:39:33	34.32	-0.01	9	30888	中性盘
14:39:27	34.33	--	95	326135	买盘
14:39:24	34.33	--	33	113289	买盘
14:39:21	34.33	--	15	51495	买盘
14:39:18	34.33	--	15	51495	买盘
14:39:15	34.33	-0.05	91	314531	卖盘
14:39:12	34.38	-0.01	28	96264	卖盘
14:39:09	34.39	0.01	1	3439	买盘
14:39:06	34.38	-0.01	6	21934	卖盘
14:39:03	34.39	-0.01	10	34390	中性盘
14:39:00	34.4	-0.01	70	242932	卖盘
14:38:57	34.41	-0.01	26	89465	买盘
14:38:54	34.42	0.02	3	10326	买盘
14:38:51	34.4	-0.01	76	261440	卖盘
14:38:48	34.41	-0.01	46	158285	卖盘
14:38:45	34.42	-0.02	1	3442	卖盘
14:38:39	34.44	0.01	18	61991	中性盘
14:38:36	34.43	-0.04	165	569403	卖盘
14:38:33	34.47	0.03	4	13788	中性盘
14:38:30	34.44	-0.03	200	688800	卖盘
14:38:27	34.47	--	213	734211	卖盘
14:38:24	34.47	--	86	296442	卖盘
14:38:21	34.47	-0.01	21	72387	卖盘
14:38:18	34.48	--	54	186191	买盘
14:38:15	34.48	--	109	377935	卖盘
14:38:12	34.48	--	5	17240	卖盘
14:38:09	34.48	--	9	31031	卖盘
14:38:06	34.48	--	22	77166	卖盘
14:38:03	34.48	-0.02	68	234463	卖盘
14:38:00	34.5	--	23	79350	买盘
14:37:54	34.5	-0.01	103	355695	卖盘
14:37:51	34.51	--	1	3451	买盘
14:37:48	34.51	--	5	17255	买盘
14:37:45	34.51	--	3	10353	买盘
14:37:39	34.51	0.01	18	62118	买盘
14:37:36	34.5	-0.01	12	42711	卖盘
14:37:33	34.51	-0.04	30	103530	卖盘
14:37:30	34.55	0.05	6	20730	买盘
14:37:27	34.5	-0.02	354	1221300	卖盘
14:37:21	34.52	0.01	2	6904	中性盘
14:37:18	34.51	-0.01	8	27608	卖盘
14:37:15	34.52	--	30	103560	卖盘
14:37:12	34.52	--	17	58684	买盘
14:37:09	34.52	0.01	39	134628	买盘
14:37:06	34.51	--	29	101390	卖盘
14:37:03	34.51	-0.01	17	58667	卖盘
14:36:57	34.52	--	25	86300	买盘
14:36:51	34.52	-0.02	8	27616	买盘
14:36:48	34.54	0.02	1	3454	中性盘
14:36:42	34.52	-0.02	53	182956	卖盘
14:36:39	34.54	0.03	1	3454	买盘
14:36:36	34.51	-0.03	13	46174	卖盘
14:36:33	34.54	0.03	5	17270	买盘
14:36:30	34.51	-0.02	119	410669	卖盘
14:36:27	34.53	-0.02	50	172650	卖盘
14:36:24	34.55	--	3	10365	买盘
14:36:18	34.55	--	9	31094	买盘
14:36:15	34.55	-0.02	11	40976	卖盘
14:36:09	34.57	0.02	3	10371	买盘
14:36:06	34.55	--	5	18587	卖盘
14:36:03	34.55	--	5	17275	卖盘
14:36:00	34.55	--	18	62189	卖盘
14:35:51	34.55	-0.03	100	345500	卖盘
14:35:48	34.58	0.01	20	69160	买盘
14:35:39	34.57	0.01	5	17285	中性盘
14:35:36	34.56	--	5	18593	卖盘
14:35:33	34.56	-0.02	115	397440	卖盘
14:35:30	34.58	--	10	34580	买盘
14:35:27	34.58	0.02	19	65702	买盘
14:35:24	34.56	-0.02	7	24192	卖盘
14:35:21	34.58	0.01	91	314678	买盘
14:35:18	34.57	--	31	107167	买盘
14:35:12	34.57	-0.01	35	120995	中性盘
14:35:09	34.58	--	1	3458	买盘
14:35:06	34.58	0.01	61	212252	买盘
14:35:03	34.57	-0.01	123	425211	卖盘
14:35:00	34.58	--	9	31122	买盘
14:34:57	34.58	0.03	34	117572	买盘
14:34:54	34.55	-0.03	10	34550	卖盘
14:34:51	34.58	--	5	17290	买盘
14:34:48	34.58	--	4	13832	买盘
14:34:45	34.58	0.02	1	3458	买盘
14:34:42	34.56	-0.02	5	17280	中性盘
14:34:39	34.58	0.04	14	48412	买盘
14:34:36	34.54	--	5	18582	卖盘
14:34:33	34.54	-0.04	6	20724	卖盘
14:34:30	34.58	0.04	29	100282	中性盘
14:34:27	34.54	-0.05	10	34540	卖盘
14:34:24	34.59	0.06	7	24213	买盘
14:34:15	34.53	--	24	82872	买盘
14:34:12	34.53	-0.01	4	13812	买盘
14:34:09	34.54	0.02	2	6908	中性盘
14:34:06	34.52	-0.02	5	18571	卖盘
14:34:03	34.54	0.03	3	10362	买盘
14:33:57	34.51	--	1	3451	卖盘
14:33:54	34.51	-0.03	10	34510	卖盘
14:33:51	34.54	0.03	17	58718	买盘
14:33:48	34.51	0.01	9	31059	买盘
14:33:45	34.5	--	78	269100	卖盘
14:33:39	34.5	-0.01	34	117300	卖盘
14:33:36	34.51	0.01	8	28919	买盘
14:33:33	34.5	0.01	6	20700	中性盘
14:33:30	34.49	-0.01	63	217287	卖盘
14:33:24	34.5	--	221	762450	卖盘
14:33:21	34.5	--	14	48300	卖盘
14:33:18	34.5	-0.01	385	1329733	卖盘
14:33:15	34.51	--	7	24157	买盘
14:33:12	34.51	--	31	109120	卖盘
14:33:09	34.51	--	10	34510	卖盘
14:33:06	34.51	--	14	49625	卖盘
14:33:03	34.51	--	3	10353	卖盘
14:33:00	34.51	-0.03	22	75922	卖盘
14:32:57	34.54	0.04	15	51810	买盘
14:32:54	34.5	-0.04	14	48300	卖盘
14:32:51	34.54	0.04	1	3454	买盘
14:32:48	34.5	--	9	31050	卖盘
14:32:45	34.5	-0.03	444	1531800	卖盘
14:32:42	34.53	-0.02	6	20718	卖盘
14:32:39	34.55	0.01	33	114014	买盘
14:32:36	34.54	-0.01	62	214148	卖盘
14:32:30	34.55	--	41	141655	买盘
14:32:27	34.55	-0.03	308	1067422	卖盘
14:32:24	34.58	-0.02	69	238602	卖盘
14:32:21	34.6	--	106	366760	买盘
14:32:18	34.6	--	20	69200	买盘
14:32:15	34.6	0.01	9	31140	买盘
14:32:12	34.59	-0.01	3	10377	卖盘
14:32:09	34.6	--	2	6920	买盘
14:32:06	34.6	--	73	252580	买盘
14:31:54	34.6	-0.02	12	41520	卖盘
14:31:51	34.62	0.02	14	48468	中性盘
14:31:45	34.6	-0.01	50	173000	卖盘
14:31:42	34.61	-0.02	22	76142	卖盘
14:31:36	34.63	0.02	2	6926	买盘
14:31:33	34.61	-0.01	18	62298	卖盘
14:31:27	34.62	0.01	25	86550	买盘
14:31:21	34.61	0.01	1	3461	中性盘
14:31:12	34.6	0.01	25	86500	中性盘
14:31:06	34.59	-0.02	50	172950	卖盘
14:30:51	34.61	--	1	3461	卖盘
14:30:48	34.61	--	7	24227	卖盘
14:30:42	34.61	0.01	5	19554	买盘
14:30:39	34.6	--	1	3460	买盘
14:30:36	34.6	-0.01	19	66951	卖盘
14:30:33	34.61	--	20	69220	买盘
14:30:30	34.61	0.01	10	34610	买盘
14:30:24	34.6	--	1	3460	卖盘
14:30:21	34.6	-0.01	13	44980	卖盘
14:30:18	34.61	--	20	69220	卖盘
14:30:15	34.61	--	6	20766	卖盘
14:30:12	34.61	--	6	20766	买盘
14:30:03	34.61	--	5	17305	卖盘
14:29:57	34.61	--	1	3461	卖盘
14:29:54	34.61	--	8	27688	买盘
14:29:51	34.61	0.01	4	13844	卖盘
14:29:48	34.6	-0.02	50	173000	卖盘
14:29:45	34.62	0.01	10	34620	买盘
14:29:42	34.61	-0.01	5	17305	卖盘
14:29:39	34.62	0.01	11	38082	买盘
14:29:36	34.61	--	1	3461	卖盘
14:29:33	34.61	--	4	13844	卖盘
14:29:27	34.61	--	23	79603	卖盘
14:29:21	34.61	--	2	6922	卖盘
14:29:12	34.61	-0.02	1	3461	卖盘
14:29:06	34.63	0.03	10	34630	买盘
14:29:03	34.6	--	5	17300	卖盘
14:29:00	34.6	--	9	31140	卖盘
14:28:57	34.6	--	1	3460	卖盘
14:28:54	34.6	--	10	34600	卖盘
14:28:51	34.6	--	3	10380	卖盘
14:28:48	34.6	--	10	34600	卖盘
14:28:45	34.6	--	42	145320	卖盘
14:28:39	34.6	--	9	33389	买盘
14:28:36	34.6	--	5	17300	买盘
14:28:33	34.6	--	25	86500	买盘
14:28:27	34.6	0.01	2	6920	买盘
14:28:21	34.59	-0.01	4	13836	卖盘
14:28:18	34.6	--	8	27680	买盘
14:28:15	34.6	0.01	17	58820	买盘
14:28:09	34.59	-0.01	26	89934	卖盘
14:28:03	34.6	0.01	1	3460	买盘
14:28:00	34.59	0.01	13	44967	买盘
14:27:57	34.58	--	3	10374	卖盘
14:27:51	34.58	--	10	36689	卖盘
14:27:48	34.58	-0.01	7	24206	卖盘
14:27:45	34.59	--	6	20754	买盘
14:27:42	34.59	0.02	26	89934	买盘
14:27:36	34.57	-0.01	4	13828	卖盘
14:27:33	34.58	--	8	27664	买盘
14:27:30	34.58	--	6	20748	买盘
14:27:27	34.58	0.01	40	138320	买盘
14:27:24	34.57	--	1	3457	卖盘
14:27:21	34.57	-0.01	9	31113	卖盘
14:27:18	34.58	--	31	107198	买盘
14:27:15	34.58	0.01	2	6916	买盘
14:27:09	34.57	--	2	6914	卖盘
14:27:06	34.57	0.01	4	13828	买盘
14:27:03	34.56	-0.01	6	20736	中性盘
14:27:00	34.57	0.01	55	190135	买盘
14:26:57	34.56	-0.01	24	82944	卖盘
14:26:54	34.57	0.01	1	3457	买盘
14:26:51	34.56	--	30	103680	卖盘
14:26:45	34.56	-0.01	1	3456	买盘
14:26:42	34.57	--	55	190135	买盘
14:26:39	34.57	0.01	12	41484	买盘
14:26:36	34.56	-0.01	4	13824	中性盘
14:26:33	34.57	--	61	210877	买盘
14:26:30	34.57	--	1	3457	买盘
14:26:27	34.57	0.01	59	203963	买盘
14:26:21	34.56	-0.01	16	55296	卖盘
14:26:18	34.57	0.01	6	20742	买盘
14:26:15	34.56	-0.01	2	6912	中性盘
14:26:12	34.57	-0.01	15	51855	中性盘
14:26:06	34.58	--	27	96097	买盘
14:26:03	34.58	--	3	10374	买盘
14:25:57	34.58	--	6	20748	买盘
14:25:54	34.58	--	3	10374	买盘
14:25:51	34.58	-0.01	11	38038	卖盘
14:25:45	34.59	0.04	10	34590	买盘
14:25:42	34.55	-0.04	146	504429	卖盘
14:25:36	34.59	-0.01	7	26945	中性盘
14:25:30	34.6	0.02	42	145320	买盘
14:25:27	34.58	0.02	5	17290	买盘
14:25:21	34.56	-0.02	16	55296	卖盘
14:25:18	34.58	0.02	59	204022	买盘
14:25:15	34.56	--	7	24192	卖盘
14:25:09	34.56	0.02	7	26922	买盘
14:25:06	34.54	-0.01	37	127798	卖盘
14:25:03	34.55	-0.01	50	172750	卖盘
14:25:00	34.56	--	6	20736	买盘
14:24:57	34.56	--	4	13824	买盘
14:24:54	34.56	0.04	50	172800	买盘
14:24:51	34.52	-0.03	14	48328	卖盘
14:24:48	34.55	--	3	10365	买盘
14:24:45	34.55	--	60	207299	买盘
14:24:36	34.55	0.04	64	221119	买盘
14:24:33	34.51	-0.01	42	144942	卖盘
14:24:30	34.52	--	21	72492	卖盘
14:24:27	34.52	--	12	41424	买盘
14:24:24	34.52	--	10	34520	买盘
14:24:21	34.52	-0.03	15	51780	卖盘
14:24:18	34.55	--	4	13819	买盘
14:24:15	34.55	0.04	13	44914	买盘
14:24:12	34.51	-0.01	50	172550	卖盘
14:24:09	34.52	-0.04	5	17260	卖盘
14:24:06	34.56	0.06	44	152064	买盘
14:24:03	34.5	-0.01	179	617550	卖盘
14:24:00	34.51	-0.01	7	24157	买盘
14:23:57	34.52	0.01	368	1270336	买盘
14:23:54	34.51	--	3	10353	卖盘
14:23:51	34.51	-0.05	45	155295	卖盘
14:23:48	34.56	0.06	5	17280	买盘
14:23:45	34.5	-0.01	54	186300	卖盘
14:23:42	34.51	-0.01	38	131138	卖盘
14:23:39	34.52	0.01	23	79396	卖盘
14:23:36	34.51	-0.06	10	34510	卖盘
14:23:33	34.57	0.06	49	169393	买盘
14:23:30	34.51	-0.03	2	6902	中性盘
14:23:27	34.54	--	122	421388	买盘
14:23:21	34.54	0.04	110	379940	买盘
14:23:18	34.5	-0.04	30	103500	卖盘
14:23:15	34.54	-0.01	56	193424	买盘
14:23:12	34.55	0.04	7	24184	卖盘
14:23:09	34.51	-0.07	200	690200	卖盘
14:23:06	34.58	0.04	14	48412	买盘
14:23:03	34.54	-0.05	270	932580	卖盘
14:23:00	34.59	0.01	9	31131	买盘
14:22:57	34.58	--	24	82992	卖盘
14:22:54	34.58	--	16	55328	卖盘
14:22:51	34.58	--	75	259350	卖盘
14:22:48	34.58	-0.01	42	145236	卖盘
14:22:45	34.59	--	43	148737	买盘
14:22:42	34.59	--	3	10377	买盘
14:22:39	34.59	-0.01	15	51885	卖盘
14:22:36	34.6	0.01	10	34600	买盘
14:22:33	34.59	-0.01	5	17295	卖盘
14:22:30	34.6	--	8	27680	买盘
14:22:24	34.6	--	3	10380	买盘
14:22:21	34.6	--	2	6920	买盘
14:22:18	34.6	-0.05	15	53111	卖盘
14:22:15	34.65	0.05	1	3465	买盘
14:22:12	34.6	-0.05	206	712760	卖盘
14:22:09	34.65	--	2	6930	买盘
14:22:06	34.65	-0.01	17	58905	卖盘
14:21:54	34.66	0.06	3	10397	买盘
14:21:48	34.6	-0.05	301	1041460	卖盘
14:21:45	34.65	0.01	3	10395	买盘
14:21:42	34.64	-0.02	45	155880	卖盘
14:21:39	34.66	0.01	14	48523	买盘
14:21:36	34.65	-0.01	30	103950	卖盘
14:21:33	34.66	0.01	1	3465	买盘
14:21:27	34.65	--	17	58905	卖盘
14:21:24	34.65	--	9	31185	卖盘
14:21:21	34.65	-0.01	4	13860	卖盘
14:21:15	34.66	-0.02	5	17330	卖盘
14:21:09	34.68	--	1	3468	卖盘
14:21:06	34.68	0.02	4	13872	中性盘
14:20:57	34.66	-0.02	31	107445	卖盘
14:20:54	34.68	-0.01	15	52020	中性盘
14:20:51	34.69	0.02	6	20814	买盘
14:20:48	34.67	-0.01	13	45071	卖盘
14:20:45	34.68	--	19	65892	买盘
14:20:42	34.68	--	10	34680	买盘
14:20:39	34.68	--	62	215016	卖盘
14:20:24	34.68	--	23	79764	卖盘
14:20:21	34.68	-0.01	10	34680	卖盘
14:20:18	34.69	-0.01	8	27752	卖盘
14:20:09	34.7	0.01	20	69400	买盘
14:20:06	34.69	-0.01	7	24283	卖盘
14:20:00	34.7	--	3	10410	买盘
14:19:57	34.7	--	33	115863	卖盘
14:19:51	34.7	--	0	2116	买盘
14:19:48	34.7	--	1	3470	买盘
14:19:42	34.7	--	5	17350	买盘
14:19:39	34.7	--	8	27760	买盘
14:19:33	34.7	--	1	3470	买盘
14:19:30	34.7	--	93	324063	卖盘
14:19:27	34.7	--	39	135330	卖盘
14:19:21	34.7	--	19	68046	买盘
14:19:18	34.7	--	1	3470	买盘
14:19:12	34.7	--	14	49933	卖盘
14:19:09	34.7	--	17	61106	买盘
14:19:03	34.7	0.01	6	20820	买盘
14:19:00	34.69	-0.01	11	38159	卖盘
14:18:57	34.7	--	26	90220	买盘
14:18:51	34.7	--	73	254663	卖盘
14:18:45	34.7	-0.06	107	371290	卖盘
14:18:42	34.76	0.06	181	631276	买盘
14:18:39	34.7	--	9	31230	买盘
14:18:30	34.7	--	108	376113	卖盘
14:18:24	34.7	--	1	3470	卖盘
14:18:21	34.7	--	7	24290	卖盘
14:18:18	34.7	0.05	103	359526	买盘
14:18:09	34.65	--	4	13860	买盘
14:18:06	34.65	-0.04	42	145530	卖盘
14:18:03	34.69	0.01	5	17345	买盘
14:17:57	34.68	-0.01	2	6936	卖盘
14:17:45	34.69	-0.01	36	124883	卖盘
14:17:42	34.7	0.01	6	20820	买盘
14:17:36	34.69	--	8	27752	卖盘
14:17:33	34.69	0.01	30	104070	买盘
14:17:30	34.68	--	26	90168	买盘
14:17:27	34.68	0.03	5	17340	买盘
14:17:24	34.65	-0.03	2	6930	卖盘
14:17:18	34.68	--	9	31212	买盘
14:17:15	34.68	--	90	312120	卖盘
14:17:12	34.68	--	18	62424	卖盘
14:17:09	34.68	--	13	45084	卖盘
14:17:06	34.68	--	13	45084	卖盘
14:16:57	34.68	--	10	34680	卖盘
14:16:54	34.68	--	4	13872	卖盘
14:16:51	34.68	--	8	27744	卖盘
14:16:48	34.68	0.08	167	579156	买盘
14:16:45	34.6	-0.08	208	719680	卖盘
14:16:33	34.68	-0.02	25	86700	卖盘
14:16:30	34.7	--	1	3470	买盘
14:16:27	34.7	-0.04	335	1162450	卖盘
14:16:24	34.74	0.03	12	41688	中性盘
14:16:21	34.71	-0.04	4	13884	卖盘
14:16:18	34.75	--	4	13900	买盘
14:16:12	34.75	--	5	17375	买盘
14:16:09	34.75	0.04	23	79925	买盘
14:16:06	34.71	-0.04	23	79833	中性盘
14:16:03	34.75	0.05	26	90350	买盘
14:16:00	34.7	--	4	13880	卖盘
14:15:54	34.7	-0.05	100	347000	卖盘
14:15:51	34.75	--	6	20850	卖盘
14:15:48	34.75	-0.02	11	38225	卖盘
14:15:36	34.77	0.12	3	10431	买盘
14:15:30	34.65	-0.1	204	707137	卖盘
14:15:27	34.75	0.05	32	111200	买盘
14:15:24	34.7	-0.05	2	6940	卖盘
14:15:18	34.75	-0.02	15	52125	买盘
14:15:09	34.77	0.02	1	3477	卖盘
14:15:00	34.75	0.05	1	3475	买盘
14:14:57	34.7	-0.08	200	694000	卖盘
14:14:54	34.78	--	15	52170	卖盘
14:14:51	34.78	0.03	5	17390	中性盘
14:14:48	34.75	--	2	6950	卖盘
14:14:45	34.75	-0.03	99	344025	卖盘
14:14:39	34.78	-0.02	4	13912	卖盘
14:14:33	34.8	--	133	462839	买盘
14:14:30	34.8	--	55	191399	买盘
14:14:27	34.8	-0.01	68	237997	卖盘
14:14:21	34.81	--	2	6962	卖盘
14:14:15	34.81	-0.01	3	10443	中性盘
14:14:09	34.82	--	4	13928	买盘
14:14:06	34.82	-0.02	1	3482	中性盘
14:13:57	34.84	--	10	34840	买盘
14:13:51	34.84	0.04	1	3484	买盘
14:13:36	34.8	--	2	8943	卖盘
14:13:30	34.8	--	1	3479	卖盘
14:13:18	34.8	--	67	233299	买盘
14:13:09	34.8	0.02	12	41760	买盘
14:13:06	34.78	-0.02	14	50674	卖盘
14:13:00	34.8	--	1	3479	买盘
14:12:57	34.8	0.02	5	17400	买盘
14:12:54	34.78	-0.02	33	114774	卖盘
14:12:48	34.8	--	1	3479	买盘
14:12:45	34.8	0.02	15	52199	买盘
14:12:42	34.78	-0.02	7	24346	卖盘
14:12:36	34.8	-0.01	2	6959	买盘
14:12:24	34.81	0.02	4	17265	卖盘
14:12:21	34.79	0.01	16	55803	买盘
14:12:18	34.78	--	25	86950	买盘
14:12:15	34.78	-0.02	163	570252	卖盘
14:12:00	34.8	--	7	24499	买盘
14:11:45	34.8	0.01	50	174000	买盘
14:11:42	34.79	-0.01	34	118286	卖盘
14:11:36	34.8	--	40	139200	买盘
14:11:27	34.8	0.01	6	20880	买盘
14:11:18	34.79	--	23	80017	卖盘
14:11:12	34.79	--	5	17395	买盘
14:11:09	34.79	-0.01	2	6958	卖盘
14:11:03	34.8	--	2	6959	买盘
14:11:00	34.8	--	3	10440	买盘
14:10:57	34.8	--	3	10440	买盘
14:10:42	34.8	-0.01	46	160080	卖盘
14:10:39	34.81	0.01	37	128797	中性盘
14:10:09	34.8	-0.04	253	880439	卖盘
14:10:00	34.84	-0.01	5	17420	卖盘
14:09:57	34.85	0.02	4	13940	中性盘
14:09:51	34.83	-0.04	10	34830	卖盘
14:09:48	34.87	0.04	6	20922	买盘
14:09:45	34.83	-0.01	23	80109	卖盘
14:09:42	34.84	--	5	17420	买盘
14:09:39	34.84	-0.04	2	6968	卖盘
14:09:33	34.88	--	2	6976	买盘
14:09:30	34.88	--	20	69760	买盘
14:09:27	34.88	0.03	5	17440	买盘
14:09:24	34.85	--	58	202130	卖盘
14:09:09	34.85	-0.03	50	174250	卖盘
14:09:06	34.88	-0.01	36	125568	卖盘
14:08:57	34.89	--	21	73269	卖盘
14:08:54	34.89	--	50	174450	卖盘
14:08:51	34.89	--	4	13956	卖盘
14:08:45	34.89	-0.01	30	104670	卖盘
14:08:36	34.9	0.01	7	24430	买盘
14:08:33	34.89	-0.01	6	20934	卖盘
14:08:18	34.9	--	8	27920	买盘
14:08:12	34.9	--	25	87250	买盘
14:08:06	34.9	--	43	150070	卖盘
14:08:03	34.9	--	1	3490	卖盘
14:08:00	34.9	-0.02	6	20940	卖盘
14:07:57	34.92	0.03	7	24444	买盘
14:07:51	34.89	-0.03	7	24423	卖盘
14:07:33	34.92	--	4	13968	买盘
14:07:24	34.92	--	6	24304	卖盘
14:07:18	34.92	--	10	34920	卖盘
14:07:09	34.92	0.02	31	108391	买盘
14:07:03	34.9	--	5	17450	买盘
14:07:00	34.9	--	26	94090	卖盘
14:06:54	34.9	--	2	6980	卖盘
14:06:45	34.9	--	10	34900	卖盘
14:06:42	34.9	-0.01	38	132620	卖盘
14:06:39	34.91	0.01	9	31418	买盘
14:06:36	34.9	--	2	7119	卖盘
14:06:30	34.9	--	27	94230	卖盘
14:06:24	34.9	--	30	104700	卖盘
14:06:21	34.9	--	5	17450	买盘
14:06:18	34.9	0.01	7	24430	买盘
14:06:15	34.89	--	10	34890	卖盘
14:06:12	34.89	--	34	118626	卖盘
14:06:09	34.89	-0.01	10	34890	卖盘
14:06:06	34.9	0.01	5	17589	买盘
14:05:57	34.89	-0.01	11	38379	卖盘
14:05:54	34.9	--	12	41880	买盘
14:05:51	34.9	--	10	34900	买盘
14:05:48	34.9	--	4	13960	买盘
14:05:42	34.9	--	8	27920	买盘
14:05:36	34.9	--	21	73290	卖盘
14:05:33	34.9	--	44	153560	买盘
14:05:21	34.9	0.01	2	6980	买盘
14:05:18	34.89	--	7	24423	卖盘
14:05:15	34.89	-0.01	23	80247	卖盘
14:05:12	34.9	--	1	3490	买盘
14:04:39	34.9	0.02	12	41880	买盘
14:04:36	34.88	-0.02	5	17440	卖盘
14:04:33	34.9	--	7	24430	买盘
14:04:30	34.9	--	13	45370	买盘
14:04:27	34.9	0.01	18	62820	买盘
14:04:24	34.89	-0.01	5	17445	中性盘
14:04:21	34.9	0.02	15	52350	买盘
14:04:18	34.88	--	9	31392	卖盘
14:04:06	34.88	-0.01	24	83712	卖盘
14:04:00	34.89	0.01	3	10467	中性盘
14:03:51	34.88	--	2	6976	卖盘
14:03:39	34.88	-0.01	10	34880	卖盘
14:03:36	34.89	--	3	10467	买盘
14:03:33	34.89	-0.01	15	52335	卖盘
14:03:27	34.9	--	16	55840	买盘
14:03:24	34.9	--	13	45370	买盘
14:03:21	34.9	--	2	6980	卖盘
14:03:18	34.9	-0.03	30	104700	卖盘
14:03:15	34.93	0.03	1	3493	买盘
14:03:06	34.9	-0.03	5	17450	卖盘
14:03:03	34.93	--	10	34930	买盘
14:02:57	34.93	0.02	25	87325	买盘
14:02:51	34.91	--	2	6981	卖盘
14:02:48	34.91	-0.02	10	34910	卖盘
14:02:39	34.93	-0.01	14	48902	中性盘
14:02:30	34.94	-0.01	20	69880	中性盘
14:02:18	34.95	--	3	10485	买盘
14:02:12	34.95	--	25	87375	买盘
14:02:09	34.95	0.05	10	34950	买盘
14:02:00	34.9	-0.05	14	48860	卖盘
14:01:57	34.95	--	33	115335	买盘
14:01:54	34.95	--	3	10485	买盘
14:01:51	34.95	0.04	4	13980	卖盘
14:01:48	34.91	-0.04	34	118693	卖盘
14:01:45	34.95	--	11	38445	买盘
14:01:42	34.95	--	12	41940	买盘
14:01:33	34.95	--	308	1078382	卖盘
14:01:30	34.95	-0.01	50	174750	卖盘
14:01:27	34.96	0.01	61	213256	买盘
14:01:24	34.95	--	20	69900	卖盘
14:01:21	34.95	-0.01	12	41940	卖盘
14:01:18	34.96	0.01	3	10488	买盘
14:01:12	34.95	--	20	69900	卖盘
14:01:06	34.95	0.07	199	697077	买盘
14:01:03	34.88	-0.02	25	87200	卖盘
14:01:00	34.9	0.02	1	3490	买盘
14:00:57	34.88	--	6	20928	卖盘
14:00:54	34.88	--	6	20928	卖盘
14:00:51	34.88	-0.02	3	10464	卖盘
14:00:48	34.9	0.02	2	6980	买盘
14:00:45	34.88	-0.01	6	20928	卖盘
14:00:39	34.89	-0.01	34	120544	卖盘
14:00:33	34.9	--	23	81840	买盘
14:00:30	34.9	0.01	113	394370	买盘
14:00:27	34.89	0.01	10	34890	买盘
14:00:24	34.88	--	13	45344	买盘
14:00:21	34.88	--	1	3488	买盘
14:00:18	34.88	-0.01	9	31392	卖盘
14:00:15	34.89	-0.01	6	20934	买盘
14:00:12	34.9	0.02	30	104700	买盘
14:00:09	34.88	-0.01	17	59296	卖盘
14:00:03	34.89	--	6	20934	买盘
14:00:00	34.89	--	8	27912	买盘
13:59:57	34.89	-0.01	2	6978	中性盘
13:59:48	34.9	--	91	317590	买盘
13:59:45	34.9	0.02	7	24430	买盘
13:59:42	34.88	-0.02	31	108128	中性盘
13:59:39	34.9	--	31	108190	买盘
13:59:36	34.9	--	41	143090	买盘
13:59:33	34.9	--	29	101210	买盘
13:59:30	34.9	--	13	45370	买盘
13:59:27	34.9	--	29	101210	买盘
13:59:21	34.9	--	2	6980	买盘
13:59:18	34.9	--	46	162459	卖盘
13:59:12	34.9	--	0	1570	买盘
13:59:09	34.9	0.04	15	52350	买盘
13:59:06	34.86	-0.04	35	122010	卖盘
13:59:03	34.9	0.03	131	457190	买盘
13:59:00	34.87	0.01	15	52304	买盘
13:58:51	34.86	--	11	38346	买盘
13:58:45	34.86	0.03	49	170814	买盘
13:58:42	34.83	--	23	80109	卖盘
13:58:39	34.83	--	14	48762	买盘
13:58:36	34.83	--	31	107973	买盘
13:58:33	34.83	--	25	87075	买盘
13:58:30	34.83	0.01	141	491103	买盘
13:58:27	34.82	0.02	3	10446	中性盘
13:58:24	34.8	-0.03	20	69600	卖盘
13:58:21	34.83	--	3	10449	买盘
13:58:18	34.83	0.03	40	139320	买盘
13:58:15	34.8	-0.03	100	348000	卖盘
13:58:12	34.83	0.01	17	59211	买盘
13:58:06	34.82	0.02	28	97496	买盘
13:58:03	34.8	--	69	240119	买盘
13:58:00	34.8	0.01	1	3479	买盘
13:57:51	34.79	-0.01	30	104370	中性盘
13:57:48	34.8	0.01	133	462839	买盘
13:57:45	34.79	--	3	10437	买盘
13:57:36	34.79	0.01	10	34790	买盘
13:57:27	34.78	-0.01	1	3478	卖盘
13:57:24	34.79	0.01	8	27832	买盘
13:57:21	34.78	-0.01	2	6956	卖盘
13:57:18	34.79	0.01	1	3479	中性盘
13:57:15	34.78	--	23	79994	卖盘
13:56:54	34.78	0.01	4	13912	买盘
13:56:51	34.77	0.02	10	34770	买盘
13:56:45	34.75	-0.02	24	83400	卖盘
13:56:42	34.77	0.01	6	20862	买盘
13:56:39	34.76	0.02	12	41712	买盘
13:56:30	34.74	--	57	198018	买盘
13:56:27	34.74	--	41	142434	买盘
13:56:15	34.74	--	1	3474	买盘
13:56:12	34.74	-0.01	56	194544	卖盘
13:56:06	34.75	-0.01	16	55600	卖盘
13:55:45	34.76	0.01	2	6952	买盘
13:55:42	34.75	-0.01	23	79925	卖盘
13:55:21	34.76	--	59	205084	卖盘
13:55:06	34.76	-0.01	8	27808	卖盘
13:55:00	34.77	-0.01	21	73017	卖盘
13:54:36	34.78	-0.02	2	6956	中性盘
13:54:15	34.8	0.02	100	348000	买盘
13:54:03	34.78	-0.02	23	79994	卖盘
13:53:57	34.8	0.02	1	3479	买盘
13:53:42	34.78	-0.02	3	10434	卖盘
13:53:39	34.8	0.01	18	62639	买盘
13:53:27	34.79	-0.01	7	24353	卖盘
13:53:24	34.8	--	2	6959	买盘
13:53:21	34.8	--	12	41760	卖盘
13:53:09	34.8	-0.02	3	10440	卖盘
13:53:06	34.82	0.02	30	104460	买盘
13:53:00	34.8	--	5	17400	卖盘
13:52:57	34.8	--	8	27839	卖盘
13:52:54	34.8	-0.01	11	38280	卖盘
13:52:33	34.81	0.01	53	184493	买盘
13:52:30	34.8	--	2	6959	卖盘
13:52:27	34.8	--	20	69600	卖盘
13:52:18	34.8	0.01	194	675120	买盘
13:52:12	34.79	--	3	10437	买盘
13:52:09	34.79	--	1	3479	买盘
13:51:57	34.79	0.02	42	146118	买盘
13:51:54	34.77	-0.03	19	66063	卖盘
13:51:51	34.8	0.02	3	10440	买盘
13:51:48	34.78	--	2	6956	买盘
13:51:45	34.78	-0.02	6	20868	卖盘
13:51:39	34.8	-0.02	3	10440	买盘
13:51:27	34.82	0.02	21	73122	买盘
13:51:21	34.8	-0.02	17	59159	卖盘
13:51:15	34.82	0.02	26	90532	买盘
13:51:12	34.8	0.03	133	462839	买盘
13:51:09	34.77	--	16	55632	中性盘
13:51:06	34.77	0.02	4	13908	中性盘
13:51:00	34.75	-0.02	23	82253	卖盘
13:50:57	34.77	0.02	1	3477	买盘
13:50:54	34.75	-0.02	25	86875	卖盘
13:50:48	34.77	--	4	13908	买盘
13:50:45	34.77	--	4	13908	买盘
13:50:33	34.77	0.02	8	27816	买盘
13:50:30	34.75	0.01	41	142475	买盘
13:50:27	34.74	-0.01	6	20844	买盘
13:50:12	34.75	0.04	6	20850	买盘
13:50:09	34.71	--	7	24297	卖盘
13:50:06	34.71	-0.04	30	104130	卖盘
13:50:03	34.75	-0.01	3	10425	买盘
13:50:00	34.76	0.06	15	52140	中性盘
13:49:51	34.7	-0.02	29	100630	卖盘
13:49:45	34.72	-0.04	21	72912	卖盘
13:49:39	34.76	--	11	38236	买盘
13:49:33	34.76	-0.01	7	24332	卖盘
13:49:27	34.77	--	2	8101	卖盘
13:49:21	34.77	--	1	5806	卖盘
13:49:18	34.77	-0.01	233	810141	卖盘
13:49:15	34.78	-0.01	2	6956	中性盘
13:49:06	34.79	0.01	35	121765	买盘
13:49:00	34.78	--	7	24346	买盘
13:48:57	34.78	--	14	48692	卖盘
13:48:54	34.78	--	50	173900	卖盘
13:48:51	34.78	--	21	73038	卖盘
13:48:48	34.78	-0.01	18	62604	卖盘
13:48:45	34.79	0.01	12	41748	买盘
13:48:39	34.78	--	3	10434	卖盘
13:48:30	34.78	0.04	3	10434	买盘
13:48:24	34.74	-0.03	7	24318	卖盘
13:48:21	34.77	--	23	79971	卖盘
13:48:15	34.77	-0.03	36	125172	中性盘
13:48:09	34.8	0.02	43	149640	买盘
13:48:03	34.78	0.01	75	260850	买盘
13:48:00	34.77	0.01	3	10431	买盘
13:47:51	34.76	0.02	9	31284	买盘
13:47:42	34.74	0.05	100	347400	买盘
13:47:39	34.69	--	7	24283	卖盘
13:47:36	34.69	-0.01	114	395466	卖盘
13:47:33	34.7	0.01	11	38170	买盘
13:47:30	34.69	-0.01	41	142229	卖盘
13:47:27	34.7	--	36	124920	买盘
13:47:24	34.7	0.01	4	13880	买盘
13:47:21	34.69	--	66	228953	卖盘
13:47:15	34.69	-0.01	10	34690	中性盘
13:47:09	34.7	0.03	50	173500	买盘
13:47:06	34.67	-0.02	6	20802	卖盘
13:47:03	34.69	0.06	6	20814	买盘
13:47:00	34.63	-0.07	30	103890	卖盘
13:46:48	34.7	0.07	19	65930	买盘
13:46:42	34.63	-0.04	10	34630	卖盘
13:46:36	34.67	0.04	69	239223	买盘
13:46:33	34.63	--	10	34630	买盘
13:46:30	34.63	--	18	62334	买盘
13:46:27	34.63	--	2	6926	买盘
13:46:24	34.63	-0.01	7	24241	卖盘
13:46:18	34.64	0.03	2	6928	买盘
13:46:09	34.61	-0.01	38	131518	卖盘
13:46:06	34.62	-0.02	1	3461	卖盘
13:46:03	34.64	0.02	6	20784	买盘
13:46:00	34.62	0.01	17	58853	买盘
13:45:57	34.61	--	10	34610	买盘
13:45:54	34.61	0.01	10	34610	卖盘
13:45:51	34.6	-0.02	49	169540	卖盘
13:45:48	34.62	0.02	22	76164	买盘
13:45:45	34.6	--	12	41520	卖盘
13:45:42	34.6	0.02	31	107260	买盘
13:45:39	34.58	-0.02	20	69160	卖盘
13:45:36	34.6	0.02	41	141860	中性盘
13:45:33	34.58	--	73	252434	卖盘
13:45:30	34.58	-0.02	20	70889	卖盘
13:45:27	34.6	--	5	17300	买盘
13:45:24	34.6	0.03	57	197220	买盘
13:45:21	34.57	--	22	76054	卖盘
13:45:18	34.57	--	1	3457	卖盘
13:45:15	34.57	--	26	89882	买盘
13:45:12	34.57	--	30	103710	买盘
13:45:09	34.57	--	45	155565	买盘
13:45:06	34.57	--	1	3457	买盘
13:45:03	34.57	--	56	193592	买盘
13:45:00	34.57	--	125	432125	卖盘
13:44:57	34.57	-0.01	50	172850	卖盘
13:44:48	34.58	--	20	69160	买盘
13:44:45	34.58	-0.02	16	55328	卖盘
13:44:42	34.6	0.03	6	20760	买盘
13:44:39	34.57	--	12	41484	卖盘
13:44:36	34.57	-0.02	59	203963	卖盘
13:44:33	34.59	--	9	31131	买盘
13:44:30	34.59	0.01	6	20754	买盘
13:44:27	34.58	0.01	2	6916	中性盘
13:44:24	34.57	-0.02	1	3457	卖盘
13:44:18	34.59	0.01	35	121065	买盘
13:44:15	34.58	--	33	114114	买盘
13:44:09	34.58	--	2	6916	买盘
13:44:06	34.58	-0.01	19	65702	卖盘
13:44:03	34.59	0.01	7	24213	买盘
13:43:57	34.58	-0.01	65	224770	卖盘
13:43:54	34.59	--	12	41508	买盘
13:43:51	34.59	--	1	3459	买盘
13:43:48	34.59	-0.01	2	6918	卖盘
13:43:42	34.6	--	10	34600	买盘
13:43:36	34.6	-0.01	32	112450	卖盘
13:43:24	34.61	0.01	8	27688	卖盘
13:43:15	34.6	--	195	676430	买盘
13:43:12	34.6	--	10	36330	卖盘
13:43:09	34.6	--	16	55360	卖盘
13:43:06	34.6	-0.04	196	679890	卖盘
13:43:03	34.64	0.04	6	20784	买盘
13:43:00	34.6	-0.05	500	1730000	卖盘
13:42:57	34.65	--	3	10395	买盘
13:42:51	34.65	--	29	100485	卖盘
13:42:48	34.65	--	5	17325	卖盘
13:42:42	34.65	--	43	148995	卖盘
13:42:39	34.65	--	2	6930	卖盘
13:42:33	34.65	--	8	27720	卖盘
13:42:30	34.65	--	3	10395	卖盘
13:42:21	34.65	-0.03	77	266805	卖盘
13:42:09	34.68	--	3	10404	买盘
13:42:03	34.68	--	17	58956	卖盘
13:41:57	34.68	--	7	24276	卖盘
13:41:54	34.68	-0.01	9	31212	卖盘
13:41:51	34.69	0.01	5	17345	买盘
13:41:48	34.68	--	21	72828	卖盘
13:41:39	34.68	--	50	173400	卖盘
13:41:36	34.68	--	3	10404	卖盘
13:41:33	34.68	-0.01	9	31212	卖盘
13:41:30	34.69	0.01	21	72849	买盘
13:41:27	34.68	-0.01	2	6936	卖盘
13:41:24	34.69	--	2	6938	卖盘
13:41:18	34.69	--	50	173450	买盘
13:41:12	34.69	--	44	152636	卖盘
13:41:09	34.69	--	12	41628	卖盘
13:41:00	34.69	--	2	6938	卖盘
13:40:57	34.69	--	1	3469	卖盘
13:40:51	34.69	--	5	17345	卖盘
13:40:48	34.69	--	2	6938	卖盘
13:40:45	34.69	0.01	13	45097	买盘
13:40:39	34.68	-0.01	10	34680	卖盘
13:40:33	34.69	-0.01	31	107539	卖盘
13:40:27	34.7	0.01	2	6940	买盘
13:40:24	34.69	-0.01	43	149167	卖盘
13:40:21	34.7	0.01	11	38170	买盘
13:40:18	34.69	--	38	131822	卖盘
13:40:12	34.69	--	9	31220	卖盘
13:40:09	34.69	--	8	27752	卖盘
13:40:06	34.69	--	3	10407	卖盘
13:40:03	34.69	-0.01	1	3469	卖盘
13:40:00	34.7	--	39	135330	卖盘
13:39:57	34.7	--	51	176970	卖盘
13:39:54	34.7	--	23	79810	卖盘
13:39:48	34.7	--	30	104100	卖盘
13:39:39	34.7	--	3	10410	卖盘
13:39:33	34.7	-0.04	100	347000	卖盘
13:39:30	34.74	0.01	5	17370	买盘
13:39:18	34.73	--	4	13891	卖盘
13:39:15	34.73	0.03	4	13891	买盘
13:39:09	34.7	-0.03	103	357410	卖盘
13:39:06	34.73	--	1	3472	买盘
13:39:03	34.73	-0.01	5	17365	中性盘
13:38:54	34.74	0.03	2	6948	买盘
13:38:48	34.71	0.01	2	6942	买盘
13:38:45	34.7	-0.01	9	31230	卖盘
13:38:42	34.71	0.01	1	3471	卖盘
13:38:39	34.7	--	10	34700	卖盘
13:38:36	34.7	--	17	58990	卖盘
13:38:33	34.7	--	32	111040	卖盘
13:38:30	34.7	--	2	6940	卖盘
13:38:27	34.7	--	45	156150	买盘
13:38:24	34.7	0.02	14	48580	买盘
13:38:21	34.68	--	80	277440	卖盘
13:38:18	34.68	--	39	135252	卖盘
13:38:15	34.68	-0.01	1	3468	卖盘
13:38:12	34.69	0.02	5	17345	买盘
13:38:06	34.67	-0.01	10	34670	卖盘
13:38:03	34.68	-0.02	1	3468	中性盘
13:37:54	34.7	--	31	107570	买盘
13:37:51	34.7	0.04	5	17350	买盘
13:37:48	34.66	--	5	17330	卖盘
13:37:45	34.66	-0.02	1	3465	卖盘
13:37:42	34.68	0.02	10	34680	中性盘
13:37:36	34.66	-0.04	23	79717	卖盘
13:37:30	34.7	0.02	3	10410	买盘
13:37:27	34.68	0.03	9	31212	中性盘
13:37:18	34.65	--	1	3465	卖盘
13:37:12	34.65	--	1	3465	卖盘
13:37:06	34.65	--	32	110880	卖盘
13:37:03	34.65	0.02	33	114345	买盘
13:37:00	34.63	--	53	183539	买盘
13:36:54	34.63	-0.01	8	27704	中性盘
13:36:51	34.64	-0.01	3	10392	卖盘
13:36:48	34.65	0.02	12	41580	买盘
13:36:45	34.63	-0.01	48	166224	卖盘
13:36:42	34.64	--	29	100456	买盘
13:36:39	34.64	--	7	24248	买盘
13:36:36	34.64	--	25	86600	买盘
13:36:33	34.64	--	6	20784	卖盘
13:36:30	34.64	-0.01	1	3464	卖盘
13:36:27	34.65	--	25	86625	买盘
13:36:24	34.65	--	57	197505	卖盘
13:36:21	34.65	-0.01	60	207900	卖盘
13:36:18	34.66	-0.04	11	38125	卖盘
13:36:15	34.7	0.04	1	3470	买盘
13:36:12	34.66	--	8	27727	卖盘
13:36:06	34.66	-0.04	208	720927	卖盘
13:36:03	34.7	--	6	20820	卖盘
13:35:57	34.7	--	213	739110	卖盘
13:35:54	34.7	--	6	20820	卖盘
13:35:51	34.7	-0.06	1	3470	卖盘
13:35:48	34.76	0.06	8	27808	买盘
13:35:45	34.7	-0.01	3	10410	卖盘
13:35:42	34.71	--	9	31239	卖盘
13:35:39	34.71	-0.05	111	385281	卖盘
13:35:36	34.76	--	9	31284	卖盘
13:35:33	34.76	-0.01	7	24332	卖盘
13:35:30	34.77	0.01	7	24339	买盘
13:35:27	34.76	--	1	3476	卖盘
13:35:24	34.76	--	50	173800	卖盘
13:35:21	34.76	--	76	264176	卖盘
13:35:18	34.76	-0.01	21	72996	卖盘
13:35:15	34.77	0.01	20	69540	买盘
13:35:12	34.76	--	7	24332	卖盘
13:35:09	34.76	--	3	10428	卖盘
13:35:03	34.76	--	3	10428	卖盘
13:35:00	34.76	-0.01	81	281556	卖盘
13:34:57	34.77	--	14	48678	买盘
13:34:51	34.77	--	13	45201	买盘
13:34:48	34.77	0.01	2	6954	买盘
13:34:45	34.76	-0.01	2	6952	卖盘
13:34:39	34.77	--	20	69540	卖盘
13:34:36	34.77	--	50	173850	卖盘
13:34:33	34.77	-0.01	6	20862	卖盘
13:34:21	34.78	0.01	7	24346	买盘
13:34:12	34.77	-0.01	4	13908	卖盘
13:34:03	34.78	0.01	1	3478	买盘
13:34:00	34.77	--	2	6954	买盘
13:33:54	34.77	-0.01	18	62586	卖盘
13:33:42	34.78	0.01	8	27824	买盘
13:33:39	34.77	--	11	38247	卖盘
13:33:36	34.77	--	1	3477	卖盘
13:33:33	34.77	--	3	10431	卖盘
13:33:30	34.77	--	24	83448	卖盘
13:33:27	34.77	--	35	121695	卖盘
13:33:24	34.77	--	4	13908	卖盘
13:33:21	34.77	-0.01	14	48678	卖盘
13:33:15	34.78	--	3	10434	买盘
13:33:12	34.78	0.01	9	31302	买盘
13:33:06	34.77	--	2	6954	卖盘
13:33:03	34.77	--	3	10431	卖盘
13:32:57	34.77	0.01	62	215574	买盘
13:32:51	34.76	-0.01	2	6952	卖盘
13:32:48	34.77	--	3	10431	买盘
13:32:45	34.77	0.01	11	38247	买盘
13:32:42	34.76	-0.01	12	41712	卖盘
13:32:39	34.77	--	4	13908	买盘
13:32:36	34.77	--	50	173850	买盘
13:32:27	34.77	--	9	31293	买盘
13:32:24	34.77	0.01	15	52155	中性盘
13:32:18	34.76	-0.01	157	545732	卖盘
13:32:12	34.77	-0.02	1	3477	卖盘
13:32:03	34.79	-0.01	30	104370	卖盘
13:32:00	34.8	0.01	6	20880	买盘
13:31:57	34.79	--	6	20874	卖盘
13:31:54	34.79	--	1	3479	卖盘
13:31:48	34.79	--	4	13916	买盘
13:31:45	34.79	0.02	7	24353	中性盘
13:31:39	34.77	--	51	177327	卖盘
13:31:33	34.77	--	10	34770	卖盘
13:31:30	34.77	--	2	6954	卖盘
13:31:27	34.77	--	3	10431	卖盘
13:31:24	34.77	--	3	10431	卖盘
13:31:21	34.77	-0.03	20	69540	卖盘
13:31:18	34.8	0.03	78	271440	买盘
13:31:15	34.77	-0.02	100	347700	卖盘
13:31:12	34.79	-0.01	2	6958	卖盘
13:31:09	34.8	0.03	140	487199	买盘
13:31:06	34.77	--	3	10431	卖盘
13:31:03	34.77	--	54	187758	买盘
13:31:00	34.77	0.01	4	13908	买盘
13:30:54	34.76	--	3	10428	卖盘
13:30:51	34.76	--	1	3476	卖盘
13:30:48	34.76	--	14	50680	卖盘
13:30:45	34.76	0.02	76	264176	买盘
13:30:42	34.74	0.01	21	72954	卖盘
13:30:39	34.73	-0.02	1	3472	卖盘
13:30:36	34.75	0.02	32	111200	买盘
13:30:30	34.73	--	14	48621	卖盘
13:30:27	34.73	-0.02	1	3472	卖盘
13:30:24	34.75	0.02	26	90350	买盘
13:30:21	34.73	--	15	52094	卖盘
13:30:18	34.73	-0.02	39	135447	卖盘
13:30:12	34.75	0.02	5	17375	买盘
13:30:09	34.73	--	1	3472	卖盘
13:30:06	34.73	-0.02	6	20837	卖盘
13:30:00	34.75	0.02	10	34750	买盘
13:29:57	34.73	--	2	6945	卖盘
13:29:54	34.73	--	1	3472	卖盘
13:29:51	34.73	0.01	5	17365	卖盘
13:29:48	34.72	0.02	29	100688	中性盘
13:29:45	34.7	-0.01	30	104100	卖盘
13:29:42	34.71	-0.02	100	347100	卖盘
13:29:39	34.73	0.01	71	246582	买盘
13:29:36	34.72	-0.01	16	55552	卖盘
13:29:30	34.73	--	106	368137	买盘
13:29:21	34.73	0.01	6	20837	买盘
13:29:18	34.72	-0.02	27	93744	卖盘
13:29:03	34.74	-0.01	22	76428	卖盘
13:29:00	34.75	--	3	10425	买盘
13:28:57	34.75	--	5	17375	买盘
13:28:45	34.75	--	29	100775	买盘
13:28:42	34.75	--	25	86875	买盘
13:28:39	34.75	--	5	17375	买盘
13:28:36	34.75	-0.02	132	458700	卖盘
13:28:27	34.77	--	2	6954	买盘
13:28:24	34.77	0.01	8	27816	买盘
13:28:21	34.76	-0.01	39	135564	卖盘
13:28:12	34.77	--	5	17385	买盘
13:28:09	34.77	-0.01	25	86925	卖盘
13:28:06	34.78	0.01	22	76516	买盘
13:28:00	34.77	-0.01	12	41724	卖盘
13:27:54	34.78	--	6	20868	买盘
13:27:51	34.78	--	8	27824	买盘
13:27:48	34.78	-0.01	44	153032	卖盘
13:27:45	34.79	--	10	34790	买盘
13:27:42	34.79	0.01	3	10437	买盘
13:27:39	34.78	-0.01	24	83472	卖盘
13:27:36	34.79	--	21	73059	买盘
13:27:33	34.79	0.01	9	31311	买盘
13:27:27	34.78	--	2	6956	卖盘
13:27:24	34.78	-0.01	8	27824	卖盘
13:27:18	34.79	0.01	35	121765	买盘
13:27:12	34.78	0.01	9	31302	买盘
13:27:06	34.77	-0.01	4	13908	中性盘
13:27:00	34.78	0.02	1	3478	中性盘
13:26:54	34.76	--	20	69520	卖盘
13:26:51	34.76	-0.02	21	72996	卖盘
13:26:48	34.78	--	32	111296	买盘
13:26:45	34.78	0.02	33	114774	买盘
13:26:42	34.76	-0.01	1	3476	卖盘
13:26:36	34.77	--	6	20862	买盘
13:26:33	34.77	--	30	104310	买盘
13:26:21	34.77	0.01	5	17385	买盘
13:26:18	34.76	--	24	83424	卖盘
13:26:15	34.76	-0.02	84	291984	卖盘
13:26:12	34.78	0.02	1	3478	买盘
13:26:03	34.76	-0.02	12	41712	卖盘
13:26:00	34.78	0.02	6	20868	买盘
13:25:57	34.76	--	12	41712	卖盘
13:25:54	34.76	-0.02	5	17380	中性盘
13:25:51	34.78	0.03	60	208680	买盘
13:25:48	34.75	-0.01	29	100775	卖盘
13:25:42	34.76	0.01	3	10428	中性盘
13:25:27	34.75	--	22	76450	卖盘
13:25:24	34.75	-0.03	30	104250	卖盘
13:25:18	34.78	0.01	19	66082	买盘
13:25:15	34.77	--	23	79971	卖盘
13:25:12	34.77	-0.01	30	104310	卖盘
13:25:09	34.78	--	5	17390	买盘
13:25:06	34.78	--	24	85871	卖盘
13:25:03	34.78	--	1	3478	卖盘
13:24:57	34.78	--	18	62604	卖盘
13:24:54	34.78	-0.01	30	104340	卖盘
13:24:51	34.79	0.01	10	34790	中性盘
13:24:36	34.78	-0.01	21	73038	卖盘
13:24:33	34.79	--	33	114807	卖盘
13:24:30	34.79	-0.01	4	13916	卖盘
13:24:27	34.8	--	15	52199	买盘
13:24:24	34.8	--	10	34800	买盘
13:24:21	34.8	--	1	3479	买盘
13:24:18	34.8	0.01	10	34800	中性盘
13:24:15	34.79	-0.01	96	333984	卖盘
13:24:12	34.8	-0.02	51	177480	卖盘
13:24:09	34.82	--	1	3482	买盘
13:24:00	34.82	0.01	84	292488	买盘
13:23:57	34.81	-0.01	28	97468	卖盘
13:23:54	34.82	--	5	17410	买盘
13:23:51	34.82	--	22	76604	卖盘
13:23:48	34.82	--	32	111424	卖盘
13:23:42	34.82	--	3	10446	卖盘
13:23:36	34.82	--	32	111424	卖盘
13:23:27	34.82	-0.01	3	10446	卖盘
13:23:24	34.83	--	5	17415	买盘
13:23:21	34.83	--	4	13932	买盘
13:23:18	34.83	-0.02	7	24381	卖盘
13:23:15	34.85	--	15	52275	买盘
13:23:09	34.85	--	53	184705	买盘
13:22:57	34.85	-0.02	9	31365	卖盘
13:22:51	34.87	0.02	1	3486	买盘
13:22:48	34.85	-0.02	42	146370	卖盘
13:22:33	34.87	--	26	90662	买盘
13:22:30	34.87	--	1	3486	买盘
13:22:09	34.87	-0.01	61	214624	卖盘
13:21:57	34.88	--	6	20928	卖盘
13:21:54	34.88	0.01	6	20928	买盘
13:21:51	34.87	-0.01	8	27895	卖盘
13:21:48	34.88	--	1	3488	买盘
13:21:39	34.88	0.01	3	10464	买盘
13:21:36	34.87	-0.01	20	69740	卖盘
13:21:24	34.88	--	2	6976	买盘
13:21:18	34.88	-0.02	2	6976	卖盘
13:21:12	34.9	0.02	3	10470	买盘
13:21:09	34.88	--	8	27904	卖盘
13:21:06	34.88	--	35	122080	买盘
13:21:03	34.88	-0.02	1	3488	卖盘
13:20:48	34.9	--	10	34900	买盘
13:20:24	34.9	0.03	3	10470	买盘
13:20:15	34.87	-0.01	11	38357	卖盘
13:20:12	34.88	-0.02	2	6976	卖盘
13:20:06	34.9	--	2	6980	买盘
13:20:03	34.9	0.02	3	10470	买盘
13:19:51	34.88	--	9	31392	卖盘
13:19:45	34.88	-0.02	24	83712	卖盘
13:19:42	34.9	0.02	5	17450	买盘
13:19:39	34.88	--	2	8545	卖盘
13:19:24	34.88	--	14	48832	中性盘
13:19:21	34.88	--	1	3488	买盘
13:19:18	34.88	0.01	3	10464	买盘
13:19:06	34.87	-0.01	7	24409	卖盘
13:19:03	34.88	--	2	6976	买盘
13:18:57	34.88	--	2	6976	买盘
13:18:48	34.88	--	4	13952	卖盘
13:18:42	34.88	--	1	3488	买盘
13:18:30	34.88	--	14	48832	买盘
13:18:27	34.88	--	1	3488	买盘
13:18:18	34.88	0.01	5	17440	买盘
13:18:15	34.87	-0.01	2	6973	卖盘
13:18:09	34.88	--	2	6976	买盘
13:17:57	34.88	--	20	69760	卖盘
13:17:51	34.88	-0.02	10	34880	卖盘
13:17:45	34.9	-0.02	3	10470	中性盘
13:17:39	34.92	0.02	3	10476	买盘
13:17:36	34.9	-0.02	99	345510	卖盘
13:17:33	34.92	0.02	2	6984	买盘
13:17:24	34.9	-0.02	1	3490	卖盘
13:17:12	34.92	0.02	6	20952	买盘
13:17:09	34.9	-0.02	2	6980	卖盘
13:17:03	34.92	0.02	10	34920	买盘
13:16:54	34.9	--	13	45370	卖盘
13:16:51	34.9	--	4	13960	买盘
13:16:45	34.9	0.02	2	6980	买盘
13:16:36	34.88	-0.01	10	34880	中性盘
13:16:30	34.89	0.01	18	62802	买盘
13:16:27	34.88	--	13	45344	买盘
13:16:21	34.88	-0.02	4	13952	卖盘
13:16:12	34.9	-0.02	44	153560	卖盘
13:15:57	34.92	--	1	3492	买盘
13:15:48	34.92	0.02	1	3492	买盘
13:15:45	34.9	-0.02	8	27920	卖盘
13:15:42	34.92	0.02	7	24444	买盘
13:15:36	34.9	--	3	10470	卖盘
13:15:24	34.9	--	2	6980	卖盘
13:15:18	34.9	-0.02	2	6980	卖盘
13:15:15	34.92	0.06	50	174600	买盘
13:15:09	34.86	-0.04	73	254478	卖盘
13:15:00	34.9	0.02	5	17450	买盘
13:14:57	34.88	-0.02	6	20928	卖盘
13:14:54	34.9	--	4	13960	买盘
13:14:51	34.9	0.02	5	17450	买盘
13:14:45	34.88	--	24	83712	卖盘
13:14:42	34.88	-0.02	8	27904	卖盘
13:14:39	34.9	--	1	3490	买盘
13:14:36	34.9	0.02	7	24430	卖盘
13:14:06	34.88	0.01	6	20928	买盘
13:13:51	34.87	0.01	10	34870	买盘
13:13:36	34.86	--	2	6972	买盘
13:13:27	34.86	--	3	10458	中性盘
13:13:15	34.86	--	3	10458	买盘
13:13:12	34.86	-0.02	21	73206	卖盘
13:13:09	34.88	--	19	66272	买盘
13:13:06	34.88	0.02	5	17440	买盘
13:13:00	34.86	-0.02	1	3486	卖盘
13:12:45	34.88	0.03	9	31392	买盘
13:12:39	34.85	-0.03	1	3485	卖盘
13:12:21	34.88	--	5	17440	买盘
13:12:00	34.88	0.06	75	261600	买盘
13:11:54	34.82	-0.03	57	198474	卖盘
13:11:51	34.85	-0.01	20	69700	卖盘
13:11:39	34.86	-0.01	4	13944	卖盘
13:11:36	34.87	--	21	73227	买盘
13:11:15	34.87	0.01	11	38357	买盘
13:11:09	34.86	-0.01	8	27888	卖盘
13:11:06	34.87	--	13	45331	买盘
13:11:03	34.87	--	6	20922	买盘
13:10:51	34.87	0.01	12	41844	买盘
13:10:42	34.86	-0.01	27	94122	中性盘
13:10:39	34.87	--	95	331265	买盘
13:10:36	34.87	0.01	26	90662	买盘
13:10:30	34.86	-0.02	14	48804	卖盘
13:10:21	34.88	0.02	5	17440	买盘
13:10:18	34.86	-0.02	100	348600	卖盘
13:10:15	34.88	--	6	20928	买盘
13:10:12	34.88	--	6	20928	买盘
13:10:03	34.88	-0.04	14	48832	卖盘
13:10:00	34.92	0.04	2	6984	买盘
13:09:51	34.88	-0.01	8	27904	卖盘
13:09:45	34.89	--	2	6978	买盘
13:09:39	34.89	-0.03	37	129093	卖盘
13:09:33	34.92	0.01	5	17460	买盘
13:09:27	34.91	-0.01	3	10472	卖盘
13:09:24	34.92	--	5	17460	买盘
13:09:15	34.92	-0.01	25	87300	卖盘
13:09:00	34.93	-0.02	31	108283	卖盘
13:08:57	34.95	--	7	24465	买盘
13:08:45	34.95	--	3	10485	卖盘
13:08:33	34.95	--	3	10485	买盘
13:08:24	34.95	--	18	62910	买盘
13:08:15	34.95	--	3	10485	买盘
13:08:12	34.95	--	5	17475	买盘
13:08:09	34.95	--	23	80385	卖盘
13:08:03	34.95	-0.01	3	10485	卖盘
13:07:57	34.96	0.01	16	55936	买盘
13:07:48	34.95	-0.01	24	83880	卖盘
13:07:45	34.96	--	7	24472	买盘
13:07:42	34.96	--	4	13984	买盘
13:07:33	34.96	-0.01	3	10488	卖盘
13:07:27	34.97	--	20	69940	买盘
13:07:24	34.97	0.01	5	17485	买盘
13:07:15	34.96	0.01	2	6992	中性盘
13:07:03	34.95	--	33	115335	买盘
13:07:00	34.95	--	1	3495	买盘
13:06:57	34.95	--	6	20970	买盘
13:06:24	34.95	0.01	4	13980	买盘
13:06:12	34.94	0.02	5	17470	中性盘
13:06:06	34.92	--	6	20952	卖盘
13:05:51	34.92	0.01	2	6984	买盘
13:05:48	34.91	--	4	13963	买盘
13:05:45	34.91	--	2	6981	买盘
13:05:42	34.91	--	9	31418	买盘
13:05:30	34.91	-0.01	11	38400	卖盘
13:05:21	34.92	--	2	6984	买盘
13:05:18	34.92	0.02	10	34920	买盘
13:05:09	34.9	-0.02	20	69800	卖盘
13:05:00	34.92	--	3	10476	买盘
13:04:57	34.92	0.02	1	3492	买盘
13:04:54	34.9	-0.02	5	17450	卖盘
13:04:51	34.92	--	2	6984	买盘
13:04:42	34.92	0.02	5	17460	买盘
13:04:33	34.9	-0.02	8	27920	卖盘
13:04:27	34.92	0.02	26	90792	买盘
13:04:18	34.9	-0.01	3	10470	卖盘
13:04:15	34.91	0.01	2	6981	买盘
13:04:09	34.9	--	7	24534	买盘
13:04:03	34.9	--	16	59225	卖盘
13:03:57	34.9	--	6	21044	买盘
13:03:54	34.9	0.01	6	20940	买盘
13:03:12	34.89	-0.01	10	34890	卖盘
13:03:00	34.9	--	5	17450	买盘
13:02:57	34.9	0.01	9	31410	买盘
13:02:51	34.89	-0.01	24	83736	卖盘
13:02:27	34.9	--	13	48755	卖盘
13:02:15	34.9	-0.02	50	174500	卖盘
13:02:06	34.92	--	14	48888	买盘
13:02:03	34.92	0.02	3	10476	买盘
13:02:00	34.9	--	24	83760	卖盘
13:01:57	34.9	--	8	27920	卖盘
13:01:51	34.9	--	2	6980	卖盘
13:01:42	34.9	--	6	20940	卖盘
13:01:33	34.9	--	6	20940	卖盘
13:01:30	34.9	-0.07	200	698000	卖盘
13:01:09	34.97	0.05	6	20982	买盘
13:01:03	34.92	-0.05	200	698400	卖盘
13:01:00	34.97	0.01	17	59449	买盘
13:00:57	34.96	-0.01	3	10488	卖盘
13:00:51	34.97	--	2	6994	买盘
13:00:48	34.97	0.03	10	34970	买盘
13:00:45	34.94	--	8	27952	卖盘
13:00:42	34.94	-0.02	12	41928	卖盘
13:00:39	34.96	--	4	13984	买盘
13:00:36	34.96	0.02	5	17480	买盘
13:00:33	34.94	--	24	83856	卖盘
13:00:30	34.94	-0.02	24	83856	卖盘
13:00:27	34.96	--	2	6992	买盘
13:00:21	34.96	0.02	3	10488	买盘
13:00:12	34.94	--	47	164218	卖盘
13:00:09	34.94	-0.02	11	38434	卖盘
13:00:06	34.96	0.04	76	265696	买盘
13:00:03	34.92	--	0	0	卖盘
11:30:03	34.92	--	0	0	卖盘
11:29:54	34.92	--	10	34920	买盘
11:29:51	34.92	0.01	10	34920	买盘
11:29:30	34.91	--	4	14068	买盘
11:29:27	34.91	0.01	1	3490	买盘
11:29:24	34.9	-0.01	1	3490	卖盘
11:29:21	34.91	--	2	6981	买盘
11:29:15	34.91	-0.01	6	24332	卖盘
11:29:09	34.92	0.01	1	3492	买盘
11:29:03	34.91	--	5	17455	卖盘
11:28:36	34.91	0.01	5	17559	买盘
11:28:33	34.9	-0.01	6	20940	卖盘
11:28:24	34.91	--	5	17455	买盘
11:28:18	34.91	0.01	2	6981	买盘
11:28:15	34.9	-0.01	41	143090	卖盘
11:28:12	34.91	0.01	2	6981	买盘
11:28:06	34.9	-0.01	36	125640	卖盘
11:28:03	34.91	0.01	4	13963	买盘
11:28:00	34.9	-0.01	6	20940	卖盘
11:27:57	34.91	0.01	3	10472	买盘
11:27:54	34.9	--	3	10470	卖盘
11:27:48	34.9	-0.01	8	27920	卖盘
11:27:45	34.91	0.01	8	27927	买盘
11:27:42	34.9	--	3	10470	买盘
11:27:39	34.9	--	6	24325	卖盘
11:27:33	34.9	--	43	150070	卖盘
11:27:24	34.9	-0.01	7	24430	卖盘
11:27:21	34.91	--	2	6981	卖盘
11:27:15	34.91	--	24	83783	卖盘
11:27:06	34.91	--	10	34910	卖盘
11:26:57	34.91	-0.02	5	17455	卖盘
11:26:45	34.93	0.02	1	3493	中性盘
11:26:36	34.91	-0.04	5	17455	中性盘
11:26:24	34.95	0.05	15	52425	买盘
11:26:18	34.9	0.1	3	10574	买盘
11:26:15	34.8	-0.1	100	348000	卖盘
11:26:03	34.9	0.05	4	13960	买盘
11:26:00	34.85	--	17	59245	卖盘
11:25:54	34.85	-0.03	100	348500	卖盘
11:25:51	34.88	--	6	20928	买盘
11:25:48	34.88	-0.02	9	31392	卖盘
11:25:36	34.9	--	13	45370	买盘
11:25:33	34.9	--	5	17450	买盘
11:25:30	34.9	-0.06	223	781655	卖盘
11:25:24	34.96	0.01	12	41952	买盘
11:25:21	34.95	0.05	4	13980	中性盘
11:25:03	34.9	--	7	24534	买盘
11:24:57	34.9	--	12	45265	卖盘
11:24:39	34.9	0.02	16	55944	买盘
11:24:30	34.88	0.02	10	34880	买盘
11:24:27	34.86	--	2	6972	买盘
11:24:24	34.86	-0.04	26	90636	卖盘
11:24:18	34.9	--	1	3490	买盘
11:24:09	34.9	-0.01	3	10470	买盘
11:24:03	34.91	-0.07	73	258229	卖盘
11:23:54	34.98	0.06	4	13991	买盘
11:23:48	34.92	-0.05	100	349200	卖盘
11:23:36	34.97	0.01	50	174954	买盘
11:23:21	34.96	--	2	6992	买盘
11:23:18	34.96	0.03	3	10488	卖盘
11:23:09	34.93	--	8	27944	卖盘
11:23:06	34.93	-0.04	24	83832	卖盘
11:23:03	34.97	0.01	75	262275	买盘
11:22:57	34.96	--	3	10488	买盘
11:22:51	34.96	--	7	24472	卖盘
11:22:48	34.96	-0.01	10	34960	卖盘
11:22:36	34.97	--	2	6994	卖盘
11:22:30	34.97	0.01	1	3497	卖盘
11:22:21	34.96	--	209	730664	买盘
11:22:18	34.96	0.06	1	3496	买盘
11:22:06	34.9	-0.03	200	698000	卖盘
11:21:57	34.93	--	2	6986	买盘
11:21:54	34.93	0.03	6	20958	买盘
11:21:51	34.9	--	7	24430	卖盘
11:21:48	34.9	-0.03	30	104700	卖盘
11:21:42	34.93	0.03	6	20958	买盘
11:21:39	34.9	--	21	73290	买盘
11:21:36	34.9	--	5	17450	买盘
11:21:30	34.9	--	2	6980	买盘
11:21:27	34.9	--	10	34900	买盘
11:21:21	34.9	--	6	20940	买盘
11:21:15	34.9	0.02	15	52350	买盘
11:21:09	34.88	--	1	3488	买盘
11:21:06	34.88	--	21	73248	买盘
11:21:00	34.88	--	5	17440	买盘
11:20:57	34.88	--	2	6976	卖盘
11:20:54	34.88	--	20	69760	卖盘
11:20:42	34.88	0.01	8	27904	买盘
11:20:33	34.87	-0.02	15	52304	卖盘
11:20:30	34.89	--	3	10467	买盘
11:20:27	34.89	-0.01	21	73269	中性盘
11:20:12	34.9	0.04	81	282690	买盘
11:19:33	34.86	-0.04	2	6972	卖盘
11:19:09	34.9	--	5	17450	买盘
11:19:06	34.9	--	7	24430	卖盘
11:19:03	34.9	--	51	177990	买盘
11:19:00	34.9	0.03	103	359470	买盘
11:18:57	34.87	--	22	76714	卖盘
11:18:54	34.87	-0.03	8	27895	卖盘
11:18:48	34.9	-0.03	48	167520	卖盘
11:18:42	34.93	-0.02	22	76846	卖盘
11:18:27	34.95	-0.01	12	41940	卖盘
11:18:24	34.96	--	6	20976	卖盘
11:18:21	34.96	--	25	87400	买盘
11:18:18	34.96	0.01	5	17480	买盘
11:18:00	34.95	--	6	20970	买盘
11:17:57	34.95	0.02	4	13980	买盘
11:17:42	34.93	0.01	5	17465	买盘
11:17:30	34.92	--	2	6984	卖盘
11:17:27	34.92	0.06	29	101268	买盘
11:17:24	34.86	-0.06	20	69720	卖盘
11:17:18	34.92	0.06	2	6984	买盘
11:17:03	34.86	-0.06	2	6972	卖盘
11:16:18	34.92	--	1	3492	买盘
11:16:12	34.92	0.07	6	20952	中性盘
11:15:57	34.85	-0.1	217	756279	卖盘
11:15:51	34.95	--	66	230670	买盘
11:15:48	34.95	0.1	9	31455	买盘
11:15:42	34.85	--	5	17425	卖盘
11:15:12	34.85	--	24	85974	买盘
11:15:03	34.85	--	60	209100	买盘
11:14:51	34.85	--	13	45305	买盘
11:14:48	34.85	--	15	52275	买盘
11:14:45	34.85	--	20	69700	卖盘
11:14:42	34.85	-0.1	10	34850	卖盘
11:14:39	34.95	0.1	130	454350	买盘
11:14:36	34.85	-0.08	2	6970	中性盘
11:14:30	34.93	0.12	235	820855	买盘
11:14:24	34.81	-0.09	15	52215	卖盘
11:14:18	34.9	0.05	137	478130	买盘
11:14:12	34.85	0.04	4	13940	买盘
11:14:09	34.81	--	50	174050	卖盘
11:13:51	34.81	--	10	34810	卖盘
11:13:42	34.81	0.01	30	104430	买盘
11:13:27	34.8	--	64	222719	买盘
11:13:24	34.8	0.01	35	121799	买盘
11:13:21	34.79	-0.01	53	184387	卖盘
11:13:18	34.8	0.01	2	6959	买盘
11:13:15	34.79	--	5	17395	卖盘
11:13:12	34.79	--	35	121765	卖盘
11:13:09	34.79	-0.01	20	69580	卖盘
11:13:06	34.8	--	28	97439	买盘
11:13:00	34.8	0.01	3	10440	买盘
11:12:57	34.79	-0.02	110	382690	卖盘
11:12:51	34.81	0.01	3	10443	中性盘
11:12:39	34.8	-0.05	200	696000	卖盘
11:12:33	34.85	--	19	66215	买盘
11:12:24	34.85	-0.01	30	104550	卖盘
11:12:18	34.86	0.01	2	6972	买盘
11:12:15	34.85	--	51	177735	卖盘
11:12:12	34.85	--	25	87125	卖盘
11:12:09	34.85	--	2	6970	卖盘
11:12:06	34.85	--	2	6970	卖盘
11:12:03	34.85	--	2	6970	卖盘
11:12:00	34.85	-0.01	12	41820	卖盘
11:11:57	34.86	--	4	13944	卖盘
11:11:54	34.86	--	21	73206	卖盘
11:11:51	34.86	-0.01	29	101094	卖盘
11:11:45	34.87	--	18	62765	卖盘
11:11:39	34.87	--	21	73227	卖盘
11:11:36	34.87	-0.01	10	34870	卖盘
11:11:27	34.88	-0.01	6	20928	卖盘
11:11:21	34.89	--	29	101181	卖盘
11:11:15	34.89	--	77	268653	卖盘
11:11:03	34.89	-0.01	20	69780	卖盘
11:11:00	34.9	0.01	32	111680	中性盘
11:10:09	34.89	--	6	20934	卖盘
11:10:06	34.89	-0.01	9	31401	卖盘
11:10:03	34.9	--	6	20940	卖盘
11:10:00	34.9	0.01	4	13960	中性盘
11:09:57	34.89	--	90	314010	卖盘
11:09:54	34.89	-0.01	10	34890	卖盘
11:09:48	34.9	--	4	13960	买盘
11:09:45	34.9	--	12	41880	买盘
11:09:42	34.9	--	1	3490	买盘
11:09:36	34.9	-0.03	3	12145	卖盘
11:09:33	34.93	0.03	1	3493	买盘
11:09:30	34.9	-0.03	6	20940	卖盘
11:09:18	34.93	--	10	34930	卖盘
11:09:12	34.93	0.03	10	34930	买盘
11:09:03	34.9	--	2	6980	卖盘
11:09:00	34.9	--	5	19264	买盘
11:08:48	34.9	-0.01	27	95905	卖盘
11:08:45	34.91	0.01	24	83783	中性盘
11:08:39	34.9	-0.03	7	24430	卖盘
11:08:33	34.93	--	3	10479	买盘
11:08:24	34.93	--	1	3493	买盘
11:08:21	34.93	0.01	10	34930	买盘
11:08:15	34.92	0.02	6	20952	中性盘
11:08:00	34.9	--	10	34900	卖盘
11:07:51	34.9	--	9	33224	买盘
11:07:45	34.9	0.01	2	6980	买盘
11:07:39	34.89	--	13	45357	卖盘
11:07:36	34.89	--	31	108159	卖盘
11:07:33	34.89	--	2	6978	卖盘
11:07:30	34.89	-0.01	20	69780	卖盘
11:07:27	34.9	--	28	97720	买盘
11:07:24	34.9	--	8	27920	买盘
11:07:12	34.9	--	5	19125	卖盘
11:07:09	34.9	--	0	1814	卖盘
11:07:03	34.9	--	20	69800	卖盘
11:06:45	34.9	-0.04	14	48860	中性盘
11:06:30	34.94	0.04	16	55904	买盘
11:06:27	34.9	0.01	10	34900	中性盘
11:06:18	34.89	--	35	122115	卖盘
11:06:06	34.89	--	10	34890	卖盘
11:05:57	34.89	0.01	5	17445	买盘
11:05:54	34.88	-0.01	9	31392	卖盘
11:05:30	34.89	-0.05	5	17445	卖盘
11:05:18	34.94	0.05	67	234097	买盘
11:05:15	34.89	0.03	10	34890	中性盘
11:04:21	34.86	0.01	2	6972	卖盘
11:04:18	34.85	-0.1	7	24395	卖盘
11:04:15	34.95	--	1	3495	买盘
11:04:12	34.95	--	5	17475	买盘
11:04:00	34.95	0.13	11	38445	买盘
11:03:51	34.82	-0.07	138	480516	卖盘
11:03:45	34.89	-0.06	2	6978	卖盘
11:03:39	34.95	0.06	6	20970	买盘
11:03:18	34.89	0.02	2	6978	卖盘
11:03:15	34.87	0.01	26	93521	买盘
11:03:12	34.86	-0.01	10	34860	卖盘
11:03:03	34.87	--	18	63393	卖盘
11:03:00	34.87	-0.02	3	10461	卖盘
11:02:57	34.89	0.02	1	3489	买盘
11:02:54	34.87	0.01	10	37729	卖盘
11:02:30	34.86	--	2	6972	买盘
11:02:27	34.86	--	33	115038	卖盘
11:02:24	34.86	-0.01	10	34860	卖盘
11:02:18	34.87	--	18	62765	买盘
11:02:12	34.87	--	1	3486	买盘
11:01:57	34.87	--	4	13947	买盘
11:01:51	34.87	0.01	37	129018	买盘
11:01:39	34.86	-0.01	7	24402	卖盘
11:01:36	34.87	--	3	10461	买盘
11:01:33	34.87	-0.02	4	13947	卖盘
11:01:30	34.89	0.02	13	45357	买盘
11:01:24	34.87	-0.03	12	41844	卖盘
11:01:21	34.9	0.01	14	50605	买盘
11:01:15	34.89	-0.01	14	48846	卖盘
11:01:09	34.9	0.02	25	88995	买盘
11:01:06	34.88	--	13	45344	买盘
11:01:03	34.88	-0.02	64	224976	卖盘
11:01:00	34.9	--	6	20940	买盘
11:00:57	34.9	--	2	6980	买盘
11:00:45	34.9	0.01	5	17450	中性盘
11:00:36	34.89	-0.01	12	41868	中性盘
11:00:21	34.9	-0.05	1	3490	卖盘
11:00:18	34.95	--	25	87375	买盘
11:00:09	34.95	0.07	13	45435	中性盘
10:59:51	34.88	-0.09	32	111616	卖盘
10:59:48	34.97	0.07	11	38467	买盘
10:59:45	34.9	0.02	7	24430	中性盘
10:59:33	34.88	-0.02	32	111616	卖盘
10:59:27	34.9	0.02	7	24430	买盘
10:59:12	34.88	-0.02	11	38368	卖盘
10:59:09	34.9	0.03	4	13960	中性盘
10:59:00	34.87	-0.01	32	111583	卖盘
10:58:57	34.88	0.01	15	52320	买盘
10:58:42	34.87	-0.12	11	38357	卖盘
10:58:39	34.99	0.11	80	279920	买盘
10:58:33	34.88	--	2	6976	卖盘
10:58:21	34.88	-0.02	3	10464	中性盘
10:58:09	34.9	-0.04	22	77931	卖盘
10:58:06	34.94	0.07	9	33786	买盘
10:58:03	34.87	-0.01	13	45331	卖盘
10:58:00	34.88	-0.02	40	139520	卖盘
10:57:51	34.9	0.02	0	1745	中性盘
10:57:45	34.88	-0.06	11	38368	卖盘
10:57:36	34.94	0.04	33	115301	买盘
10:57:33	34.9	--	2	6980	买盘
10:57:30	34.9	--	14	50186	卖盘
10:57:27	34.9	--	0	2163	买盘
10:57:24	34.9	-0.04	9	31759	卖盘
10:57:21	34.94	0.04	1	3494	买盘
10:57:18	34.9	-0.04	0	3141	卖盘
10:57:15	34.94	0.04	10	34940	中性盘
10:57:03	34.9	-0.06	173	603770	卖盘
10:57:00	34.96	--	1	3496	买盘
10:56:57	34.96	-0.01	13	45448	卖盘
10:56:54	34.97	-0.02	7	24479	卖盘
10:56:51	34.99	-0.01	60	209940	卖盘
10:56:48	35.0	--	44	154000	买盘
10:56:45	35.0	--	5	17500	买盘
10:56:42	35.0	-0.01	163	570500	卖盘
10:56:39	35.01	--	7	24507	卖盘
10:56:36	35.01	0.01	54	189054	买盘
10:56:33	35.0	--	36	126000	卖盘
10:56:24	35.0	--	39	136500	卖盘
10:56:12	35.0	--	108	378000	买盘
10:56:09	35.0	0.01	9	31500	买盘
10:56:06	34.99	-0.01	11	38489	卖盘
10:56:03	35.0	--	68	238000	买盘
10:55:57	35.0	--	2	7000	买盘
10:55:45	35.0	0.01	326	1141000	买盘
10:55:42	34.99	0.03	1	3499	买盘
10:55:39	34.96	-0.03	50	174800	卖盘
10:55:30	34.99	--	6	20994	买盘
10:55:27	34.99	--	3	10497	买盘
10:55:15	34.99	0.04	15	52485	买盘
10:55:12	34.95	-0.04	13	45435	卖盘
10:55:09	34.99	--	5	17495	买盘
10:55:06	34.99	--	10	34990	买盘
10:55:03	34.99	0.03	2	6998	买盘
10:54:57	34.96	-0.02	27	94392	卖盘
10:54:51	34.98	--	42	146916	卖盘
10:54:48	34.98	--	13	45473	买盘
10:54:45	34.98	--	5	17490	买盘
10:54:42	34.98	--	1	3497	买盘
10:54:33	34.98	0.03	5	17490	买盘
10:54:24	34.95	-0.03	12	41940	卖盘
10:54:15	34.98	0.01	11	38478	买盘
10:54:12	34.97	--	3	10491	卖盘
10:54:06	34.97	--	7	24479	卖盘
10:54:03	34.97	0.05	26	90922	买盘
10:53:57	34.92	-0.03	10	34920	卖盘
10:53:48	34.95	0.03	100	349500	买盘
10:53:45	34.92	--	16	55872	卖盘
10:53:42	34.92	--	8	27936	卖盘
10:53:36	34.92	--	3	10476	卖盘
10:53:33	34.92	-0.02	7	24444	卖盘
10:53:30	34.94	0.02	2	6988	买盘
10:53:18	34.92	--	51	178092	卖盘
10:53:15	34.92	-0.03	17	59364	卖盘
10:53:03	34.95	0.03	7	24465	买盘
10:52:57	34.92	-0.03	1	3492	卖盘
10:52:54	34.95	0.03	4	13980	买盘
10:52:51	34.92	-0.03	76	265392	卖盘
10:52:42	34.95	--	27	94365	买盘
10:52:36	34.95	--	30	104850	买盘
10:52:33	34.95	0.03	3	10485	买盘
10:52:27	34.92	--	9	31428	卖盘
10:52:21	34.92	--	26	90792	卖盘
10:52:06	34.92	--	9	31428	卖盘
10:51:57	34.92	-0.06	12	41904	卖盘
10:51:54	34.98	0.06	2	6995	买盘
10:51:48	34.92	--	19	66348	卖盘
10:51:39	34.92	-0.07	9	31428	卖盘
10:51:36	34.99	--	2	6998	买盘
10:51:27	34.99	--	14	48986	买盘
10:51:18	34.99	0.08	1	3499	买盘
10:51:15	34.91	-0.08	34	118693	卖盘
10:51:12	34.99	-0.01	10	34990	中性盘
10:51:09	35.0	0.01	16	56000	买盘
10:51:06	34.99	-0.01	17	59483	中性盘
10:51:03	35.0	--	1	3500	买盘
10:51:00	35.0	--	21	73500	买盘
10:50:51	35.0	0.05	353	1235500	买盘
10:50:48	34.95	0.04	10	34950	中性盘
10:50:45	34.91	-0.06	9	31418	卖盘
10:50:42	34.97	0.07	10	34970	买盘
10:50:27	34.9	--	25	87250	买盘
10:50:24	34.9	--	20	69800	买盘
10:50:21	34.9	0.01	7	24430	买盘
10:50:15	34.89	0.01	5	17445	买盘
10:50:12	34.88	--	50	174400	卖盘
10:50:06	34.88	--	6	20928	卖盘
10:50:00	34.88	0.01	5	17440	买盘
10:49:57	34.87	-0.01	9	31382	卖盘
10:49:54	34.88	--	1	3488	买盘
10:49:51	34.88	--	6	20928	买盘
10:49:48	34.88	0.01	55	191840	买盘
10:49:36	34.87	--	8	27895	买盘
10:49:30	34.87	--	13	45331	买盘
10:49:21	34.87	0.02	5	17435	买盘
10:49:18	34.85	--	1	3485	卖盘
10:49:09	34.85	--	4	13940	卖盘
10:49:06	34.85	0.01	135	470475	买盘
10:49:03	34.84	0.02	39	135876	买盘
10:49:00	34.82	-0.01	13	45266	卖盘
10:48:54	34.83	--	4	13932	买盘
10:48:51	34.83	--	4	13932	买盘
10:48:48	34.83	--	5	17415	买盘
10:48:36	34.83	--	1	3483	买盘
10:48:30	34.83	--	20	69660	买盘
10:48:27	34.83	0.03	5	17415	买盘
10:48:24	34.8	--	223	776039	卖盘
10:48:09	34.8	-0.02	12	41760	卖盘
10:48:06	34.82	0.02	47	163654	买盘
10:48:00	34.8	-0.02	80	278400	卖盘
10:47:51	34.82	--	7	24374	买盘
10:47:48	34.82	--	6	20892	买盘
10:47:39	34.82	0.01	6	20892	买盘
10:47:33	34.81	--	16	55696	卖盘
10:47:30	34.81	--	12	41772	卖盘
10:47:18	34.81	0.01	13	45253	卖盘
10:47:09	34.8	--	10	34800	卖盘
10:47:00	34.8	--	11	38280	卖盘
10:46:27	34.8	-0.02	12	41760	卖盘
10:46:15	34.82	0.02	5	17410	中性盘
10:46:06	34.8	-0.02	113	393274	卖盘
10:45:57	34.82	--	3	10446	买盘
10:45:51	34.82	0.01	14	48748	买盘
10:45:42	34.81	0.01	3	10443	买盘
10:45:39	34.8	-0.01	12	41760	卖盘
10:45:36	34.81	0.01	5	17405	中性盘
10:45:21	34.8	--	53	185031	买盘
10:45:18	34.8	--	3	10440	买盘
10:45:15	34.8	--	1	3479	买盘
10:45:12	34.8	--	1	3479	买盘
10:45:00	34.8	--	8	27839	买盘
10:44:57	34.8	-0.01	36	128168	卖盘
10:44:54	34.81	--	50	174050	卖盘
10:44:51	34.81	--	11	38291	买盘
10:44:48	34.81	--	24	83544	买盘
10:44:39	34.81	--	5	17405	买盘
10:44:36	34.81	--	13	45253	买盘
10:44:27	34.81	--	2	6962	买盘
10:44:18	34.81	--	2	6962	买盘
10:44:15	34.81	-0.01	68	236708	卖盘
10:44:12	34.82	0.01	37	128834	买盘
10:44:06	34.81	--	15	52215	卖盘
10:44:03	34.81	--	50	174050	卖盘
10:43:54	34.81	--	10	34810	卖盘
10:43:51	34.81	0.01	20	70211	买盘
10:43:48	34.8	--	4	13919	买盘
10:43:45	34.8	--	11	38280	买盘
10:43:42	34.8	--	52	180959	买盘
10:43:39	34.8	0.01	16	55679	买盘
10:43:36	34.79	-0.01	1	3479	卖盘
10:43:30	34.8	0.01	23	80040	买盘
10:43:21	34.79	-0.01	7	24353	卖盘
10:43:09	34.8	0.01	13	45239	买盘
10:43:06	34.79	-0.01	5	17395	卖盘
10:43:03	34.8	0.03	5	17400	买盘
10:42:54	34.77	--	12	42801	买盘
10:42:51	34.77	--	10	34770	买盘
10:42:48	34.77	--	100	347700	买盘
10:42:39	34.77	-0.02	104	364007	卖盘
10:42:36	34.79	--	12	41748	卖盘
10:42:33	34.79	-0.01	10	34790	卖盘
10:42:27	34.8	--	5	17400	买盘
10:42:24	34.8	0.01	5	17400	买盘
10:42:15	34.79	-0.01	2	8036	中性盘
10:42:03	34.8	--	29	103808	买盘
10:42:00	34.8	0.01	6	20880	买盘
10:41:57	34.79	--	0	1252	卖盘
10:41:54	34.79	--	1	6296	卖盘
10:41:39	34.79	--	1	3479	卖盘
10:41:36	34.79	--	11	38269	卖盘
10:41:30	34.79	0.01	4	13916	买盘
10:41:24	34.78	-0.01	3	10434	卖盘
10:41:21	34.79	--	1	3479	买盘
10:41:18	34.79	--	4	13916	卖盘
10:41:15	34.79	0.01	1	3479	中性盘
10:41:06	34.78	-0.01	10	34780	卖盘
10:41:03	34.79	0.02	21	73059	买盘
10:40:54	34.77	--	5	17385	买盘
10:40:51	34.77	--	5	17385	买盘
10:40:48	34.77	0.01	6	20862	买盘
10:40:45	34.76	-0.02	23	79948	卖盘
10:40:36	34.78	-0.02	3	10434	中性盘
10:40:18	34.8	--	1	3479	买盘
10:40:15	34.8	--	2	6959	买盘
10:40:09	34.8	--	8	27839	买盘
10:40:00	34.8	--	17	59159	买盘
10:39:57	34.8	0.04	2	6959	买盘
10:39:54	34.76	-0.04	13	45188	卖盘
10:39:51	34.8	--	5	17400	买盘
10:39:48	34.8	--	1	3479	买盘
10:39:39	34.8	--	1	3479	买盘
10:39:24	34.8	--	55	191399	卖盘
10:39:21	34.8	-0.02	50	174000	卖盘
10:39:15	34.82	0.02	10	34820	买盘
10:39:12	34.8	--	20	69600	卖盘
10:39:09	34.8	--	10	34800	卖盘
10:39:06	34.8	--	63	219239	卖盘
10:39:03	34.8	--	10	34800	卖盘
10:39:00	34.8	--	97	337560	买盘
10:38:57	34.8	--	7	24359	买盘
10:38:51	34.8	--	2	6959	买盘
10:38:45	34.8	--	16	55679	买盘
10:38:42	34.8	0.09	6	20880	买盘
10:38:27	34.71	-0.09	95	329745	卖盘
10:38:24	34.8	--	85	295800	卖盘
10:38:21	34.8	--	4	13919	卖盘
10:38:18	34.8	--	19	66120	卖盘
10:38:12	34.8	0.07	192	668160	买盘
10:38:09	34.73	--	3	10418	卖盘
10:38:00	34.73	--	5	17365	卖盘
10:37:54	34.73	0.03	5	17365	买盘
10:37:51	34.7	--	1	3470	卖盘
10:37:48	34.7	--	7	24290	卖盘
10:37:45	34.7	-0.03	19	65930	卖盘
10:37:42	34.73	--	5	17365	卖盘
10:37:39	34.73	0.03	3	10418	中性盘
10:37:33	34.7	-0.03	117	405990	卖盘
10:37:30	34.73	-0.06	7	24310	卖盘
10:37:27	34.79	0.06	104	361816	买盘
10:37:24	34.73	--	12	41675	卖盘
10:37:12	34.73	0.01	10	34730	卖盘
10:37:06	34.72	-0.01	10	34720	卖盘
10:36:54	34.73	-0.07	4	13891	卖盘
10:36:48	34.8	--	29	100919	卖盘
10:36:45	34.8	--	8	27839	卖盘
10:36:42	34.8	--	15	52199	卖盘
10:36:39	34.8	0.09	248	863039	买盘
10:36:36	34.71	-0.01	9	31239	卖盘
10:36:21	34.72	-0.08	11	38192	卖盘
10:36:15	34.8	--	151	525480	卖盘
10:36:12	34.8	--	11	38280	卖盘
10:36:09	34.8	--	4	13919	卖盘
10:36:03	34.8	--	14	48719	卖盘
10:36:00	34.8	0.1	148	515039	买盘
10:35:57	34.7	--	3	10410	买盘
10:35:54	34.7	-0.01	142	492740	卖盘
10:35:51	34.71	--	1	3471	中性盘
10:35:45	34.71	-0.01	20	69420	卖盘
10:35:39	34.72	0.01	1	3472	买盘
10:35:36	34.71	-0.01	1	3471	卖盘
10:35:30	34.72	--	10	34720	卖盘
10:35:27	34.72	-0.01	19	65968	卖盘
10:35:18	34.73	-0.03	334	1159982	卖盘
10:35:15	34.76	0.03	7	24332	买盘
10:35:12	34.73	-0.01	7	24310	卖盘
10:35:09	34.74	-0.03	1029	3574746	卖盘
10:35:06	34.77	-0.03	7	24339	卖盘
10:35:03	34.8	0.02	5	17400	买盘
10:35:00	34.78	-0.02	1	3478	卖盘
10:34:57	34.8	0.02	3	10440	买盘
10:34:48	34.78	-0.02	2	6956	卖盘
10:34:42	34.8	--	10	34800	卖盘
10:34:39	34.8	-0.01	50	174000	卖盘
10:34:33	34.81	--	3	10443	卖盘
10:34:27	34.81	-0.01	4	13924	中性盘
10:34:24	34.82	-0.03	13	45266	买盘
10:34:21	34.85	--	75	261375	卖盘
10:34:18	34.85	--	60	209100	卖盘
10:34:15	34.85	--	3	10455	卖盘
10:34:12	34.85	--	195	679575	卖盘
10:34:09	34.85	0.03	310	1080350	买盘
10:34:06	34.82	--	105	365610	卖盘
10:34:03	34.82	--	10	34820	卖盘
10:34:00	34.82	0.06	170	591940	买盘
10:33:54	34.76	-0.04	1	3476	卖盘
10:33:45	34.8	--	25	87000	卖盘
10:33:36	34.8	-0.02	2	6959	卖盘
10:33:33	34.82	--	7	24374	买盘
10:33:27	34.82	0.02	44	153208	买盘
10:33:24	34.8	--	1	3479	卖盘
10:33:18	34.8	--	57	198359	卖盘
10:33:15	34.8	--	4	13919	卖盘
10:33:12	34.8	--	13	45239	卖盘
10:33:09	34.8	-0.02	2	6959	卖盘
10:33:06	34.82	0.02	13	45266	买盘
10:33:03	34.8	--	83	288840	买盘
10:32:54	34.8	--	1008	3507839	卖盘
10:32:51	34.8	--	2	6959	卖盘
10:32:48	34.8	--	1	3479	卖盘
10:32:45	34.8	--	9	31319	卖盘
10:32:39	34.8	--	172	598560	卖盘
10:32:30	34.8	--	79	274920	买盘
10:32:27	34.8	--	28	97439	买盘
10:32:24	34.8	--	28	97439	卖盘
10:32:18	34.8	--	260	904799	卖盘
10:32:12	34.8	-0.01	203	706440	卖盘
10:32:06	34.81	--	19	66139	买盘
10:32:00	34.81	0.01	1	3481	买盘
10:31:54	34.8	--	5	17400	卖盘
10:31:48	34.8	0.01	61	212279	买盘
10:31:45	34.79	--	20	69580	卖盘
10:31:39	34.79	-0.01	4	13916	卖盘
10:31:36	34.8	--	30	104399	买盘
10:31:33	34.8	--	2	6959	买盘
10:31:30	34.8	--	7	24359	买盘
10:31:24	34.8	0.01	20	69600	买盘
10:31:21	34.79	-0.01	4	13916	卖盘
10:30:57	34.8	--	10	34800	买盘
10:30:51	34.8	--	3	10440	中性盘
10:30:45	34.8	--	20	69600	买盘
10:30:39	34.8	--	17	59159	买盘
10:30:36	34.8	--	30	104399	买盘
10:30:33	34.8	0.01	503	1750439	买盘
10:30:30	34.79	--	10	34790	买盘
10:30:24	34.79	--	12	41748	买盘
10:30:18	34.79	--	4	13916	买盘
10:30:15	34.79	-0.01	54	187866	卖盘
10:30:12	34.8	--	1	3479	买盘
10:30:03	34.8	0.03	1	3479	买盘
10:29:57	34.77	-0.03	2	6954	中性盘
10:29:39	34.8	0.04	20	69600	买盘
10:29:36	34.76	-0.01	3	10428	卖盘
10:29:24	34.77	--	3	10431	买盘
10:29:21	34.77	-0.03	16	55632	卖盘
10:29:12	34.8	0.01	113	393239	买盘
10:29:06	34.79	-0.01	1	3479	卖盘
10:29:03	34.8	0.01	80	278400	买盘
10:29:00	34.79	0.02	1	3479	卖盘
10:28:54	34.77	-0.03	63	219051	卖盘
10:28:48	34.8	0.01	500	1739999	买盘
10:28:42	34.79	--	3	10437	买盘
10:28:39	34.79	--	1	3479	买盘
10:28:30	34.79	-0.01	4	13916	卖盘
10:28:18	34.8	--	30	104399	买盘
10:28:12	34.8	0.03	10	34800	买盘
10:28:06	34.77	-0.02	61	212097	卖盘
10:28:00	34.79	0.01	25	86975	买盘
10:27:57	34.78	0.01	10	34780	买盘
10:27:54	34.77	--	2	6954	卖盘
10:27:51	34.77	--	2	6954	卖盘
10:27:48	34.77	-0.01	3	10431	中性盘
10:27:42	34.78	-0.01	3	10434	中性盘
10:27:36	34.79	0.02	100	347900	买盘
10:27:30	34.77	--	18	62586	卖盘
10:27:24	34.77	-0.01	19	66063	卖盘
10:27:15	34.78	--	9	31302	卖盘
10:27:12	34.78	0.02	145	504310	买盘
10:27:09	34.76	--	50	173800	卖盘
10:27:06	34.76	--	6	20856	卖盘
10:27:03	34.76	0.01	38	132088	中性盘
10:26:54	34.75	-0.01	103	357925	卖盘
10:26:51	34.76	-0.01	19	66044	中性盘
10:26:48	34.77	0.01	36	125172	买盘
10:26:45	34.76	--	11	38236	卖盘
10:26:42	34.76	--	2	6952	卖盘
10:26:36	34.76	--	4	13904	卖盘
10:26:33	34.76	--	4	13904	买盘
10:26:30	34.76	--	2	6952	买盘
10:26:15	34.76	0.01	21	72996	买盘
10:26:12	34.75	-0.02	3	10425	卖盘
10:26:03	34.77	0.02	10	34770	买盘
10:26:00	34.75	-0.02	20	69500	卖盘
10:25:57	34.77	--	5	17385	买盘
10:25:51	34.77	--	5	17385	买盘
10:25:48	34.77	0.01	3	10431	买盘
10:25:42	34.76	-0.01	2	6952	中性盘
10:25:39	34.77	0.02	5	17385	买盘
10:25:36	34.75	-0.01	43	149425	卖盘
10:25:33	34.76	-0.01	18	62568	卖盘
10:25:30	34.77	0.01	8	27816	买盘
10:25:24	34.76	--	10	34760	买盘
10:25:21	34.76	--	7	24332	买盘
10:25:18	34.76	--	15	52140	买盘
10:25:15	34.76	--	10	34760	买盘
10:25:12	34.76	--	10	34760	卖盘
10:25:09	34.76	0.01	35	121660	中性盘
10:25:06	34.75	-0.02	55	191125	卖盘
10:25:03	34.77	0.01	4	13908	买盘
10:25:00	34.76	0.01	4	13904	中性盘
10:24:51	34.75	0.01	32	111200	买盘
10:24:45	34.74	-0.04	76	264024	卖盘
10:24:42	34.78	0.03	5	17390	买盘
10:24:39	34.75	--	88	305800	卖盘
10:24:36	34.75	--	78	271050	卖盘
10:24:33	34.75	--	50	173750	卖盘
10:24:24	34.75	0.01	84	291900	买盘
10:24:21	34.74	-0.01	5	17370	中性盘
10:24:18	34.75	0.01	13	45175	买盘
10:24:12	34.74	--	1	3474	卖盘
10:24:09	34.74	0.01	1	3474	中性盘
10:23:57	34.73	--	10	34730	买盘
10:23:54	34.73	--	1	3472	买盘
10:23:51	34.73	--	10	34730	买盘
10:23:48	34.73	--	5	17365	买盘
10:23:42	34.73	--	2	6945	买盘
10:23:39	34.73	--	1	3472	卖盘
10:23:36	34.73	--	136	472327	卖盘
10:23:30	34.73	--	1	3472	卖盘
10:23:27	34.73	0.03	152	527896	买盘
10:23:24	34.7	--	42	145740	买盘
10:23:21	34.7	--	5	17350	买盘
10:23:18	34.7	--	4	13880	买盘
10:23:15	34.7	--	30	104100	买盘
10:23:12	34.7	-0.02	287	995890	卖盘
10:23:09	34.72	-0.02	28	97216	卖盘
10:23:06	34.74	--	66	229284	买盘
10:22:57	34.74	0.04	9	31266	中性盘
10:22:33	34.7	--	189	655830	卖盘
10:22:24	34.7	--	5	17350	卖盘
10:22:21	34.7	--	22	76340	卖盘
10:22:12	34.7	0.01	5	17350	买盘
10:22:09	34.69	-0.01	20	69380	卖盘
10:22:06	34.7	0.02	2	6940	中性盘
10:22:03	34.68	-0.07	6	20808	卖盘
10:22:00	34.75	0.05	80	278000	买盘
10:21:57	34.7	--	3	10410	买盘
10:21:51	34.7	-0.04	29	100630	卖盘
10:21:48	34.74	0.06	11	38214	买盘
10:21:45	34.68	--	33	114444	买盘
10:21:42	34.68	-0.02	456	1581408	卖盘
10:21:36	34.7	--	1	3470	卖盘
10:21:33	34.7	--	34	117980	买盘
10:21:30	34.7	--	107	371290	买盘
10:21:27	34.7	0.02	2	6940	买盘
10:21:24	34.68	-0.02	158	547944	卖盘
10:21:21	34.7	--	22	76340	买盘
10:21:18	34.7	--	5	17350	买盘
10:21:15	34.7	--	81	281070	卖盘
10:21:12	34.7	-0.05	15	52050	卖盘
10:21:09	34.75	--	10	34750	买盘
10:21:03	34.75	--	25	86875	买盘
10:21:00	34.75	0.01	829	2880775	买盘
10:20:57	34.74	--	3	10422	卖盘
10:20:48	34.74	0.01	10	34740	卖盘
10:20:45	34.73	--	13	45148	买盘
10:20:42	34.73	0.01	2	6945	买盘
10:20:39	34.72	-0.02	47	163184	卖盘
10:20:36	34.74	-0.01	7	24318	中性盘
10:20:30	34.75	--	11	38225	卖盘
10:20:27	34.75	0.02	109	378775	买盘
10:20:24	34.73	-0.02	9	31256	卖盘
10:20:18	34.75	--	60	208500	买盘
10:20:15	34.75	0.02	4	13900	买盘
10:20:12	34.73	-0.02	45	156285	卖盘
10:20:09	34.75	-0.01	109	378775	卖盘
10:20:03	34.76	--	22	76472	买盘
10:20:00	34.76	-0.02	40	139040	卖盘
10:19:57	34.78	--	5	17390	买盘
10:19:45	34.78	--	1	3478	买盘
10:19:42	34.78	--	6	20868	买盘
10:19:39	34.78	0.02	10	34780	买盘
10:19:36	34.76	-0.02	17	59092	卖盘
10:19:33	34.78	-0.01	38	132164	卖盘
10:19:21	34.79	-0.01	14	48706	卖盘
10:19:18	34.8	--	35	121799	买盘
10:19:15	34.8	0.01	7	24359	买盘
10:19:06	34.79	-0.01	108	375732	卖盘
10:18:57	34.8	--	12	41760	买盘
10:18:45	34.8	--	31	107879	买盘
10:18:39	34.8	0.01	32	111359	买盘
10:18:30	34.79	-0.01	24	83496	卖盘
10:18:24	34.8	--	10	34800	买盘
10:18:21	34.8	0.01	100	348000	买盘
10:18:15	34.79	-0.01	6	20874	卖盘
10:18:09	34.8	--	12	41760	买盘
10:18:06	34.8	--	19	66120	买盘
10:18:03	34.8	--	25	87000	卖盘
10:18:00	34.8	0.01	5	17400	卖盘
10:17:57	34.79	--	100	347900	卖盘
10:17:54	34.79	-0.01	97	337463	卖盘
10:17:51	34.8	0.01	175	609000	买盘
10:17:45	34.79	--	55	191345	买盘
10:17:42	34.79	0.03	52	180908	买盘
10:17:39	34.76	--	7	24332	卖盘
10:17:33	34.76	-0.01	10	34760	卖盘
10:17:30	34.77	--	30	104310	卖盘
10:17:27	34.77	-0.02	20	69540	卖盘
10:17:24	34.79	--	1	3479	买盘
10:17:18	34.79	0.03	67	233093	买盘
10:17:15	34.76	-0.02	77	267652	卖盘
10:17:12	34.78	--	45	156510	买盘
10:17:09	34.78	--	5	17390	买盘
10:17:06	34.78	-0.01	1	3478	买盘
10:17:03	34.79	0.01	79	274841	买盘
10:17:00	34.78	--	9	31302	卖盘
10:16:57	34.78	-0.01	6	20868	卖盘
10:16:48	34.79	--	2	6958	买盘
10:16:45	34.79	0.02	7	24353	买盘
10:16:42	34.77	-0.02	67	232959	卖盘
10:16:33	34.79	0.01	37	128723	买盘
10:16:27	34.78	0.01	42	146076	买盘
10:16:24	34.77	--	62	215574	买盘
10:16:18	34.77	-0.03	120	417240	卖盘
10:16:15	34.8	0.02	5	17400	买盘
10:16:12	34.78	-0.02	8	27824	卖盘
10:16:09	34.8	0.03	13	45239	买盘
10:16:06	34.77	--	51	177327	卖盘
10:16:00	34.77	0.03	5	17385	中性盘
10:15:57	34.74	-0.03	26	90324	卖盘
10:15:54	34.77	0.03	30	104310	买盘
10:15:48	34.74	--	12	41688	卖盘
10:15:45	34.74	-0.01	8	27792	买盘
10:15:42	34.75	0.02	93	323175	买盘
10:15:39	34.73	--	10	34730	卖盘
10:15:36	34.73	--	47	163230	卖盘
10:15:27	34.73	--	7	24310	买盘
10:15:24	34.73	--	10	34730	买盘
10:15:21	34.73	--	11	38203	买盘
10:15:18	34.73	--	1	3472	买盘
10:15:15	34.73	-0.04	274	951601	卖盘
10:15:12	34.77	-0.03	1	3477	中性盘
10:15:09	34.8	0.03	27	93959	买盘
10:15:06	34.77	--	5	17385	买盘
10:15:00	34.77	-0.01	2	6954	中性盘
10:14:57	34.78	--	228	792984	卖盘
10:14:54	34.78	-0.02	59	205202	卖盘
10:14:51	34.8	--	2	6959	买盘
10:14:48	34.8	--	14	48719	买盘
10:14:45	34.8	--	48	167040	买盘
10:14:42	34.8	0.01	5	17400	买盘
10:14:39	34.79	--	101	351379	卖盘
10:14:36	34.79	-0.01	52	180908	卖盘
10:14:33	34.8	--	2	6959	买盘
10:14:27	34.8	-0.03	178	619440	卖盘
10:14:21	34.83	--	2	6966	买盘
10:14:03	34.83	-0.01	2	6966	买盘
10:14:00	34.84	-0.01	2	6968	买盘
10:13:57	34.85	0.01	30	104550	买盘
10:13:51	34.84	0.05	5	17420	中性盘
10:13:45	34.79	-0.06	251	873229	卖盘
10:13:42	34.85	0.01	50	174250	买盘
10:13:39	34.84	--	9	31356	买盘
10:13:33	34.84	--	7	24388	买盘
10:13:27	34.84	--	4	13936	卖盘
10:13:21	34.84	0.04	36	125424	中性盘
10:13:06	34.8	-0.02	71	247079	卖盘
10:13:00	34.82	-0.01	51	177582	卖盘
10:12:57	34.83	-0.03	29	101007	卖盘
10:12:54	34.86	0.03	6	20916	买盘
10:12:51	34.83	-0.02	205	714015	卖盘
10:12:48	34.85	-0.01	6	20910	买盘
10:12:45	34.86	--	14	48804	买盘
10:12:42	34.86	0.01	10	34860	买盘
10:12:39	34.85	-0.01	6	20910	卖盘
10:12:36	34.86	0.03	8	27888	买盘
10:12:33	34.83	-0.02	154	536382	卖盘
10:12:30	34.85	-0.01	36	125460	卖盘
10:12:27	34.86	0.01	50	174300	买盘
10:12:24	34.85	--	1	3485	卖盘
10:12:18	34.85	--	26	90610	卖盘
10:12:15	34.85	-0.01	31	108035	卖盘
10:12:12	34.86	-0.02	82	285852	卖盘
10:12:06	34.88	--	18	62784	买盘
10:12:03	34.88	--	128	446464	买盘
10:12:00	34.88	0.02	27	94176	买盘
10:11:57	34.86	-0.02	13	45318	卖盘
10:11:54	34.88	0.04	51	177888	买盘
10:11:51	34.84	-0.04	128	445952	卖盘
10:11:48	34.88	--	7	24416	买盘
10:11:42	34.88	--	31	108128	买盘
10:11:39	34.88	-0.01	268	934784	卖盘
10:11:36	34.89	--	41	143049	买盘
10:11:33	34.89	0.01	15	52335	买盘
10:11:30	34.88	-0.04	13	45344	卖盘
10:11:27	34.92	0.02	89	310788	买盘
10:11:24	34.9	--	31	108190	卖盘
10:11:21	34.9	--	3	10470	买盘
10:11:18	34.9	--	12	41880	买盘
10:11:15	34.9	--	70	244300	买盘
10:11:12	34.9	--	10	34900	买盘
10:11:09	34.9	--	49	171010	买盘
10:11:06	34.9	--	5	17450	买盘
10:11:03	34.9	-0.01	64	223360	卖盘
10:11:00	34.91	--	4	13963	卖盘
10:10:54	34.91	--	21	73311	卖盘
10:10:51	34.91	--	1	3490	卖盘
10:10:48	34.91	--	41	143131	卖盘
10:10:45	34.91	--	12	41891	买盘
10:10:42	34.91	0.01	33	115202	买盘
10:10:39	34.9	--	12	41880	卖盘
10:10:36	34.9	-0.01	31	108190	卖盘
10:10:33	34.91	0.01	5	17455	买盘
10:10:30	34.9	0.02	55	191950	买盘
10:10:24	34.88	--	2	6976	卖盘
10:10:21	34.88	--	219	763872	买盘
10:10:18	34.88	--	84	292992	买盘
10:10:15	34.88	--	99	345312	买盘
10:10:09	34.88	--	10	34880	买盘
10:10:03	34.88	--	9	31392	买盘
10:10:00	34.88	0.03	3	10464	中性盘
10:09:39	34.85	-0.05	1	3485	买盘
10:09:36	34.9	0.06	18	62820	买盘
10:09:33	34.84	-0.06	3	10452	中性盘
10:09:27	34.9	0.06	41	143090	买盘
10:09:24	34.84	--	2	6968	买盘
10:09:12	34.84	--	10	34840	买盘
10:09:09	34.84	-0.06	70	243880	卖盘
10:08:54	34.9	--	81	282690	卖盘
10:08:51	34.9	--	17	59330	卖盘
10:08:48	34.9	-0.01	25	87250	卖盘
10:08:45	34.91	--	194	677253	买盘
10:08:42	34.91	0.01	100	349099	买盘
10:08:39	34.9	-0.01	13	45370	卖盘
10:08:33	34.91	0.01	52	181531	买盘
10:08:30	34.9	--	58	202420	卖盘
10:08:24	34.9	-0.01	40	139600	卖盘
10:08:21	34.91	--	8	27927	买盘
10:08:18	34.91	-0.04	70	244369	卖盘
10:08:15	34.95	--	4	13980	买盘
10:08:09	34.95	--	12	41940	买盘
10:08:00	34.95	0.04	1	3495	买盘
10:07:57	34.91	-0.04	38	132658	卖盘
10:07:54	34.95	0.01	11	38445	买盘
10:07:48	34.94	-0.01	10	34940	中性盘
10:07:42	34.95	--	4	13980	买盘
10:07:39	34.95	--	31	108345	买盘
10:07:36	34.95	--	28	97860	买盘
10:07:33	34.95	0.05	2	6990	买盘
10:07:30	34.9	-0.05	36	125640	卖盘
10:07:27	34.95	--	3	10485	买盘
10:07:24	34.95	-0.03	18	62910	中性盘
10:07:18	34.98	0.03	100	349799	买盘
10:07:12	34.95	--	5	17475	买盘
10:07:06	34.95	-0.03	113	394935	卖盘
10:06:57	34.98	--	3	10493	买盘
10:06:54	34.98	--	19	66462	买盘
10:06:48	34.98	0.15	39	136422	买盘
10:06:45	34.83	-0.15	354	1232982	卖盘
10:06:42	34.98	--	11	38478	买盘
10:06:36	34.98	0.01	120	419759	买盘
10:06:33	34.97	--	3	10491	买盘
10:06:27	34.97	-0.01	7	24479	买盘
10:06:18	34.98	--	6	20987	买盘
10:06:12	34.98	0.08	15	52469	买盘
10:06:00	34.9	--	4	13960	买盘
10:05:57	34.9	--	2	6980	买盘
10:05:54	34.9	--	21	73290	买盘
10:05:51	34.9	--	10	34900	买盘
10:05:48	34.9	0.01	3	10470	买盘
10:05:45	34.89	--	1	3489	卖盘
10:05:39	34.89	--	21	73269	买盘
10:05:36	34.89	--	5	17445	买盘
10:05:30	34.89	--	24	83736	买盘
10:05:15	34.89	--	36	125604	卖盘
10:05:12	34.89	--	1	3489	卖盘
10:05:00	34.89	--	9	31401	买盘
10:04:51	34.89	--	1	3489	买盘
10:04:45	34.89	0.02	10	34890	买盘
10:04:42	34.87	--	4	13947	买盘
10:04:39	34.87	--	20	69740	买盘
10:04:27	34.87	0.01	20	69740	买盘
10:04:24	34.86	--	6	20916	买盘
10:04:21	34.86	--	30	104580	买盘
10:04:18	34.86	--	16	55776	买盘
10:04:15	34.86	--	47	163842	买盘
10:04:12	34.86	0.01	57	198702	买盘
10:04:06	34.85	--	5	17425	卖盘
10:04:03	34.85	0.01	37	128945	买盘
10:03:54	34.84	0.04	48	167232	买盘
10:03:51	34.8	-0.04	215	751401	卖盘
10:03:48	34.84	--	6	20904	买盘
10:03:42	34.84	--	5	17420	买盘
10:03:30	34.84	0.02	100	348400	买盘
10:03:27	34.82	-0.01	3	10446	卖盘
10:03:09	34.83	0.01	3	10449	买盘
10:03:06	34.82	0.01	2	6964	中性盘
10:03:03	34.81	0.01	6	20886	卖盘
10:02:54	34.8	--	40	139200	卖盘
10:02:45	34.8	--	46	160080	卖盘
10:02:42	34.8	-0.02	28	97439	卖盘
10:02:39	34.82	0.02	12	41784	买盘
10:02:36	34.8	--	16	55679	卖盘
10:02:27	34.8	-0.03	4	13919	卖盘
10:02:24	34.83	0.03	5	17415	买盘
10:02:21	34.8	0.01	6	20880	买盘
10:02:18	34.79	--	38	132202	卖盘
10:02:15	34.79	-0.01	10	34790	卖盘
10:02:09	34.8	--	5	17400	卖盘
10:02:06	34.8	--	1	3479	卖盘
10:02:03	34.8	--	13	45239	卖盘
10:02:00	34.8	--	16	55679	卖盘
10:01:57	34.8	--	4	13919	卖盘
10:01:51	34.8	--	47	163560	买盘
10:01:48	34.8	--	15	52199	买盘
10:01:45	34.8	-0.05	141	490679	卖盘
10:01:42	34.85	0.05	14	48790	买盘
10:01:30	34.8	--	5	17400	卖盘
10:01:27	34.8	-0.06	326	1134480	卖盘
10:01:24	34.86	0.06	2	6972	买盘
10:01:15	34.8	-0.05	308	1071840	卖盘
10:01:09	34.85	--	36	125460	卖盘
10:01:06	34.85	--	12	41820	卖盘
10:01:00	34.85	-0.02	90	313650	卖盘
10:00:51	34.87	--	2	6973	买盘
10:00:45	34.87	-0.01	1	3486	中性盘
10:00:39	34.88	0.03	3	10464	买盘
10:00:36	34.85	-0.03	270	940950	卖盘
10:00:24	34.88	0.01	22	76736	买盘
10:00:21	34.87	0.02	5	17435	买盘
10:00:18	34.85	-0.03	174	606390	卖盘
10:00:15	34.88	--	47	163936	买盘
10:00:12	34.88	0.01	13	45344	买盘
10:00:09	34.87	-0.01	35	122044	卖盘
10:00:06	34.88	--	1	3488	卖盘
10:00:03	34.88	--	3	10464	卖盘
10:00:00	34.88	-0.02	13	45344	卖盘
09:59:51	34.9	--	9	31410	买盘
09:59:45	34.9	-0.02	380	1326479	卖盘
09:59:42	34.92	--	263	918396	买盘
09:59:39	34.92	-0.01	5	17460	买盘
09:59:36	34.93	--	17	59381	卖盘
09:59:30	34.93	0.02	2	6986	买盘
09:59:27	34.91	-0.02	9	31418	中性盘
09:59:21	34.93	0.03	1	3493	买盘
09:59:15	34.9	--	181	634900	买盘
09:59:12	34.9	--	23	80270	买盘
09:59:09	34.9	--	5	17450	买盘
09:59:06	34.9	0.03	6	20940	买盘
09:59:03	34.87	-0.01	17	59278	卖盘
09:58:57	34.88	-0.02	195	680160	卖盘
09:58:54	34.9	-0.03	324	1130760	卖盘
09:58:51	34.93	0.01	25	87325	中性盘
09:58:48	34.92	0.02	6	20952	卖盘
09:58:45	34.9	-0.03	26	90740	卖盘
09:58:42	34.93	0.03	3	10479	买盘
09:58:39	34.9	-0.03	250	872500	卖盘
09:58:33	34.93	0.01	13	45409	中性盘
09:58:27	34.92	-0.02	7	24444	卖盘
09:58:24	34.94	--	6	20964	买盘
09:58:21	34.94	--	303	1058682	买盘
09:58:18	34.94	-0.01	9	31445	卖盘
09:58:15	34.95	--	13	45435	买盘
09:58:12	34.95	-0.03	56	195720	卖盘
09:58:06	34.98	--	510	1783979	买盘
09:58:00	34.98	-0.01	12	41975	卖盘
09:57:57	34.99	--	9	31491	买盘
09:57:54	34.99	--	4	13996	买盘
09:57:51	34.99	--	10	34990	买盘
09:57:48	34.99	--	9	31491	买盘
09:57:45	34.99	-0.07	298	1042702	卖盘
09:57:42	35.06	0.04	4	14024	买盘
09:57:39	35.02	-0.04	13	45526	卖盘
09:57:33	35.06	-0.01	1	3506	买盘
09:57:30	35.07	0.05	44	154308	买盘
09:57:24	35.02	-0.05	6	21012	卖盘
09:57:18	35.07	0.01	55	192885	买盘
09:57:15	35.06	0.06	8	28048	买盘
09:57:12	35.0	-0.07	300	1050000	卖盘
09:57:06	35.07	0.02	6	21042	买盘
09:57:03	35.05	0.05	23	80615	买盘
09:57:00	35.0	--	10	35000	卖盘
09:56:54	35.0	--	321	1123500	买盘
09:56:51	35.0	0.09	800	2800000	买盘
09:56:48	34.91	-0.07	93	324662	卖盘
09:56:42	34.98	--	56	195887	买盘
09:56:39	34.98	-0.01	1	3497	卖盘
09:56:36	34.99	--	15	52485	买盘
09:56:30	34.99	0.09	39	136461	买盘
09:56:27	34.9	-0.09	100	349000	卖盘
09:56:24	34.99	--	8	27992	买盘
09:56:09	34.99	0.09	12	41988	买盘
09:56:03	34.9	--	47	164030	买盘
09:56:00	34.9	--	1	3490	买盘
09:55:57	34.9	--	4	13960	买盘
09:55:45	34.9	0.02	200	698000	买盘
09:55:42	34.88	0.01	4	13952	买盘
09:55:39	34.87	--	64	223167	卖盘
09:55:33	34.87	-0.01	14	48818	卖盘
09:55:30	34.88	--	1	3488	买盘
09:55:27	34.88	0.01	13	45344	买盘
09:55:24	34.87	--	32	111583	卖盘
09:55:21	34.87	-0.01	1	3486	卖盘
09:55:15	34.88	0.01	15	52320	买盘
09:55:12	34.87	--	416	1450592	买盘
09:55:03	34.87	-0.01	1	3486	卖盘
09:54:57	34.88	0.03	20	69760	买盘
09:54:54	34.85	-0.01	22	76670	卖盘
09:54:48	34.86	0.05	31	108066	买盘
09:54:45	34.81	-0.04	1	3481	卖盘
09:54:42	34.85	0.03	10	34850	买盘
09:54:39	34.82	-0.03	8	27856	卖盘
09:54:33	34.85	--	9	31365	买盘
09:54:30	34.85	--	6	20910	卖盘
09:54:27	34.85	--	2	6970	卖盘
09:54:21	34.85	--	160	557600	买盘
09:54:18	34.85	--	10	34850	买盘
09:54:15	34.85	--	10	34850	买盘
09:54:09	34.85	--	25	87125	买盘
09:54:06	34.85	-0.03	12	41820	卖盘
09:54:03	34.88	0.02	3	10464	买盘
09:54:00	34.86	-0.02	10	34860	卖盘
09:53:57	34.88	0.01	10	34880	买盘
09:53:54	34.87	--	11	38357	买盘
09:53:51	34.87	0.07	5	17435	买盘
09:53:48	34.8	-0.08	700	2436000	卖盘
09:53:42	34.88	--	11	38368	买盘
09:53:39	34.88	--	1	3488	买盘
09:53:36	34.88	--	52	181376	买盘
09:53:27	34.88	--	10	34880	买盘
09:53:24	34.88	--	15	52320	买盘
09:53:21	34.88	-0.01	10	34880	卖盘
09:53:18	34.89	--	40	139560	买盘
09:53:15	34.89	-0.01	10	34890	中性盘
09:53:09	34.9	--	15	52350	买盘
09:53:03	34.9	--	12	41880	买盘
09:52:57	34.9	--	12	41880	买盘
09:52:51	34.9	--	553	1929970	卖盘
09:52:36	34.9	--	4	13960	卖盘
09:52:33	34.9	-0.05	16	55840	买盘
09:52:30	34.95	0.08	105	366975	买盘
09:52:27	34.87	-0.03	92	320804	卖盘
09:52:21	34.9	-0.07	2	6980	卖盘
09:52:15	34.97	0.02	30	104910	买盘
09:52:12	34.95	--	21	73395	买盘
09:52:09	34.95	-0.01	38	132810	卖盘
09:52:06	34.96	--	6	20976	卖盘
09:52:03	34.96	-0.02	6	20976	卖盘
09:51:54	34.98	-0.03	55	192389	卖盘
09:51:51	35.01	-0.01	41	143541	中性盘
09:51:48	35.02	--	5	17510	买盘
09:51:45	35.02	-0.03	1	3502	中性盘
09:51:42	35.05	--	826	2895129	买盘
09:51:39	35.05	0.02	4	14019	买盘
09:51:36	35.03	-0.02	10	35030	卖盘
09:51:33	35.05	--	10	35050	买盘
09:51:30	35.05	-0.03	323	1132115	卖盘
09:51:27	35.08	0.02	15	52620	买盘
09:51:24	35.06	-0.02	300	1051800	卖盘
09:51:21	35.08	0.01	71	249068	买盘
09:51:18	35.07	--	97	340179	买盘
09:51:15	35.07	--	9	31563	买盘
09:51:12	35.07	--	66	231462	买盘
09:51:09	35.07	--	16	56112	买盘
09:51:06	35.07	0.01	11	38577	买盘
09:51:00	35.06	--	10	35060	卖盘
09:50:57	35.06	--	58	203348	卖盘
09:50:54	35.06	0.04	275	964150	买盘
09:50:51	35.02	-0.03	10	35020	卖盘
09:50:48	35.05	--	59	206794	买盘
09:50:45	35.05	--	6	21030	买盘
09:50:42	35.05	--	26	91129	卖盘
09:50:39	35.05	-0.01	203	711515	卖盘
09:50:36	35.06	--	26	91156	卖盘
09:50:33	35.06	--	29	101674	卖盘
09:50:30	35.06	--	264	925584	卖盘
09:50:27	35.06	0.04	517	1812602	买盘
09:50:24	35.02	--	11	38522	买盘
09:50:21	35.02	-0.03	89	311678	卖盘
09:50:18	35.05	-0.01	151	529255	中性盘
09:50:15	35.06	0.04	18	63108	买盘
09:50:12	35.02	-0.03	34	119068	卖盘
09:50:09	35.05	--	1	3504	卖盘
09:50:06	35.05	--	13	45564	卖盘
09:50:03	35.05	0.03	5	17525	卖盘
09:50:00	35.02	0.02	40	140080	买盘
09:49:57	35.0	-0.02	29	101500	卖盘
09:49:51	35.02	0.02	10	35020	买盘
09:49:45	35.0	0.01	103	360500	买盘
09:49:42	34.99	-0.01	8	27992	卖盘
09:49:39	35.0	0.01	161	563500	买盘
09:49:36	34.99	0.04	21	73479	买盘
09:49:30	34.95	-0.05	206	719970	卖盘
09:49:27	35.0	0.02	27	94500	买盘
09:49:24	34.98	0.03	26	90947	买盘
09:49:21	34.95	--	4	13980	卖盘
09:49:18	34.95	--	4	13980	卖盘
09:49:15	34.95	--	35	122325	卖盘
09:49:12	34.95	0.06	150	526836	买盘
09:49:09	34.89	-0.02	32	111648	卖盘
09:49:03	34.91	0.01	97	338626	买盘
09:49:00	34.9	--	20	69800	买盘
09:48:57	34.9	--	6	20940	买盘
09:48:54	34.9	--	18	62820	买盘
09:48:51	34.9	0.01	39	136110	买盘
09:48:48	34.89	--	40	139560	买盘
09:48:45	34.89	-0.01	79	275631	卖盘
09:48:42	34.9	--	8	27920	卖盘
09:48:39	34.9	--	10	34900	卖盘
09:48:36	34.9	--	7	24430	买盘
09:48:33	34.9	--	44	153560	买盘
09:48:30	34.9	0.05	10	34900	买盘
09:48:27	34.85	--	232	809460	卖盘
09:48:21	34.85	-0.05	10	34850	卖盘
09:48:18	34.9	0.05	19	66310	买盘
09:48:15	34.85	0.02	155	540175	买盘
09:48:09	34.83	--	7	24381	卖盘
09:48:03	34.83	0.01	249	867267	买盘
09:48:00	34.82	0.04	4	13928	买盘
09:47:57	34.78	-0.02	101	351278	卖盘
09:47:54	34.8	--	10	34800	卖盘
09:47:51	34.8	--	104	361919	卖盘
09:47:48	34.8	0.01	214	744719	买盘
09:47:45	34.79	--	44	153076	卖盘
09:47:36	34.79	0.01	8	27832	买盘
09:47:33	34.78	--	7	24346	买盘
09:47:30	34.78	0.01	3	10434	中性盘
09:47:24	34.77	-0.01	45	156465	卖盘
09:47:21	34.78	0.01	10	34780	买盘
09:47:18	34.77	0.04	24	83448	买盘
09:47:15	34.73	--	1	3472	卖盘
09:47:06	34.73	--	5	17365	卖盘
09:47:03	34.73	--	8	27783	买盘
09:47:00	34.73	0.03	2	6945	买盘
09:46:57	34.7	--	31	107570	卖盘
09:46:54	34.7	--	10	34700	卖盘
09:46:51	34.7	--	52	180440	买盘
09:46:48	34.7	--	45	156150	买盘
09:46:45	34.7	--	7	24290	买盘
09:46:42	34.7	0.01	101	350470	买盘
09:46:39	34.69	-0.01	15	52035	卖盘
09:46:36	34.7	--	31	107570	买盘
09:46:33	34.7	--	95	329650	买盘
09:46:30	34.7	0.02	9	31230	买盘
09:46:27	34.68	-0.01	53	183804	卖盘
09:46:24	34.69	--	4	13876	卖盘
09:46:21	34.69	-0.01	80	277520	卖盘
09:46:18	34.7	--	22	76340	买盘
09:46:15	34.7	0.01	43	149210	买盘
09:46:12	34.69	-0.01	55	190795	卖盘
09:46:09	34.7	--	107	371290	买盘
09:46:06	34.7	--	1	3470	买盘
09:46:03	34.7	--	144	499680	卖盘
09:46:00	34.7	-0.04	100	347000	卖盘
09:45:57	34.74	0.04	68	236232	买盘
09:45:54	34.7	-0.07	168	582960	卖盘
09:45:51	34.77	--	70	243390	买盘
09:45:48	34.77	0.02	69	239913	买盘
09:45:45	34.75	--	83	288425	买盘
09:45:42	34.75	-0.03	78	271050	卖盘
09:45:39	34.78	--	58	201724	买盘
09:45:36	34.78	--	17	59126	买盘
09:45:33	34.78	--	82	285196	买盘
09:45:30	34.78	--	11	38258	卖盘
09:45:24	34.78	-0.02	26	90428	卖盘
09:45:21	34.8	0.03	10	34800	买盘
09:45:15	34.77	--	10	34770	买盘
09:45:12	34.77	-0.03	89	309453	卖盘
09:45:09	34.8	0.02	10	34800	中性盘
09:45:06	34.78	-0.02	62	215636	卖盘
09:45:03	34.8	-0.03	64	222719	卖盘
09:45:00	34.83	0.06	50	174150	中性盘
09:44:54	34.77	-0.06	150	521550	卖盘
09:44:51	34.83	-0.02	2	6966	中性盘
09:44:48	34.85	0.08	175	609875	买盘
09:44:45	34.77	-0.02	108	375516	卖盘
09:44:42	34.79	-0.04	17	59143	卖盘
09:44:39	34.83	0.04	50	174150	中性盘
09:44:36	34.79	-0.04	160	556640	卖盘
09:44:27	34.83	-0.02	25	87075	中性盘
09:44:21	34.85	0.01	1	3485	买盘
09:44:18	34.84	0.05	109	379756	买盘
09:44:15	34.79	-0.04	136	473144	卖盘
09:44:12	34.83	-0.02	12	41796	卖盘
09:44:09	34.85	0.03	53	184705	买盘
09:44:00	34.82	--	31	107942	卖盘
09:43:57	34.82	0.01	8	27856	买盘
09:43:54	34.81	0.09	66	229746	买盘
09:43:51	34.72	-0.05	39	135408	卖盘
09:43:48	34.77	-0.02	48	166896	卖盘
09:43:45	34.79	--	3	10437	卖盘
09:43:42	34.79	--	16	55664	卖盘
09:43:39	34.79	--	9	31311	卖盘
09:43:36	34.79	0.01	45	156555	中性盘
09:43:33	34.78	-0.01	8	27824	卖盘
09:43:30	34.79	--	27	93933	买盘
09:43:27	34.79	--	11	38269	买盘
09:43:24	34.79	--	39	135681	买盘
09:43:15	34.79	0.08	40	139160	买盘
09:43:03	34.71	--	29	100659	卖盘
09:43:00	34.71	--	9	31239	卖盘
09:42:57	34.71	0.02	4	13884	买盘
09:42:54	34.69	-0.02	100	346900	卖盘
09:42:51	34.71	--	6	20826	买盘
09:42:48	34.71	0.02	2	6942	买盘
09:42:39	34.69	--	52	180388	买盘
09:42:36	34.69	--	12	41628	买盘
09:42:33	34.69	--	11	38159	买盘
09:42:30	34.69	0.05	72	249767	买盘
09:42:27	34.64	-0.05	14	48496	卖盘
09:42:24	34.69	--	46	159574	买盘
09:42:21	34.69	--	11	38159	买盘
09:42:18	34.69	--	39	135291	买盘
09:42:12	34.69	-0.01	120	416280	卖盘
09:42:09	34.7	0.01	3	10410	买盘
09:42:06	34.69	--	37	128352	卖盘
09:42:03	34.69	--	3	10407	卖盘
09:41:57	34.69	--	3	10407	买盘
09:41:51	34.69	0.06	17	58972	买盘
09:41:48	34.63	-0.06	25	86575	卖盘
09:41:45	34.69	0.09	10	34690	买盘
09:41:42	34.6	-0.03	5	17300	卖盘
09:41:39	34.63	--	42	145446	买盘
09:41:36	34.63	0.04	30	103890	买盘
09:41:33	34.59	--	192	664128	买盘
09:41:30	34.59	-0.01	535	1850565	卖盘
09:41:27	34.6	0.01	2	6920	中性盘
09:41:24	34.59	--	66	228294	卖盘
09:41:21	34.59	--	19	65721	卖盘
09:41:18	34.59	-0.1	16	55344	卖盘
09:41:15	34.69	0.1	20	69380	买盘
09:41:12	34.59	--	12	41508	卖盘
09:41:09	34.59	--	83	287097	买盘
09:41:06	34.59	--	39	134901	买盘
09:41:00	34.59	--	52	179868	买盘
09:40:57	34.59	--	70	242130	卖盘
09:40:54	34.59	0.03	1	3459	卖盘
09:40:51	34.56	--	117	404352	卖盘
09:40:48	34.56	-0.01	105	362880	卖盘
09:40:45	34.57	-0.08	104	361325	卖盘
09:40:42	34.65	0.05	21	72765	买盘
09:40:39	34.6	--	8	27680	买盘
09:40:36	34.6	--	13	44980	买盘
09:40:33	34.6	-0.05	351	1214460	卖盘
09:40:30	34.65	-0.05	34	117810	卖盘
09:40:27	34.7	0.01	19	65930	卖盘
09:40:24	34.69	0.01	46	159574	卖盘
09:40:21	34.68	-0.02	116	402288	卖盘
09:40:18	34.7	0.01	13	45110	买盘
09:40:15	34.69	-0.01	172	596668	卖盘
09:40:12	34.7	0.01	10	34700	买盘
09:40:06	34.69	--	113	391997	卖盘
09:40:03	34.69	-0.01	46	159574	卖盘
09:40:00	34.7	--	10	34700	买盘
09:39:57	34.7	--	4	13880	买盘
09:39:54	34.7	-0.02	175	607250	卖盘
09:39:51	34.72	-0.06	133	461776	卖盘
09:39:48	34.78	--	95	330410	卖盘
09:39:45	34.78	0.07	105	365190	买盘
09:39:42	34.71	-0.06	31	107601	卖盘
09:39:39	34.77	--	118	410286	卖盘
09:39:36	34.77	-0.01	16	55632	卖盘
09:39:33	34.78	--	22	76516	买盘
09:39:30	34.78	-0.01	287	998186	买盘
09:39:27	34.79	--	64	222656	买盘
09:39:24	34.79	0.02	11	38269	买盘
09:39:21	34.77	-0.03	83	288591	卖盘
09:39:18	34.8	--	51	177480	买盘
09:39:15	34.8	--	15	52199	买盘
09:39:12	34.8	--	8	27839	买盘
09:39:09	34.8	-0.01	77	267960	卖盘
09:39:06	34.81	--	57	198417	买盘
09:39:03	34.81	-0.03	128	445568	卖盘
09:39:00	34.84	-0.01	121	421564	中性盘
09:38:57	34.85	0.04	8	27880	买盘
09:38:54	34.81	-0.04	11	38291	卖盘
09:38:51	34.85	--	15	52275	买盘
09:38:48	34.85	0.06	8	27880	买盘
09:38:45	34.79	-0.06	197	685363	卖盘
09:38:42	34.85	--	8	27880	卖盘
09:38:39	34.85	--	14	48790	卖盘
09:38:36	34.85	0.04	1	3485	卖盘
09:38:33	34.81	-0.04	33	114873	卖盘
09:38:30	34.85	0.03	160	557600	买盘
09:38:27	34.82	0.02	28	97496	买盘
09:38:24	34.8	-0.05	66	229679	卖盘
09:38:21	34.85	--	19	66215	买盘
09:38:18	34.85	--	75	261375	买盘
09:38:15	34.85	--	56	195160	买盘
09:38:12	34.85	0.02	146	508810	买盘
09:38:09	34.83	-0.05	15	52245	卖盘
09:38:06	34.88	-0.01	73	254624	中性盘
09:38:03	34.89	0.04	10	34890	买盘
09:38:00	34.85	--	11	38335	卖盘
09:37:57	34.85	--	7	24395	卖盘
09:37:54	34.85	0.06	72	250920	买盘
09:37:51	34.79	--	106	368774	买盘
09:37:48	34.79	0.02	3	10437	买盘
09:37:42	34.77	0.01	1	3477	卖盘
09:37:39	34.76	0.01	15	52140	买盘
09:37:36	34.75	0.05	36	125100	买盘
09:37:33	34.7	-0.05	9	31230	卖盘
09:37:30	34.75	0.05	93	323175	买盘
09:37:27	34.7	--	7	24290	卖盘
09:37:24	34.7	--	28	100248	买盘
09:37:21	34.7	0.01	100	347000	买盘
09:37:18	34.69	--	50	173450	卖盘
09:37:15	34.69	0.01	9	31220	买盘
09:37:12	34.68	-0.01	17	58956	卖盘
09:37:09	34.69	0.08	2	6938	买盘
09:37:06	34.61	-0.04	300	1038300	卖盘
09:37:03	34.65	--	62	214830	卖盘
09:36:57	34.65	--	7	24255	买盘
09:36:54	34.65	0.01	27	93555	买盘
09:36:51	34.64	-0.01	1	3464	中性盘
09:36:48	34.65	0.05	13	45045	买盘
09:36:45	34.6	--	104	359840	卖盘
09:36:42	34.6	-0.03	31	107260	卖盘
09:36:39	34.63	--	5	17315	买盘
09:36:36	34.63	--	51	176613	买盘
09:36:33	34.63	0.08	15	51945	买盘
09:36:30	34.55	-0.09	160	553007	卖盘
09:36:27	34.64	0.08	5	17320	买盘
09:36:24	34.56	-0.05	177	611712	卖盘
09:36:21	34.61	0.03	3	10383	买盘
09:36:18	34.58	--	75	259350	买盘
09:36:15	34.58	0.02	90	311220	买盘
09:36:12	34.56	--	10	34560	买盘
09:36:09	34.56	-0.05	63	217728	卖盘
09:36:06	34.61	--	12	41532	买盘
09:36:03	34.61	0.03	70	242270	买盘
09:36:00	34.58	0.05	55	190190	买盘
09:35:57	34.53	-0.07	134	462702	卖盘
09:35:54	34.6	-0.04	11	38060	卖盘
09:35:51	34.64	0.04	134	464176	买盘
09:35:48	34.6	-0.02	1	3460	中性盘
09:35:45	34.62	--	33	114245	买盘
09:35:42	34.62	--	78	270036	买盘
09:35:39	34.62	0.02	106	366972	买盘
09:35:36	34.6	0.04	17	58820	中性盘
09:35:33	34.56	-0.1	243	839808	卖盘
09:35:30	34.66	-0.02	29	103772	买盘
09:35:27	34.68	0.02	24	83232	买盘
09:35:24	34.66	--	7	24261	买盘
09:35:21	34.66	-0.02	29	100513	卖盘
09:35:18	34.68	-0.02	27	93636	卖盘
09:35:15	34.7	0.01	129	447630	买盘
09:35:12	34.69	-0.01	96	333024	卖盘
09:35:09	34.7	0.02	24	83280	买盘
09:35:06	34.68	-0.02	62	215016	卖盘
09:35:03	34.7	--	38	132241	卖盘
09:35:00	34.7	--	53	183910	卖盘
09:34:57	34.7	-0.04	48	166560	卖盘
09:34:54	34.74	-0.01	14	48636	买盘
09:34:51	34.75	0.05	11	38225	卖盘
09:34:48	34.7	-0.05	39	135330	卖盘
09:34:45	34.75	0.04	193	670675	卖盘
09:34:42	34.71	-0.07	212	738941	卖盘
09:34:39	34.78	0.02	1	3478	买盘
09:34:36	34.76	-0.02	7	24332	卖盘
09:34:33	34.78	--	18	62604	买盘
09:34:30	34.78	-0.02	43	149554	卖盘
09:34:27	34.8	--	116	403679	买盘
09:34:24	34.8	--	114	396719	买盘
09:34:21	34.8	-0.02	201	699480	卖盘
09:34:18	34.82	--	55	191510	买盘
09:34:15	34.82	--	8	27856	买盘
09:34:12	34.82	--	58	201956	买盘
09:34:09	34.82	-0.01	82	285524	卖盘
09:34:06	34.83	--	42	146286	买盘
09:34:03	34.83	--	13	45279	买盘
09:34:00	34.83	--	10	34830	买盘
09:33:57	34.83	-0.02	64	222912	卖盘
09:33:54	34.85	0.02	1	3485	买盘
09:33:51	34.83	-0.02	5	17415	卖盘
09:33:48	34.85	0.05	557	1941145	买盘
09:33:45	34.8	--	22	76560	买盘
09:33:42	34.8	-0.04	114	396719	中性盘
09:33:39	34.84	0.01	128	445952	中性盘
09:33:36	34.83	0.02	18	62694	卖盘
09:33:33	34.81	-0.03	119	414239	卖盘
09:33:30	34.84	0.03	23	80132	买盘
09:33:27	34.81	-0.02	10	34810	卖盘
09:33:24	34.83	0.02	5	17415	买盘
09:33:21	34.81	--	35	121835	卖盘
09:33:18	34.81	--	31	107911	买盘
09:33:15	34.81	0.13	42	146202	买盘
09:33:12	34.68	-0.12	307	1064676	卖盘
09:33:09	34.8	--	212	737759	卖盘
09:33:06	34.8	--	205	713399	卖盘
09:33:03	34.8	0.02	143	497639	买盘
09:33:00	34.78	--	29	100862	买盘
09:32:57	34.78	-0.02	32	111296	卖盘
09:32:54	34.8	0.1	119	414119	买盘
09:32:51	34.7	-0.07	119	412930	卖盘
09:32:48	34.77	--	40	139080	卖盘
09:32:45	34.77	--	37	128649	买盘
09:32:42	34.77	--	5	17385	买盘
09:32:39	34.77	-0.01	29	100833	卖盘
09:32:36	34.78	0.01	174	605380	买盘
09:32:33	34.77	-0.01	133	462441	中性盘
09:32:30	34.78	0.01	52	180856	买盘
09:32:27	34.77	--	43	149511	卖盘
09:32:24	34.77	-0.04	159	552843	卖盘
09:32:21	34.81	0.01	3	10443	买盘
09:32:18	34.8	--	13	45239	买盘
09:32:15	34.8	--	31	107879	买盘
09:32:12	34.8	-0.05	211	734279	卖盘
09:32:09	34.85	--	132	460020	买盘
09:32:06	34.85	0.02	221	770185	买盘
09:32:03	34.83	-0.03	125	435375	卖盘
09:32:00	34.86	--	175	610050	买盘
09:31:57	34.86	--	33	115038	买盘
09:31:54	34.86	--	260	906360	买盘
09:31:51	34.86	-0.04	306	1066716	卖盘
09:31:48	34.9	--	108	376920	买盘
09:31:45	34.9	0.04	28	97720	买盘
09:31:42	34.86	-0.02	79	275394	卖盘
09:31:39	34.88	-0.01	138	481344	卖盘
09:31:36	34.89	--	15	52335	买盘
09:31:33	34.89	--	31	108159	买盘
09:31:30	34.89	-0.06	103	362821	卖盘
09:31:27	34.95	0.01	36	125820	买盘
09:31:24	34.94	--	46	160724	买盘
09:31:21	34.94	--	22	76868	买盘
09:31:18	34.94	0.09	70	244614	买盘
09:31:15	34.85	--	127	442595	买盘
09:31:12	34.85	-0.05	370	1292900	卖盘
09:31:09	34.9	--	139	485144	买盘
09:31:06	34.9	-0.02	112	394335	卖盘
09:31:03	34.92	0.02	98	342250	买盘
09:31:00	34.9	--	24	83760	买盘
09:30:57	34.9	-0.04	171	596790	卖盘
09:30:54	34.94	0.01	3	10482	买盘
09:30:51	34.93	0.03	5	17465	买盘
09:30:48	34.9	0.02	66	230340	买盘
09:30:45	34.88	-0.02	278	969664	卖盘
09:30:42	34.9	0.05	74	258260	买盘
09:30:39	34.85	-0.02	77	268345	卖盘
09:30:36	34.87	0.02	28	97636	中性盘
09:30:33	34.85	--	54	188190	买盘
09:30:30	34.85	--	33	115005	买盘
09:30:27	34.85	0.02	6	20910	买盘
09:30:24	34.83	--	22	76626	卖盘
09:30:21	34.83	0.01	45	156735	买盘
09:30:18	34.82	0.01	29	100978	买盘
09:30:15	34.81	0.01	140	487340	买盘
09:30:12	34.8	--	124	431519	买盘
09:30:09	34.8	-0.01	496	1726079	卖盘
09:30:06	34.81	0.11	1874	6523394	买盘
09:30:03	34.7	-0.13	702	2435940	卖盘
09:25:03	34.83	34.83	3033	10563939	买盘
