成交时间	成交价	价格变动	成交量(手)	成交额(元)	性质
15:00:03	31.46	--	292	918946	买盘
14:57:03	31.46	--	0	0	买盘
14:57:00	31.46	-0.01	11	34606	卖盘
14:56:54	31.47	--	20	62940	买盘
14:56:48	31.47	0.01	2	6294	买盘
14:56:45	31.46	0.01	5	15730	卖盘
14:56:39	31.45	-0.01	10	31450	卖盘
14:56:36	31.46	--	3	9438	买盘
14:56:30	31.46	--	1	3146	买盘
14:56:27	31.46	--	4	12584	买盘
14:56:24	31.46	0.01	8	25168	买盘
14:56:21	31.45	--	1	3145	卖盘
14:56:18	31.45	--	19	59755	卖盘
14:56:06	31.45	--	3	9435	卖盘
14:56:03	31.45	0.02	143	451087	买盘
14:56:00	31.43	-0.01	80	251440	卖盘
14:55:57	31.44	--	10	31440	买盘
14:55:54	31.44	0.01	2	6288	买盘
14:55:48	31.43	--	1	3143	卖盘
14:55:42	31.43	--	11	34573	买盘
14:55:36	31.43	0.01	2	6286	买盘
14:55:27	31.42	--	1	3142	中性盘
14:55:24	31.42	0.01	10	31420	买盘
14:55:09	31.41	--	18	56538	买盘
14:55:06	31.41	0.01	1	3141	买盘
14:55:00	31.4	-0.01	3	9420	卖盘
14:54:57	31.41	0.01	10	31410	买盘
14:54:54	31.4	-0.01	38	119320	卖盘
14:54:51	31.41	--	5	15705	买盘
14:54:48	31.41	--	5	15705	买盘
14:54:45	31.41	--	3	9423	买盘
14:54:39	31.41	--	5	15705	买盘
14:54:36	31.41	--	5	15705	买盘
14:54:33	31.41	--	3	9423	买盘
14:54:21	31.41	-0.02	48	150768	卖盘
14:54:06	31.43	--	1	3143	买盘
14:53:51	31.43	--	3	9429	买盘
14:53:48	31.43	--	3	9429	买盘
14:53:45	31.43	0.01	50	157150	买盘
14:53:39	31.42	-0.01	7	21994	卖盘
14:53:36	31.43	--	11	34573	买盘
14:53:33	31.43	0.01	1	3143	买盘
14:53:12	31.42	0.01	22	69124	买盘
14:53:06	31.41	-0.01	6	18846	卖盘
14:53:03	31.42	0.01	30	94260	买盘
14:52:57	31.41	--	5	15705	卖盘
14:52:54	31.41	--	3	9423	卖盘
14:52:39	31.41	-0.01	10	31410	卖盘
14:52:36	31.42	--	20	62840	买盘
14:52:33	31.42	--	3	9426	买盘
14:52:30	31.42	--	8	25136	买盘
14:52:27	31.42	--	1	3142	买盘
14:52:21	31.42	-0.01	17	53414	卖盘
14:52:09	31.43	--	10	31430	买盘
14:52:06	31.43	0.02	1	3143	买盘
14:51:36	31.41	--	1	3141	卖盘
14:51:30	31.41	--	27	84807	买盘
14:51:24	31.41	0.01	5	15705	买盘
14:51:21	31.4	--	4	12560	卖盘
14:51:06	31.4	-0.03	10	31400	卖盘
14:51:00	31.43	0.03	215	675745	买盘
14:50:57	31.4	0.01	3	9420	买盘
14:50:51	31.39	-0.01	15	47085	卖盘
14:50:48	31.4	--	1	3140	买盘
14:50:42	31.4	--	3	9420	买盘
14:50:36	31.4	--	21	67729	卖盘
14:50:27	31.4	-0.01	30	94200	卖盘
14:50:06	31.41	0.01	5	15705	卖盘
14:50:03	31.4	-0.01	40	125600	卖盘
14:50:00	31.41	--	0	1350	买盘
14:49:57	31.41	--	5	15705	买盘
14:49:51	31.41	--	2	6282	买盘
14:49:45	31.41	--	2	8072	卖盘
14:49:42	31.41	--	7	21987	卖盘
14:49:30	31.41	--	40	125640	卖盘
14:49:15	31.41	--	3	9423	卖盘
14:49:12	31.41	-0.01	50	157050	卖盘
14:49:09	31.42	--	2	6284	买盘
14:49:06	31.42	--	1	3142	买盘
14:48:57	31.42	-0.01	2	6284	中性盘
14:48:39	31.43	0.01	10	31430	买盘
14:48:36	31.42	--	18	56556	卖盘
14:48:27	31.42	-0.01	11	34562	卖盘
14:48:09	31.43	--	1	3143	买盘
14:48:03	31.43	--	60	188580	卖盘
14:47:45	31.43	-0.01	10	31430	卖盘
14:47:36	31.44	--	2	6288	买盘
14:47:24	31.44	--	5	15720	买盘
14:47:06	31.44	--	6	18864	买盘
14:47:03	31.44	--	1	3144	买盘
14:46:12	31.44	--	5	15720	买盘
14:46:09	31.44	-0.01	14	44016	卖盘
14:46:00	31.45	--	5	15725	买盘
14:45:45	31.45	--	8	25160	买盘
14:45:12	31.45	--	10	31450	买盘
14:45:06	31.45	--	18	56610	买盘
14:44:48	31.45	--	10	31450	买盘
14:44:36	31.45	--	30	94350	买盘
14:44:30	31.45	--	10	31450	买盘
14:44:21	31.45	--	8	25160	买盘
14:44:15	31.45	0.02	51	160395	买盘
14:44:12	31.43	-0.01	40	125720	卖盘
14:44:00	31.44	--	5	15720	买盘
14:43:57	31.44	0.01	10	31440	买盘
14:43:48	31.43	-0.01	7	22001	卖盘
14:43:45	31.44	0.01	2	6288	买盘
14:43:27	31.43	--	9	28287	买盘
14:43:24	31.43	0.01	10	31430	买盘
14:43:18	31.42	-0.01	4	12568	卖盘
14:43:06	31.43	0.01	1	3143	买盘
14:41:57	31.42	--	6	18852	买盘
14:41:54	31.42	--	20	62840	买盘
14:41:33	31.42	-0.01	19	59698	卖盘
14:41:06	31.43	--	1	3143	买盘
14:41:03	31.43	0.01	13	40859	买盘
14:40:45	31.42	-0.01	10	31420	卖盘
14:40:39	31.43	--	13	40859	买盘
14:40:30	31.43	--	18	56574	卖盘
14:40:09	31.43	--	2	6286	卖盘
14:40:03	31.43	-0.02	10	31430	卖盘
14:40:00	31.45	0.02	10	31450	买盘
14:39:21	31.43	--	10	31430	卖盘
14:39:18	31.43	--	5	15715	卖盘
14:39:09	31.43	--	1	3143	卖盘
14:38:57	31.43	--	10	31430	卖盘
14:38:42	31.43	-0.01	25	78575	卖盘
14:38:36	31.44	0.01	2	6288	中性盘
14:38:21	31.43	-0.01	15	47145	卖盘
14:38:12	31.44	-0.01	20	62880	卖盘
14:38:06	31.45	--	1	3145	买盘
14:37:51	31.45	--	2	6290	卖盘
14:37:48	31.45	--	16	50320	卖盘
14:37:45	31.45	--	7	22015	卖盘
14:37:42	31.45	--	3	9435	卖盘
14:37:33	31.45	--	4	12580	卖盘
14:37:24	31.45	-0.01	49	154105	卖盘
14:37:06	31.46	-0.01	14	44044	卖盘
14:37:03	31.47	--	7	22029	买盘
14:36:39	31.47	0.01	4	12588	买盘
14:36:30	31.46	-0.01	10	31460	卖盘
14:36:06	31.47	--	1	3147	买盘
14:36:00	31.47	0.01	4	12588	买盘
14:34:57	31.46	0.01	10	31460	中性盘
14:34:24	31.45	-0.01	1	3145	卖盘
14:34:09	31.46	--	3	9438	买盘
14:34:06	31.46	--	1	3146	买盘
14:34:03	31.46	--	4	12584	买盘
14:33:57	31.46	--	10	31460	卖盘
14:33:54	31.46	--	5	15730	卖盘
14:33:36	31.46	--	6	18876	卖盘
14:33:06	31.46	--	5	15730	卖盘
14:32:48	31.46	--	6	18876	买盘
14:32:42	31.46	--	24	75504	卖盘
14:32:36	31.46	-0.01	3	9438	卖盘
14:32:15	31.47	--	5	15735	买盘
14:32:00	31.47	--	3	9441	买盘
14:31:39	31.47	0.01	5	15735	买盘
14:31:18	31.46	--	33	103818	买盘
14:31:06	31.46	0.01	1	3146	买盘
14:30:51	31.45	--	44	138380	卖盘
14:30:42	31.45	--	5	15725	卖盘
14:30:39	31.45	--	1	3145	卖盘
14:30:33	31.45	--	10	31450	卖盘
14:30:09	31.45	--	19	59755	卖盘
14:30:06	31.45	-0.01	22	69190	卖盘
14:29:57	31.46	0.01	1	3146	买盘
14:29:54	31.45	--	18	56610	卖盘
14:29:42	31.45	-0.01	5	15725	卖盘
14:29:36	31.46	0.01	8	25168	买盘
14:29:24	31.45	--	30	94350	卖盘
14:29:21	31.45	--	17	53465	卖盘
14:29:00	31.45	--	7	22015	卖盘
14:28:24	31.45	-0.01	10	31450	卖盘
14:28:06	31.46	--	1	3146	买盘
14:27:30	31.46	--	3	9438	买盘
14:27:21	31.46	--	1	3146	买盘
14:27:03	31.46	--	10	31460	买盘
14:26:57	31.46	--	12	37752	卖盘
14:26:45	31.46	--	10	31460	卖盘
14:26:42	31.46	--	10	31460	卖盘
14:26:39	31.46	--	10	31460	卖盘
14:26:24	31.46	-0.01	1	3146	卖盘
14:26:06	31.47	0.01	4	12588	买盘
14:25:57	31.46	-0.01	50	157300	卖盘
14:25:24	31.47	--	1	3147	卖盘
14:25:09	31.47	-0.01	1	3147	卖盘
14:25:06	31.48	0.01	1	3148	买盘
14:25:00	31.47	-0.01	10	31470	卖盘
14:24:36	31.48	0.01	4	12592	买盘
14:24:27	31.47	--	5	15735	卖盘
14:24:12	31.47	--	5	15735	卖盘
14:23:24	31.47	-0.01	2	6294	卖盘
14:23:21	31.48	0.01	3	9444	买盘
14:23:03	31.47	-0.01	10	31470	卖盘
14:22:57	31.48	0.01	2	6296	买盘
14:22:45	31.47	--	10	31470	卖盘
14:22:12	31.47	-0.01	3	9441	卖盘
14:22:06	31.48	--	3	9444	买盘
14:22:03	31.48	--	4	12592	卖盘
14:21:45	31.48	-0.01	5	15740	卖盘
14:21:06	31.49	--	1	3149	买盘
14:21:03	31.49	--	5	15745	买盘
14:20:57	31.49	--	10	31490	买盘
14:20:36	31.49	--	20	62980	买盘
14:20:24	31.49	0.01	50	157450	买盘
14:20:09	31.48	-0.01	1	3148	卖盘
14:20:03	31.49	0.01	5	15745	买盘
14:19:42	31.48	--	33	103884	卖盘
14:19:18	31.48	0.01	1	3148	买盘
14:19:15	31.47	-0.01	6	18882	卖盘
14:19:03	31.48	--	3	9444	买盘
14:19:00	31.48	--	3	9444	买盘
14:18:51	31.48	--	2	6296	买盘
14:18:42	31.48	--	10	31480	买盘
14:18:30	31.48	0.01	5	15740	买盘
14:18:24	31.47	-0.01	21	66087	卖盘
14:18:12	31.48	--	5	15740	买盘
14:18:06	31.48	0.01	1	3148	买盘
14:17:36	31.47	0.01	11	34617	买盘
14:17:15	31.46	-0.01	50	157300	中性盘
14:16:39	31.47	0.01	10	31470	买盘
14:16:27	31.46	-0.01	7	22022	卖盘
14:16:06	31.47	0.01	1	3147	买盘
14:15:48	31.46	0.01	19	59774	买盘
14:14:57	31.45	--	42	132090	买盘
14:14:03	31.45	--	6	18870	买盘
14:13:33	31.45	--	2	6290	买盘
14:13:15	31.45	--	10	31450	买盘
14:13:09	31.45	--	26	81770	买盘
14:13:06	31.45	--	1	3145	买盘
14:12:48	31.45	--	5	15725	买盘
14:12:27	31.45	0.02	1	3145	买盘
14:12:18	31.43	-0.01	15	47145	卖盘
14:10:45	31.44	--	10	31440	卖盘
14:10:12	31.44	-0.01	3	9432	卖盘
14:10:06	31.45	0.01	1	3145	买盘
14:09:30	31.44	--	1	3144	买盘
14:09:21	31.44	--	5	15720	买盘
14:09:15	31.44	--	3	9432	买盘
14:09:06	31.44	--	3	9432	买盘
14:09:03	31.44	-0.01	28	88032	卖盘
14:08:42	31.45	--	2	6290	买盘
14:08:33	31.45	--	5	15725	买盘
14:08:03	31.45	0.01	3	9435	买盘
14:07:45	31.44	--	3	9432	卖盘
14:07:39	31.44	0.01	21	66024	买盘
14:07:27	31.43	-0.01	10	31430	卖盘
14:07:18	31.44	--	18	56592	买盘
14:07:15	31.44	--	20	62880	买盘
14:07:06	31.44	0.01	1	3144	买盘
14:07:03	31.43	--	2	6286	卖盘
14:06:15	31.43	-0.01	4	12572	卖盘
14:05:39	31.44	--	10	31440	卖盘
14:05:36	31.44	-0.01	10	31440	卖盘
14:05:09	31.45	--	3	9435	卖盘
14:05:06	31.45	--	5	15725	卖盘
14:04:51	31.45	--	10	31450	卖盘
14:04:36	31.45	--	5	15725	卖盘
14:04:30	31.45	--	51	160395	买盘
14:04:15	31.45	--	15	47175	买盘
14:04:06	31.45	--	1	3145	买盘
14:04:00	31.45	-0.01	33	103785	卖盘
14:02:45	31.46	0.01	10	31460	买盘
14:02:12	31.45	--	7	22015	卖盘
14:02:09	31.45	-0.01	50	157250	卖盘
14:01:45	31.46	--	5	15730	卖盘
14:01:39	31.46	-0.01	3	9438	卖盘
14:01:24	31.47	--	5	15735	买盘
14:00:57	31.47	0.01	10	31470	买盘
14:00:48	31.46	0.01	1	3146	中性盘
14:00:33	31.45	--	7	22015	卖盘
14:00:15	31.45	-0.01	5	15725	卖盘
14:00:06	31.46	0.01	1	3146	中性盘
13:59:27	31.45	--	9	28305	卖盘
13:59:24	31.45	-0.01	21	66045	卖盘
13:59:21	31.46	--	3	9438	买盘
13:59:15	31.46	--	3	9438	买盘
13:58:54	31.46	--	10	31460	买盘
13:58:45	31.46	0.01	10	31460	买盘
13:58:42	31.45	-0.01	2	6290	卖盘
13:57:57	31.46	--	5	15730	买盘
13:57:51	31.46	--	31	97526	买盘
13:57:27	31.46	0.01	2	6292	买盘
13:57:24	31.45	-0.01	1	3145	卖盘
13:57:00	31.46	0.01	22	69212	买盘
13:56:42	31.45	0.01	10	31450	买盘
13:56:36	31.44	-0.01	7	22008	卖盘
13:56:12	31.45	--	6	18870	买盘
13:56:03	31.45	--	5	15725	买盘
13:55:42	31.45	0.01	5	15725	买盘
13:55:33	31.44	-0.01	6	18864	卖盘
13:55:06	31.45	0.01	1	3145	买盘
13:55:03	31.44	--	3	9432	卖盘
13:54:15	31.44	-0.01	2	6288	卖盘
13:53:54	31.45	0.02	1	3145	买盘
13:53:48	31.43	-0.02	1	3143	卖盘
13:53:39	31.45	0.02	6	18870	买盘
13:53:36	31.43	--	17	53431	卖盘
13:53:12	31.43	-0.02	9	28287	卖盘
13:52:54	31.45	--	11	34595	买盘
13:52:33	31.45	--	1	3145	买盘
13:52:27	31.45	0.02	5	15725	买盘
13:52:12	31.43	-0.02	15	47145	中性盘
13:51:39	31.45	--	10	31450	买盘
13:51:06	31.45	--	3	9435	买盘
13:50:51	31.45	0.04	2	6290	买盘
13:50:39	31.41	-0.01	25	81006	卖盘
13:50:30	31.42	--	10	31420	买盘
13:50:09	31.42	--	24	76067	卖盘
13:49:30	31.42	--	0	2482	卖盘
13:49:24	31.42	--	5	15710	卖盘
13:49:12	31.42	-0.03	10	31420	中性盘
13:48:54	31.45	0.03	10	31450	中性盘
13:48:51	31.42	--	10	31420	卖盘
13:48:33	31.42	-0.03	26	81692	卖盘
13:48:30	31.45	-0.01	1	3145	卖盘
13:48:09	31.46	--	10	31460	卖盘
13:48:03	31.46	0.03	187	588648	买盘
13:48:00	31.43	-0.02	1	3143	卖盘
13:47:48	31.45	0.01	29	91205	买盘
13:47:45	31.44	-0.01	2	6288	中性盘
13:47:21	31.45	--	9	28305	卖盘
13:47:15	31.45	-0.01	10	31450	卖盘
13:46:51	31.46	--	6	21675	卖盘
13:46:21	31.46	-0.02	150	471900	卖盘
13:46:06	31.48	--	1	3148	买盘
13:45:09	31.48	--	1	3148	买盘
13:45:03	31.48	--	2	6296	买盘
13:44:21	31.48	-0.01	8	25184	卖盘
13:43:57	31.49	0.01	12	37788	买盘
13:43:54	31.48	--	60	188880	卖盘
13:43:39	31.48	--	7	22036	卖盘
13:43:21	31.48	--	4	12592	卖盘
13:43:06	31.48	0.01	26	81848	买盘
13:42:36	31.47	--	1	3147	中性盘
13:42:24	31.47	--	10	31470	卖盘
13:42:12	31.47	-0.01	15	47205	卖盘
13:42:06	31.48	--	1	3148	买盘
13:41:54	31.48	0.01	15	47220	买盘
13:41:45	31.47	0.01	6	18882	买盘
13:41:30	31.46	-0.01	20	62920	卖盘
13:41:15	31.47	--	4	12588	卖盘
13:41:06	31.47	-0.01	10	31470	卖盘
13:40:51	31.48	0.01	10	31480	买盘
13:40:48	31.47	-0.01	10	31470	卖盘
13:40:12	31.48	--	1	3148	买盘
13:40:03	31.48	-0.01	35	110180	卖盘
13:39:30	31.49	0.01	1	3149	买盘
13:39:18	31.48	--	10	31480	卖盘
13:38:48	31.48	--	3	9444	卖盘
13:38:36	31.48	0.01	55	173140	中性盘
13:38:15	31.47	-0.01	21	66087	卖盘
13:38:06	31.48	0.01	1	3148	买盘
13:38:03	31.47	-0.01	27	84969	卖盘
13:37:57	31.48	--	10	31480	买盘
13:37:39	31.48	-0.01	8	25184	中性盘
13:37:00	31.49	0.01	22	69278	买盘
13:36:51	31.48	--	6	18888	卖盘
13:36:45	31.48	--	10	31480	卖盘
13:36:42	31.48	--	16	50368	卖盘
13:36:39	31.48	--	4	12592	卖盘
13:36:00	31.48	-0.01	13	40924	卖盘
13:35:57	31.49	--	5	15745	卖盘
13:35:48	31.49	--	3	9447	卖盘
13:35:30	31.49	--	5	15745	卖盘
13:35:15	31.49	--	27	85023	买盘
13:34:42	31.49	--	13	40937	卖盘
13:34:39	31.49	--	1	3149	卖盘
13:34:24	31.49	--	5	15745	买盘
13:34:09	31.49	-0.01	2	6298	卖盘
13:34:06	31.5	0.01	1	3150	买盘
13:33:54	31.49	0.01	16	50384	买盘
13:33:36	31.48	-0.01	1	3148	卖盘
13:33:21	31.49	0.01	10	31490	买盘
13:33:00	31.48	--	20	62960	买盘
13:32:57	31.48	--	20	62960	买盘
13:32:54	31.48	--	3	9444	买盘
13:32:48	31.48	--	200	629600	买盘
13:32:36	31.48	-0.01	7	22036	卖盘
13:32:33	31.49	--	40	125960	买盘
13:32:27	31.49	--	6	18894	买盘
13:32:21	31.49	--	2	6298	买盘
13:32:18	31.49	--	2	6298	买盘
13:32:15	31.49	--	22	69278	卖盘
13:32:12	31.49	-0.01	22	69278	卖盘
13:31:54	31.5	0.01	2	6300	买盘
13:31:42	31.49	0.01	12	37788	买盘
13:31:39	31.48	--	24	75552	卖盘
13:31:12	31.48	--	9	28332	买盘
13:31:09	31.48	--	4	12592	买盘
13:30:30	31.48	--	3	9444	买盘
13:30:18	31.48	--	3	9444	买盘
13:30:09	31.48	--	10	31480	买盘
13:30:06	31.48	--	1	3148	买盘
13:30:03	31.48	--	27	84996	卖盘
13:29:54	31.48	--	13	40924	买盘
13:29:33	31.48	--	20	62960	买盘
13:29:00	31.48	0.01	5	15740	买盘
13:28:42	31.47	--	2	6294	卖盘
13:28:27	31.47	-0.01	2	6294	卖盘
13:28:18	31.48	--	7	22036	买盘
13:28:06	31.48	--	6	18888	买盘
13:27:36	31.48	--	2	6296	买盘
13:27:24	31.48	--	3	9444	买盘
13:27:06	31.48	0.01	1	3148	买盘
13:27:03	31.47	--	17	53499	卖盘
13:26:45	31.47	--	17	53499	买盘
13:26:36	31.47	--	3	9441	卖盘
13:26:33	31.47	--	5	15735	卖盘
13:26:00	31.47	--	1	3147	买盘
13:25:57	31.47	--	20	62940	卖盘
13:24:27	31.47	--	1	3147	买盘
13:24:21	31.47	--	3	9441	买盘
13:24:15	31.47	--	1	3147	卖盘
13:24:09	31.47	--	41	129027	买盘
13:24:06	31.47	--	1	3147	买盘
13:23:51	31.47	--	40	125880	卖盘
13:23:33	31.47	0.01	10	31470	买盘
13:23:30	31.46	-0.01	10	31460	卖盘
13:23:27	31.47	0.01	20	62940	买盘
13:23:18	31.46	--	6	18876	卖盘
13:23:09	31.46	-0.01	5	15730	卖盘
13:23:06	31.47	--	3	9441	买盘
13:22:33	31.47	0.01	10	31470	买盘
13:22:30	31.46	--	57	179322	卖盘
13:21:57	31.46	-0.01	60	188760	卖盘
13:21:45	31.47	0.01	3	9441	买盘
13:21:27	31.46	-0.01	1	3146	卖盘
13:21:09	31.47	--	26	81822	卖盘
13:20:51	31.47	-0.01	20	62940	卖盘
13:20:45	31.48	--	7	22036	买盘
13:20:06	31.48	0.01	1	3148	中性盘
13:19:39	31.47	-0.01	2	6294	卖盘
13:19:30	31.48	--	4	12592	买盘
13:19:27	31.48	0.01	10	31480	买盘
13:18:51	31.47	-0.01	10	31470	卖盘
13:18:30	31.48	0.01	1	3148	买盘
13:18:12	31.47	--	5	15735	卖盘
13:17:48	31.47	-0.01	2	6294	卖盘
13:17:42	31.48	0.01	1	3148	买盘
13:17:21	31.47	-0.01	10	31470	卖盘
13:17:06	31.48	--	1	3148	买盘
13:16:51	31.48	0.01	20	62960	买盘
13:16:48	31.47	-0.01	30	94410	卖盘
13:16:15	31.48	--	3	9444	卖盘
13:16:12	31.48	--	1	3148	卖盘
13:16:06	31.48	--	6	18888	买盘
13:15:51	31.48	--	14	44072	卖盘
13:15:36	31.48	--	68	214064	卖盘
13:15:30	31.48	--	9	28332	卖盘
13:15:21	31.48	-0.01	19	59812	卖盘
13:15:06	31.49	--	4	12596	买盘
13:15:03	31.49	--	1	3149	买盘
13:14:54	31.49	--	5	15745	卖盘
13:14:51	31.49	-0.01	2	6298	卖盘
13:14:48	31.5	0.01	5	15750	买盘
13:14:42	31.49	--	2	6298	卖盘
13:14:36	31.49	0.01	19	59831	买盘
13:14:12	31.48	-0.01	3	9444	卖盘
13:14:06	31.49	0.01	1	3149	买盘
13:13:57	31.48	0.01	41	129068	买盘
13:13:42	31.47	--	5	15735	卖盘
13:13:24	31.47	--	3	9441	卖盘
13:13:15	31.47	--	4	12588	卖盘
13:13:09	31.47	--	12	37764	买盘
13:12:48	31.47	--	2	6294	买盘
13:12:15	31.47	-0.01	5	15735	中性盘
13:11:57	31.48	--	16	50368	买盘
13:11:42	31.48	0.02	3	9444	买盘
13:11:15	31.46	-0.02	30	94380	卖盘
13:11:06	31.48	0.02	1	3148	买盘
13:11:03	31.46	--	10	31460	卖盘
13:10:54	31.46	-0.02	1	3146	卖盘
13:10:51	31.48	0.02	6	18888	买盘
13:10:36	31.46	-0.01	50	157300	卖盘
13:10:24	31.47	--	5	15735	买盘
13:10:18	31.47	0.01	2	6294	买盘
13:10:03	31.46	--	5	15730	卖盘
13:09:54	31.46	-0.01	50	157300	卖盘
13:09:51	31.47	--	5	15735	买盘
13:09:33	31.47	0.01	5	15735	买盘
13:09:24	31.46	--	40	125840	卖盘
13:09:15	31.46	--	3	9438	卖盘
13:09:12	31.46	0.02	64	201690	买盘
13:09:09	31.44	-0.01	9	28296	卖盘
13:08:57	31.45	--	50	157250	买盘
13:08:30	31.45	--	10	31450	买盘
13:08:21	31.45	--	8	25914	卖盘
13:08:18	31.45	--	2	6290	卖盘
13:08:12	31.45	--	60	188700	卖盘
13:07:48	31.45	-0.01	4	12580	卖盘
13:07:39	31.46	0.01	20	62920	买盘
13:07:27	31.45	--	10	31450	卖盘
13:06:57	31.45	--	20	62900	卖盘
13:06:42	31.45	-0.01	10	31450	卖盘
13:06:24	31.46	--	1	3146	买盘
13:06:06	31.46	--	1	3146	买盘
13:05:48	31.46	--	3	9438	买盘
13:05:30	31.46	0.01	9	28314	买盘
13:05:18	31.45	-0.01	4	12580	卖盘
13:04:54	31.46	--	14	44044	买盘
13:04:48	31.46	0.01	7	22022	买盘
13:04:45	31.45	-0.01	25	81015	卖盘
13:04:42	31.46	0.01	10	31460	买盘
13:04:27	31.45	-0.01	2	6290	卖盘
13:04:12	31.46	0.01	35	110110	买盘
13:04:06	31.45	--	4	12580	卖盘
13:04:00	31.45	--	28	88060	卖盘
13:03:57	31.45	0.01	53	166685	买盘
13:03:51	31.44	--	2	6288	卖盘
13:03:30	31.44	--	9	28296	买盘
13:03:06	31.44	0.03	1	3144	买盘
13:02:27	31.41	-0.04	20	62820	卖盘
13:01:54	31.45	-0.01	4	12580	买盘
13:01:15	31.46	--	2	6292	买盘
13:01:03	31.46	0.01	50	157300	买盘
13:01:00	31.45	--	5	15725	买盘
13:00:30	31.45	--	30	94350	买盘
13:00:12	31.45	0.03	128	402560	买盘
13:00:09	31.42	--	2	6284	卖盘
13:00:06	31.42	--	34	106828	买盘
13:00:03	31.42	--	1	3142	买盘
11:30:03	31.42	--	5	15710	买盘
11:30:00	31.42	--	5	15710	买盘
11:29:51	31.42	--	6	18852	买盘
11:29:42	31.42	--	5	15710	买盘
11:29:36	31.42	-0.01	3	9426	中性盘
11:29:09	31.43	0.01	3	9429	买盘
11:29:00	31.42	--	3	9426	卖盘
11:28:39	31.42	-0.01	2	6284	中性盘
11:28:36	31.43	--	25	78575	买盘
11:28:21	31.43	--	2	6286	买盘
11:28:18	31.43	-0.01	42	132006	卖盘
11:28:15	31.44	--	2	6288	买盘
11:28:12	31.44	0.01	5	15720	买盘
11:28:06	31.43	0.01	21	66003	卖盘
11:28:03	31.42	-0.01	60	188520	中性盘
11:27:51	31.43	0.02	7	22001	买盘
11:27:42	31.41	--	5	17715	买盘
11:27:27	31.41	0.06	2	6282	买盘
11:27:24	31.35	-0.06	50	156750	卖盘
11:27:00	31.41	0.03	40	125640	买盘
11:26:57	31.38	-0.01	20	62760	卖盘
11:26:42	31.39	--	17	53363	买盘
11:26:39	31.39	0.01	5	15695	买盘
11:26:27	31.38	--	1	3138	买盘
11:26:06	31.38	0.03	1	3138	中性盘
11:25:48	31.35	--	10	31350	卖盘
11:25:33	31.35	--	3	9405	买盘
11:25:21	31.35	--	7	21945	卖盘
11:25:12	31.35	0.01	7	21945	买盘
11:24:24	31.34	--	2	6268	买盘
11:24:18	31.34	--	8	25072	卖盘
11:24:00	31.34	--	2	6268	买盘
11:23:12	31.34	--	9	28206	买盘
11:22:45	31.34	--	5	15670	买盘
11:22:42	31.34	--	40	125360	买盘
11:22:33	31.34	-0.01	4	12536	卖盘
11:22:06	31.35	0.01	1	3135	买盘
11:22:03	31.34	--	20	62680	卖盘
11:21:39	31.34	0.01	8	25072	买盘
11:21:30	31.33	0.01	2	6266	中性盘
11:21:12	31.32	--	20	62640	买盘
11:21:00	31.32	--	2	6264	买盘
11:20:57	31.32	--	15	46980	买盘
11:20:45	31.32	-0.02	1	3132	中性盘
11:19:24	31.34	--	10	31340	买盘
11:19:06	31.34	--	1	3134	买盘
11:18:42	31.34	0.02	11	34474	买盘
11:18:33	31.32	--	40	125280	卖盘
11:18:18	31.32	--	2	6264	卖盘
11:17:54	31.32	--	2	6264	买盘
11:17:51	31.32	--	2	6264	买盘
11:17:48	31.32	--	3	9396	买盘
11:17:42	31.32	--	18	56376	买盘
11:17:12	31.32	--	10	31320	买盘
11:17:03	31.32	--	2	6264	买盘
11:16:54	31.32	--	10	31320	买盘
11:16:45	31.32	--	1	3132	买盘
11:16:33	31.32	--	5	15660	卖盘
11:16:06	31.32	--	6	18792	卖盘
11:16:00	31.32	--	17	53244	卖盘
11:15:30	31.32	--	2	6264	卖盘
11:15:27	31.32	-0.02	41	128412	卖盘
11:15:18	31.34	0.02	1	3134	买盘
11:14:45	31.32	--	1	3132	买盘
11:14:33	31.32	--	2	6264	买盘
11:14:24	31.32	--	1	3132	买盘
11:14:21	31.32	--	3	9396	买盘
11:14:06	31.32	--	1	3132	买盘
11:13:27	31.32	--	10	31320	买盘
11:13:21	31.32	--	5	15660	买盘
11:13:18	31.32	--	5	15660	买盘
11:13:12	31.32	0.02	5	15660	买盘
11:12:57	31.3	--	2	6260	买盘
11:12:54	31.3	0.01	3	9390	中性盘
11:12:21	31.29	-0.03	2	6258	卖盘
11:12:15	31.32	0.03	2	6264	买盘
11:12:06	31.29	--	26	81354	买盘
11:12:03	31.29	--	2	6258	买盘
11:12:00	31.29	0.01	2	6258	买盘
11:11:45	31.28	--	11	34408	买盘
11:11:36	31.28	--	5	15640	买盘
11:11:33	31.28	--	20	62560	买盘
11:11:30	31.28	0.01	5	15640	买盘
11:11:24	31.27	--	36	112572	卖盘
11:11:21	31.27	-0.01	19	59413	卖盘
11:11:18	31.28	--	12	37536	买盘
11:11:12	31.28	--	3	9384	买盘
11:11:00	31.28	--	5	15640	买盘
11:10:54	31.28	--	2	6256	买盘
11:10:42	31.28	--	10	31280	买盘
11:10:36	31.28	0.01	100	312800	买盘
11:10:33	31.27	-0.01	41	128207	卖盘
11:10:30	31.28	--	10	31280	买盘
11:10:27	31.28	--	21	65688	买盘
11:10:24	31.28	--	1	3128	买盘
11:10:18	31.28	--	50	156400	买盘
11:10:09	31.28	--	1	3128	买盘
11:10:06	31.28	--	14	43792	买盘
11:09:45	31.28	0.01	26	81328	买盘
11:09:30	31.27	--	7	21889	卖盘
11:09:24	31.27	-0.01	26	81302	卖盘
11:09:15	31.28	-0.02	143	447304	卖盘
11:09:12	31.3	0.01	10	31300	买盘
11:09:09	31.29	-0.01	1	3129	卖盘
11:09:00	31.3	--	24	75120	买盘
11:08:39	31.3	-0.01	104	325520	卖盘
11:08:33	31.31	0.01	5	15655	中性盘
11:08:18	31.3	-0.01	38	118940	卖盘
11:08:15	31.31	0.01	3	9393	买盘
11:08:09	31.3	-0.01	5	15650	卖盘
11:08:06	31.31	--	1	3131	买盘
11:08:03	31.31	0.01	30	93930	买盘
11:07:54	31.3	-0.01	20	62600	卖盘
11:07:51	31.31	0.01	5	15655	买盘
11:07:48	31.3	-0.01	7	21910	卖盘
11:07:36	31.31	--	5	15655	买盘
11:07:27	31.31	--	2	6262	买盘
11:07:18	31.31	--	26	81406	卖盘
11:07:12	31.31	--	16	50096	卖盘
11:06:51	31.31	--	3	9393	买盘
11:06:42	31.31	--	2	6262	买盘
11:06:36	31.31	--	5	15655	买盘
11:06:30	31.31	--	1	3131	买盘
11:06:21	31.31	-0.01	19	59489	卖盘
11:06:12	31.32	--	10	31320	买盘
11:06:03	31.32	--	5	15660	买盘
11:06:00	31.32	0.01	1	3132	买盘
11:05:57	31.31	-0.01	1	3131	卖盘
11:05:48	31.32	0.01	3	9396	买盘
11:05:36	31.31	-0.01	8	25048	卖盘
11:05:24	31.32	--	3	9396	买盘
11:05:21	31.32	--	3	9396	买盘
11:05:15	31.32	--	7	21924	买盘
11:05:09	31.32	--	2	6264	买盘
11:05:06	31.32	--	1	3132	买盘
11:04:57	31.32	--	30	93960	买盘
11:04:54	31.32	--	8	25056	买盘
11:04:45	31.32	-0.02	17	53244	卖盘
11:04:24	31.34	--	18	56412	买盘
11:04:21	31.34	--	10	31340	买盘
11:04:18	31.34	--	29	90886	买盘
11:04:12	31.34	--	11	34474	买盘
11:04:03	31.34	--	10	31340	买盘
11:03:57	31.34	--	7	21938	买盘
11:03:48	31.34	0.02	1	3134	买盘
11:03:36	31.32	--	10	31320	中性盘
11:03:24	31.32	--	2	6264	买盘
11:03:18	31.32	--	5	15660	买盘
11:03:09	31.32	--	4	12528	买盘
11:03:03	31.32	-0.01	79	247428	卖盘
11:02:57	31.33	-0.01	10	31330	卖盘
11:02:54	31.34	--	7	21938	买盘
11:02:42	31.34	--	10	31340	买盘
11:02:15	31.34	0.01	15	47010	买盘
11:02:06	31.33	0.02	1	3133	买盘
11:02:03	31.31	-0.01	15	46965	卖盘
11:02:00	31.32	--	1	3132	卖盘
11:01:57	31.32	--	193	604476	买盘
11:01:54	31.32	--	31	97092	买盘
11:01:45	31.32	--	5	15660	买盘
11:01:42	31.32	--	13	40716	买盘
11:01:39	31.32	0.01	20	62640	买盘
11:01:36	31.31	-0.01	9	28179	卖盘
11:01:33	31.32	--	3	9396	买盘
11:01:18	31.32	0.01	5	15660	买盘
11:01:09	31.31	-0.01	10	31310	中性盘
11:01:06	31.32	0.01	10	31320	买盘
11:01:00	31.31	--	5	15655	买盘
11:00:54	31.31	0.03	5	15655	买盘
11:00:48	31.28	--	5	15640	卖盘
11:00:24	31.28	--	10	31280	卖盘
11:00:21	31.28	--	8	25024	买盘
11:00:18	31.28	--	12	37536	买盘
11:00:15	31.28	--	2	6256	买盘
11:00:12	31.28	--	7	21896	买盘
11:00:06	31.28	--	10	31280	买盘
11:00:03	31.28	--	12	37536	买盘
11:00:00	31.28	--	20	62560	买盘
10:59:57	31.28	--	1	3128	买盘
10:59:48	31.28	--	33	103224	卖盘
10:59:39	31.28	--	6	18768	卖盘
10:59:33	31.28	--	30	93840	卖盘
10:59:27	31.28	--	16	50048	卖盘
10:59:15	31.28	-0.01	53	165784	卖盘
10:59:09	31.29	--	1	3129	买盘
10:59:06	31.29	--	1	3129	买盘
10:59:03	31.29	--	42	131418	卖盘
10:58:57	31.29	--	15	46935	卖盘
10:58:48	31.29	--	3	9387	卖盘
10:58:45	31.29	-0.01	9	28161	卖盘
10:58:33	31.3	--	8	25040	买盘
10:58:30	31.3	-0.01	117	366210	卖盘
10:58:27	31.31	--	1	3131	买盘
10:58:09	31.31	--	4	12524	卖盘
10:58:00	31.31	-0.01	3	9393	卖盘
10:57:36	31.32	--	3	9396	买盘
10:57:21	31.32	0.02	1	3132	买盘
10:57:15	31.3	-0.02	107	334910	卖盘
10:57:09	31.32	--	41	128412	卖盘
10:57:03	31.32	--	11	34452	卖盘
10:56:57	31.32	--	7	21924	卖盘
10:56:51	31.32	-0.02	10	31320	卖盘
10:56:30	31.34	0.01	30	94020	买盘
10:56:15	31.33	--	40	125320	卖盘
10:56:12	31.33	-0.01	1	3133	卖盘
10:56:06	31.34	--	7	21938	买盘
10:56:00	31.34	--	5	15670	卖盘
10:55:51	31.34	--	10	31340	卖盘
10:55:48	31.34	-0.01	5	15670	卖盘
10:55:30	31.35	--	3	9405	买盘
10:55:15	31.35	--	10	31350	买盘
10:55:06	31.35	--	24	75240	卖盘
10:55:00	31.35	--	5	15675	卖盘
10:54:54	31.35	-0.01	30	94050	卖盘
10:54:39	31.36	0.01	20	62720	买盘
10:54:36	31.35	-0.01	10	31350	卖盘
10:54:27	31.36	--	2	6272	买盘
10:54:18	31.36	--	5	15680	买盘
10:53:54	31.36	--	1	3136	买盘
10:53:51	31.36	--	1	3136	买盘
10:53:36	31.36	--	60	188160	买盘
10:53:33	31.36	-0.02	23	72128	卖盘
10:53:06	31.38	0.02	1	3138	买盘
10:52:51	31.36	--	1	3136	卖盘
10:52:42	31.36	-0.02	5	15680	卖盘
10:52:09	31.38	0.02	5	15690	买盘
10:51:51	31.36	--	14	43904	卖盘
10:51:27	31.36	-0.02	2	6272	卖盘
10:51:18	31.38	0.02	82	257316	买盘
10:50:54	31.36	-0.02	2	6272	卖盘
10:50:45	31.38	--	23	72174	买盘
10:50:18	31.38	--	2	6276	买盘
10:50:15	31.38	--	23	72174	买盘
10:49:24	31.38	0.02	5	15690	买盘
10:49:18	31.36	--	1	3136	卖盘
10:49:09	31.36	-0.02	1	3136	卖盘
10:49:06	31.38	0.03	1	3138	买盘
10:48:45	31.35	--	20	62700	卖盘
10:48:18	31.35	--	2	6270	卖盘
10:47:54	31.35	--	20	62700	卖盘
10:47:42	31.35	--	10	31350	卖盘
10:47:39	31.35	--	9	28215	卖盘
10:47:24	31.35	-0.02	1	3135	卖盘
10:47:18	31.37	--	10	31370	卖盘
10:47:15	31.37	--	2	6274	卖盘
10:47:12	31.37	0.02	28	87836	买盘
10:46:48	31.35	-0.02	100	313500	卖盘
10:46:45	31.37	--	22	69014	卖盘
10:46:36	31.37	--	5	15685	卖盘
10:46:15	31.37	--	10	31370	卖盘
10:46:12	31.37	0.02	5	15685	中性盘
10:46:03	31.35	-0.04	119	373065	卖盘
10:45:54	31.39	0.02	4	12556	买盘
10:45:39	31.37	--	2	6274	卖盘
10:45:36	31.37	--	5	15685	卖盘
10:45:30	31.37	--	8	25096	卖盘
10:45:12	31.37	-0.01	90	282330	卖盘
10:45:03	31.38	-0.01	10	31380	卖盘
10:44:51	31.39	--	4	12556	买盘
10:44:21	31.39	-0.01	27	84753	卖盘
10:44:06	31.4	--	1	3140	买盘
10:44:03	31.4	0.01	2	6280	买盘
10:44:00	31.39	-0.01	10	31390	卖盘
10:43:57	31.4	--	20	62800	买盘
10:43:51	31.4	--	3	9420	买盘
10:43:36	31.4	--	10	31400	买盘
10:43:15	31.4	0.01	5	15700	买盘
10:43:03	31.39	--	5	15695	中性盘
10:42:39	31.39	--	14	43946	买盘
10:42:21	31.39	-0.01	16	50224	卖盘
10:42:12	31.4	--	11	34540	买盘
10:41:57	31.4	--	2	6280	买盘
10:41:54	31.4	--	4	12560	买盘
10:41:45	31.4	--	5	15700	买盘
10:41:42	31.4	--	11	34540	买盘
10:41:24	31.4	--	18	56520	中性盘
10:41:06	31.4	--	2	6280	买盘
10:41:03	31.4	0.01	1	3140	买盘
10:40:15	31.39	-0.01	11	34529	卖盘
10:40:06	31.4	--	6	18840	买盘
10:40:00	31.4	--	10	31400	买盘
10:39:48	31.4	0.01	3	9420	买盘
10:39:36	31.39	--	10	31390	卖盘
10:39:18	31.39	--	4	12556	卖盘
10:39:00	31.39	--	70	219730	买盘
10:38:39	31.39	0.01	3	9417	买盘
10:38:27	31.38	-0.01	10	31380	卖盘
10:38:15	31.39	--	25	78475	买盘
10:38:09	31.39	-0.01	48	150672	卖盘
10:37:54	31.4	--	5	15700	买盘
10:36:51	31.4	0.01	1	3140	买盘
10:36:15	31.39	--	11	34529	卖盘
10:36:12	31.39	--	47	147533	买盘
10:36:06	31.39	--	1	3139	买盘
10:35:57	31.39	0.01	3	9417	买盘
10:34:51	31.38	0.01	12	37656	买盘
10:34:48	31.37	--	3	9411	卖盘
10:34:39	31.37	--	5	15685	卖盘
10:34:24	31.37	-0.01	1	3137	卖盘
10:34:21	31.38	--	16	50208	卖盘
10:34:09	31.38	--	12	37656	卖盘
10:34:06	31.38	--	8	25104	卖盘
10:33:30	31.38	-0.01	1	3138	卖盘
10:33:00	31.39	--	5	15695	卖盘
10:32:33	31.39	--	5	15695	买盘
10:32:06	31.39	0.01	1	3139	买盘
10:32:03	31.38	--	2	6276	卖盘
10:31:24	31.38	-0.01	30	94140	卖盘
10:30:48	31.39	-0.01	1	3139	卖盘
10:30:39	31.4	-0.01	40	125600	卖盘
10:30:27	31.41	--	9	29399	卖盘
10:30:03	31.41	--	4	14574	买盘
10:29:57	31.41	--	15	47115	买盘
10:29:21	31.41	0.01	50	157050	买盘
10:28:33	31.4	-0.01	2	6280	卖盘
10:28:30	31.41	0.01	5	15705	买盘
10:28:24	31.4	--	8	25120	卖盘
10:27:39	31.4	-0.01	2	6280	卖盘
10:26:06	31.41	--	1	3141	买盘
10:25:36	31.41	--	5	15705	买盘
10:25:30	31.41	--	1	3141	买盘
10:25:18	31.41	-0.02	3	9423	买盘
10:24:45	31.43	0.02	30	94290	买盘
10:24:42	31.41	--	3	9423	卖盘
10:23:48	31.41	--	2	6282	卖盘
10:23:30	31.41	--	3	9423	买盘
10:23:09	31.41	0.01	10	31410	买盘
10:23:06	31.4	-0.01	2	6280	卖盘
10:22:39	31.41	--	22	69102	买盘
10:22:33	31.41	0.01	1	3141	买盘
10:22:21	31.4	--	6	18840	卖盘
10:21:51	31.4	--	3	9420	买盘
10:21:30	31.4	-0.01	5	15700	卖盘
10:21:12	31.41	-0.01	1	3141	卖盘
10:20:27	31.42	--	4	13699	卖盘
10:20:24	31.42	--	5	15710	卖盘
10:20:06	31.42	--	1	5152	买盘
10:18:39	31.42	--	8	25136	买盘
10:17:45	31.42	--	10	31420	买盘
10:17:21	31.42	--	1	3142	买盘
10:17:06	31.42	0.03	1	3142	买盘
10:16:45	31.39	--	103	323317	卖盘
10:16:03	31.39	-0.01	1	3139	卖盘
10:15:39	31.4	0.01	2	6280	买盘
10:15:36	31.39	-0.01	5	15695	卖盘
10:15:30	31.4	--	57	178980	买盘
10:15:06	31.4	--	1	3140	买盘
10:14:48	31.4	0.01	7	21980	买盘
10:14:45	31.39	--	10	31390	卖盘
10:14:42	31.39	0.01	2	6278	买盘
10:14:33	31.38	--	50	156900	卖盘
10:13:54	31.38	--	4	12552	买盘
10:13:45	31.38	0.01	1	3138	买盘
10:13:24	31.37	-0.01	5	15685	卖盘
10:13:21	31.38	--	6	18828	卖盘
10:13:09	31.38	--	4	12552	买盘
10:12:57	31.38	--	11	34518	卖盘
10:12:51	31.38	--	1	3138	卖盘
10:12:39	31.38	-0.01	5	15690	卖盘
10:12:24	31.39	0.01	4	12556	买盘
10:12:21	31.38	-0.01	5	15690	卖盘
10:12:09	31.39	-0.01	4	12556	卖盘
10:12:06	31.4	0.01	1	3140	买盘
10:11:45	31.39	-0.01	1	3139	卖盘
10:11:36	31.4	--	1	3140	买盘
10:11:21	31.4	--	10	31400	买盘
10:11:03	31.4	--	5	15700	买盘
10:10:30	31.4	-0.02	52	164410	卖盘
10:10:06	31.42	--	0	2010	买盘
10:09:57	31.42	0.02	2	6284	买盘
10:09:54	31.4	-0.01	13	40820	卖盘
10:09:36	31.41	--	3	9423	卖盘
10:09:30	31.41	--	5	15705	卖盘
10:09:21	31.41	0.01	1	3141	买盘
10:09:18	31.4	--	5	15700	卖盘
10:09:12	31.4	--	6	18840	卖盘
10:09:03	31.4	--	10	31400	卖盘
10:08:54	31.4	0.02	3	9420	中性盘
10:08:48	31.38	-0.02	20	62760	卖盘
10:08:45	31.4	-0.01	10	31400	卖盘
10:08:39	31.41	0.01	20	62820	买盘
10:08:36	31.4	-0.01	50	157000	卖盘
10:08:24	31.41	--	2	6282	买盘
10:08:18	31.41	--	3	9423	买盘
10:08:12	31.41	--	9	28269	卖盘
10:08:09	31.41	--	41	128781	卖盘
10:07:54	31.41	--	5	15705	卖盘
10:07:51	31.41	--	1	3141	卖盘
10:07:24	31.41	-0.01	2	6282	卖盘
10:07:15	31.42	-0.01	17	54545	卖盘
10:07:06	31.43	0.01	1	3143	买盘
10:07:03	31.42	-0.01	3	9426	卖盘
10:06:51	31.43	0.01	4	12572	买盘
10:06:48	31.42	--	1	3142	卖盘
10:06:42	31.42	--	7	21994	卖盘
10:06:36	31.42	--	50	157100	卖盘
10:06:24	31.42	-0.01	3	9426	卖盘
10:06:03	31.43	--	19	59717	卖盘
10:06:00	31.43	--	10	31430	卖盘
10:05:18	31.43	--	1	3143	买盘
10:05:12	31.43	0.01	20	62860	买盘
10:05:03	31.42	--	30	94260	卖盘
10:04:54	31.42	0.01	8	27146	买盘
10:04:51	31.41	-0.01	3	9423	卖盘
10:04:30	31.42	--	2	7415	卖盘
10:04:06	31.42	--	6	20862	买盘
10:04:03	31.42	-0.01	16	51403	卖盘
10:03:45	31.43	--	3	9429	买盘
10:03:24	31.43	--	5	15715	卖盘
10:03:18	31.43	0.01	7	22001	买盘
10:03:12	31.42	--	1	3142	卖盘
10:03:06	31.42	-0.01	5	15710	卖盘
10:03:00	31.43	--	5	15715	买盘
10:02:42	31.43	-0.03	21	66003	卖盘
10:02:33	31.46	0.01	9	28314	买盘
10:02:12	31.45	--	5	15725	买盘
10:02:09	31.45	--	10	31450	买盘
10:01:48	31.45	--	4	12580	买盘
10:01:06	31.45	--	1	3145	买盘
10:01:00	31.45	--	1	3145	买盘
10:00:48	31.45	0.03	8	25160	中性盘
10:00:24	31.42	-0.03	9	28278	卖盘
10:00:21	31.45	--	1	5157	买盘
09:59:42	31.45	-0.01	3	10567	卖盘
09:59:36	31.46	--	7	22022	买盘
09:59:33	31.46	0.01	1	3146	买盘
09:59:24	31.45	--	5	15725	卖盘
09:59:18	31.45	--	37	118377	买盘
09:59:12	31.45	--	5	15725	买盘
09:59:06	31.45	--	1	3145	买盘
09:59:00	31.45	--	5	15725	买盘
09:58:24	31.45	--	10	31450	买盘
09:58:21	31.45	--	1	3145	买盘
09:58:12	31.45	-0.01	18	57742	卖盘
09:58:00	31.46	0.01	30	94380	买盘
09:57:54	31.45	--	6	18870	卖盘
09:57:51	31.45	--	0	2012	买盘
09:57:42	31.45	--	16	50320	买盘
09:57:39	31.45	--	1	3145	买盘
09:57:21	31.45	--	2	7422	卖盘
09:57:09	31.45	0.01	97	307077	买盘
09:57:06	31.44	--	1	3144	买盘
09:57:03	31.44	0.02	5	15720	买盘
09:56:42	31.42	-0.02	1	3142	卖盘
09:56:30	31.44	--	10	31440	买盘
09:56:03	31.44	--	6	18864	买盘
09:55:12	31.44	--	2	6288	卖盘
09:55:00	31.44	0.04	5	15720	中性盘
09:54:39	31.4	-0.05	10	31400	卖盘
09:54:06	31.45	--	1	3145	买盘
09:53:51	31.45	0.03	10	34343	卖盘
09:53:24	31.42	--	1	3393	买盘
09:53:12	31.42	--	5	15710	买盘
09:53:09	31.42	-0.03	7	24884	卖盘
09:53:06	31.45	--	0	251	买盘
09:53:03	31.45	--	6	18870	买盘
09:52:48	31.45	--	3	9435	买盘
09:52:42	31.45	0.03	120	377400	买盘
09:52:39	31.42	-0.01	4	12568	中性盘
09:52:15	31.43	0.01	60	188580	买盘
09:52:09	31.42	--	3	9426	买盘
09:52:06	31.42	0.04	1	3142	买盘
09:51:39	31.38	--	6	18828	卖盘
09:51:06	31.38	-0.04	35	109830	卖盘
09:51:00	31.42	0.04	1	3142	中性盘
09:50:27	31.38	0.01	12	37656	买盘
09:50:24	31.37	-0.01	9	28233	卖盘
09:50:21	31.38	--	6	18828	买盘
09:50:06	31.38	--	1	3138	买盘
09:50:00	31.38	--	10	31380	买盘
09:49:51	31.38	--	16	50208	卖盘
09:49:21	31.38	-0.05	5	15690	卖盘
09:48:42	31.43	0.06	20	62860	买盘
09:48:09	31.37	-0.01	6	18822	卖盘
09:48:06	31.38	0.01	5	15690	中性盘
09:47:54	31.37	--	6	18822	卖盘
09:47:51	31.37	-0.01	22	69014	卖盘
09:47:48	31.38	--	2	6276	买盘
09:47:42	31.38	--	12	37656	买盘
09:47:39	31.38	--	13	40794	买盘
09:47:33	31.38	--	84	263592	卖盘
09:47:21	31.38	--	3	9414	卖盘
09:47:06	31.38	--	27	84726	卖盘
09:47:00	31.38	--	21	65898	卖盘
09:46:51	31.38	--	6	18828	卖盘
09:46:48	31.38	--	138	433044	买盘
09:46:45	31.38	--	10	31380	买盘
09:46:39	31.38	--	1	3138	买盘
09:46:33	31.38	--	8	25104	买盘
09:46:21	31.38	-0.02	5	15690	中性盘
09:46:09	31.4	--	10	31400	买盘
09:46:06	31.4	0.03	5	15700	买盘
09:46:00	31.37	--	8	25096	卖盘
09:45:57	31.37	-0.03	5	15685	卖盘
09:45:54	31.4	0.02	5	15700	买盘
09:45:45	31.38	--	10	31380	买盘
09:45:30	31.38	-0.02	13	40794	卖盘
09:45:12	31.4	--	5	15700	买盘
09:45:06	31.4	--	1	3140	买盘
09:44:51	31.4	--	58	182120	卖盘
09:44:48	31.4	--	3	9420	卖盘
09:44:42	31.4	--	1	3140	卖盘
09:44:36	31.4	0.04	39	122460	买盘
09:44:33	31.36	--	3	9408	卖盘
09:44:21	31.36	--	24	75264	卖盘
09:44:06	31.36	-0.04	5	15680	卖盘
09:43:51	31.4	--	1	3140	买盘
09:43:39	31.4	0.04	20	62800	中性盘
09:43:30	31.36	-0.04	10	31360	卖盘
09:43:24	31.4	--	3	9420	卖盘
09:43:15	31.4	--	4	12560	买盘
09:43:06	31.4	0.05	1	3140	买盘
09:43:00	31.35	--	54	169290	买盘
09:42:57	31.35	--	2	6270	买盘
09:42:54	31.35	--	100	313500	买盘
09:42:51	31.35	0.02	10	31350	买盘
09:42:45	31.33	--	5	15665	卖盘
09:42:39	31.33	-0.02	5	15665	卖盘
09:42:36	31.35	--	5	15675	买盘
09:42:27	31.35	0.02	1	3135	买盘
09:42:24	31.33	-0.02	23	72059	卖盘
09:42:12	31.35	--	5	15675	买盘
09:42:06	31.35	--	2	6270	买盘
09:42:00	31.35	--	31	97185	买盘
09:41:54	31.35	--	1	3135	买盘
09:41:42	31.35	--	1	3135	买盘
09:41:27	31.35	-0.05	96	300960	卖盘
09:41:24	31.4	--	5	15700	买盘
09:41:21	31.4	--	4	12560	买盘
09:41:03	31.4	-0.03	5	15700	卖盘
09:40:06	31.43	--	3	9429	中性盘
09:40:00	31.43	--	20	62860	买盘
09:39:00	31.43	--	5	15715	买盘
09:38:30	31.43	--	30	94290	买盘
09:38:24	31.43	--	2	6286	买盘
09:38:21	31.43	--	20	62860	买盘
09:38:06	31.43	--	1	3143	买盘
09:37:39	31.43	--	3	9429	卖盘
09:37:33	31.43	--	6	18858	卖盘
09:37:27	31.43	--	1	3143	买盘
09:37:18	31.43	0.11	6	18858	买盘
09:37:06	31.32	-0.13	5	15660	卖盘
09:36:51	31.45	0.14	50	157250	买盘
09:36:33	31.31	-0.13	8	25048	卖盘
09:36:27	31.44	0.14	69	216936	买盘
09:36:09	31.3	--	25	78250	卖盘
09:35:57	31.3	--	62	194060	卖盘
09:35:48	31.3	-0.06	5	15650	卖盘
09:35:45	31.36	0.06	1	3136	买盘
09:35:30	31.3	-0.06	2	6260	中性盘
09:35:24	31.36	0.08	5	15680	买盘
09:35:18	31.28	--	30	93840	卖盘
09:35:12	31.28	-0.02	30	93840	卖盘
09:35:09	31.3	0.02	1	3130	买盘
09:34:54	31.28	-0.05	38	118864	卖盘
09:34:48	31.33	0.05	10	31330	卖盘
09:34:42	31.28	-0.08	15	46920	卖盘
09:34:30	31.36	--	1	3136	买盘
09:34:15	31.36	--	1	3136	买盘
09:34:12	31.36	--	16	50176	卖盘
09:34:09	31.36	-0.03	5	15680	卖盘
09:34:06	31.39	--	1	3139	买盘
09:33:57	31.39	--	10	31390	中性盘
09:33:45	31.39	--	6	18834	卖盘
09:33:42	31.39	-0.01	4	12556	卖盘
09:33:30	31.4	-0.01	1	3140	中性盘
09:33:09	31.41	--	4	12564	买盘
09:33:06	31.41	--	3	12312	卖盘
09:32:54	31.41	--	12	37692	卖盘
09:32:51	31.41	--	10	31410	卖盘
09:32:48	31.41	--	24	75635	买盘
09:32:45	31.41	--	1	3141	买盘
09:32:15	31.41	--	2	6282	买盘
09:32:06	31.41	--	4	15453	卖盘
09:32:00	31.41	-0.01	2	6282	卖盘
09:31:57	31.42	0.01	17	53665	买盘
09:31:36	31.41	--	5	15705	买盘
09:31:06	31.41	-0.01	6	18846	中性盘
09:30:45	31.42	--	1	3142	买盘
09:30:36	31.42	--	12	37704	卖盘
09:30:12	31.42	0.04	8	25136	买盘
09:30:09	31.38	-0.07	10	31380	买盘
09:30:06	31.45	--	24	75480	买盘
09:30:03	31.45	--	0	0	买盘
09:25:03	31.45	31.45	35	110075	买盘
