成交时间	成交价	价格变动	成交量(手)	成交额(元)	性质
15:00:03	15.11	0.01	797	1204871	买盘
14:57:03	15.1	-0.01	15	22650	卖盘
14:57:00	15.11	--	50	75550	买盘
14:56:57	15.11	0.01	5	7555	买盘
14:56:51	15.1	--	51	77010	卖盘
14:56:48	15.1	-0.01	63	95130	卖盘
14:56:42	15.11	0.01	0	800	卖盘
14:56:33	15.1	--	13	19630	买盘
14:56:30	15.1	-0.02	19	28690	买盘
14:56:27	15.12	--	402	607824	买盘
14:56:24	15.12	--	67	101304	买盘
14:56:21	15.12	0.02	20	30240	买盘
14:56:15	15.1	-0.02	300	453000	卖盘
14:56:12	15.12	0.02	7	10584	买盘
14:56:09	15.1	--	120	182090	卖盘
14:56:06	15.1	-0.01	500	755000	卖盘
14:56:03	15.11	--	151	228161	买盘
14:56:00	15.11	0.01	8	12088	买盘
14:55:57	15.1	-0.01	72	108720	卖盘
14:55:54	15.11	--	89	134479	买盘
14:55:51	15.11	--	110	166210	买盘
14:55:48	15.11	--	23	34753	买盘
14:55:45	15.11	--	10	15110	买盘
14:55:42	15.11	--	3	4533	买盘
14:55:39	15.11	-0.01	115	173765	卖盘
14:55:36	15.12	--	6	9072	买盘
14:55:30	15.12	--	11	16632	买盘
14:55:27	15.12	0.02	5	7560	买盘
14:55:21	15.1	-0.01	83	125330	中性盘
14:55:18	15.11	0.01	69	104259	买盘
14:55:15	15.1	--	148	223480	买盘
14:55:12	15.1	-0.01	370	558700	卖盘
14:55:09	15.11	--	1	1511	买盘
14:55:06	15.11	0.01	10	15110	买盘
14:55:03	15.1	-0.01	24	36240	卖盘
14:55:00	15.11	0.01	5	7555	买盘
14:54:57	15.1	--	180	271800	卖盘
14:54:48	15.1	--	11	16610	买盘
14:54:45	15.1	--	5	7550	买盘
14:54:42	15.1	--	18	27180	买盘
14:54:39	15.1	-0.02	128	193280	卖盘
14:54:33	15.12	0.02	11	16632	买盘
14:54:30	15.1	--	98	147980	买盘
14:54:27	15.1	--	14	21140	买盘
14:54:24	15.1	--	18	27180	买盘
14:54:21	15.1	--	20	30200	买盘
14:54:15	15.1	--	37	55870	买盘
14:54:12	15.1	--	73	110230	买盘
14:54:09	15.1	--	14	21140	买盘
14:54:06	15.1	--	2	3020	买盘
14:54:03	15.1	--	110	166100	买盘
14:54:00	15.1	--	20	30200	买盘
14:53:57	15.1	0.03	39	58890	买盘
14:53:42	15.07	-0.01	458	690206	卖盘
14:53:39	15.08	--	34	51272	买盘
14:53:36	15.08	--	48	72384	买盘
14:53:33	15.08	--	153	230724	买盘
14:53:30	15.08	0.01	37	55796	买盘
14:53:24	15.07	-0.01	10	15070	卖盘
14:53:21	15.08	--	107	161356	买盘
14:53:18	15.08	0.01	36	54288	买盘
14:53:15	15.07	-0.01	39	58773	卖盘
14:53:12	15.08	0.01	45	67860	买盘
14:53:09	15.07	--	10	15070	买盘
14:53:06	15.07	--	21	31647	买盘
14:53:03	15.07	--	2	3014	买盘
14:53:00	15.07	-0.01	52	78364	卖盘
14:52:57	15.08	--	74	111592	买盘
14:52:54	15.08	-0.02	437	658996	卖盘
14:52:51	15.1	--	7	10570	买盘
14:52:48	15.1	--	78	117780	买盘
14:52:45	15.1	--	11	16610	买盘
14:52:42	15.1	-0.02	1188	1793880	卖盘
14:52:36	15.12	-0.01	186	281232	卖盘
14:52:30	15.13	--	10	15130	买盘
14:52:27	15.13	0.01	20	30260	买盘
14:52:24	15.12	-0.01	2	3024	卖盘
14:52:21	15.13	--	20	30260	买盘
14:52:18	15.13	0.01	13	19669	买盘
14:52:15	15.12	--	106	160272	卖盘
14:52:12	15.12	-0.01	31	46872	卖盘
14:52:06	15.13	--	40	60520	买盘
14:52:00	15.13	--	88	133144	买盘
14:51:57	15.13	0.01	26	39338	买盘
14:51:54	15.12	-0.01	42	63504	卖盘
14:51:51	15.13	--	21	31773	买盘
14:51:48	15.13	--	5	7565	买盘
14:51:45	15.13	--	5	7565	买盘
14:51:42	15.13	--	49	74137	买盘
14:51:39	15.13	--	107	161891	买盘
14:51:36	15.13	-0.01	122	184888	卖盘
14:51:27	15.14	--	23	34822	买盘
14:51:24	15.14	--	5	7570	买盘
14:51:21	15.14	0.01	23	34822	买盘
14:51:18	15.13	-0.02	70	105910	卖盘
14:51:15	15.15	0.01	1	1515	买盘
14:51:09	15.14	0.01	4	6056	中性盘
14:51:00	15.13	--	3	4539	卖盘
14:50:54	15.13	-0.02	62	95016	卖盘
14:50:51	15.15	--	10	15150	买盘
14:50:48	15.15	--	15	22725	买盘
14:50:42	15.15	--	10	15150	买盘
14:50:39	15.15	--	76	115140	卖盘
14:50:33	15.15	--	105	159075	卖盘
14:50:30	15.15	--	5	7575	卖盘
14:50:24	15.15	-0.01	197	298455	卖盘
14:50:09	15.16	-0.01	440	667343	卖盘
14:50:06	15.17	0.01	6	9102	买盘
14:50:03	15.16	--	40	60640	卖盘
14:50:00	15.16	-0.01	146	221336	卖盘
14:49:54	15.17	--	1	1517	买盘
14:49:51	15.17	0.01	2	3034	买盘
14:49:39	15.16	-0.01	5	7580	卖盘
14:49:36	15.17	--	5	7585	买盘
14:49:33	15.17	--	47	71299	买盘
14:49:30	15.17	--	10	15170	卖盘
14:49:21	15.17	-0.01	20	30340	卖盘
14:49:18	15.18	0.01	5	7590	买盘
14:49:15	15.17	--	10	15170	卖盘
14:49:09	15.17	-0.01	4	6068	卖盘
14:49:03	15.18	0.01	1	1518	买盘
14:49:00	15.17	-0.01	75	113775	卖盘
14:48:51	15.18	--	27	41471	卖盘
14:48:48	15.18	--	10	15180	卖盘
14:48:42	15.18	--	12	19248	买盘
14:48:39	15.18	0.01	86	130548	买盘
14:48:33	15.17	-0.01	4	6068	卖盘
14:48:27	15.18	0.02	2	3036	买盘
14:48:21	15.16	-0.01	30	45480	卖盘
14:48:18	15.17	--	25	37925	买盘
14:48:12	15.17	--	20	30340	买盘
14:48:09	15.17	0.01	8	12136	买盘
14:48:03	15.16	-0.01	31	46996	卖盘
14:47:57	15.17	0.01	22	33374	买盘
14:47:54	15.16	-0.01	250	379000	卖盘
14:47:51	15.17	--	55	83435	买盘
14:47:45	15.17	0.01	15	22755	买盘
14:47:42	15.16	--	1	1516	卖盘
14:47:39	15.16	--	30	45480	卖盘
14:47:27	15.16	-0.01	320	485120	卖盘
14:47:24	15.17	-0.01	8	12136	卖盘
14:47:21	15.18	0.02	90	136620	买盘
14:47:18	15.16	-0.01	127	192532	卖盘
14:47:15	15.17	--	21	31857	买盘
14:47:12	15.17	0.01	26	39442	买盘
14:47:09	15.16	-0.01	78	118248	卖盘
14:47:03	15.17	--	50	75850	买盘
14:47:00	15.17	--	2	3034	买盘
14:46:57	15.17	--	21	31857	买盘
14:46:54	15.17	--	4	6068	买盘
14:46:51	15.17	--	121	183557	买盘
14:46:45	15.17	--	10	15170	买盘
14:46:39	15.17	0.01	11	16687	买盘
14:46:36	15.16	-0.01	4	6064	卖盘
14:46:33	15.17	--	16	24272	买盘
14:46:30	15.17	--	3	4551	买盘
14:46:21	15.17	--	27	40959	买盘
14:46:15	15.17	--	30	45510	卖盘
14:46:06	15.17	-0.01	10	15170	卖盘
14:46:00	15.18	0.01	1	1518	买盘
14:45:57	15.17	--	60	91020	卖盘
14:45:54	15.17	-0.01	80	121360	卖盘
14:45:48	15.18	0.01	1	1518	买盘
14:45:45	15.17	--	50	75850	卖盘
14:45:36	15.17	-0.01	10	15170	卖盘
14:45:33	15.18	0.01	2	3036	买盘
14:45:30	15.17	-0.01	4	6068	卖盘
14:45:27	15.18	0.01	4	6072	买盘
14:45:24	15.17	--	104	157768	卖盘
14:45:18	15.17	-0.01	6	9102	卖盘
14:45:15	15.18	--	2	3036	买盘
14:45:06	15.18	--	42	63756	买盘
14:45:00	15.18	--	44	66792	买盘
14:44:57	15.18	-0.01	82	124476	卖盘
14:44:54	15.19	--	104	157976	买盘
14:44:51	15.19	--	60	91140	买盘
14:44:48	15.19	--	11	16709	买盘
14:44:42	15.19	--	121	183799	卖盘
14:44:36	15.19	--	10	15190	卖盘
14:44:21	15.19	-0.01	2	3038	卖盘
14:44:15	15.2	0.01	5	7600	买盘
14:44:09	15.19	--	12	18228	卖盘
14:44:06	15.19	-0.01	10	15190	卖盘
14:43:48	15.2	0.01	3	4560	买盘
14:43:42	15.19	-0.01	3	4557	卖盘
14:43:39	15.2	0.01	5	7600	买盘
14:43:36	15.19	-0.01	6	9114	中性盘
14:43:30	15.2	0.02	1	1520	买盘
14:43:27	15.18	-0.01	109	165462	卖盘
14:43:09	15.19	--	3	4557	买盘
14:43:06	15.19	--	21	31899	买盘
14:43:03	15.19	--	10	15190	买盘
14:42:51	15.19	--	21	31899	买盘
14:42:48	15.19	--	6	9114	买盘
14:42:39	15.19	0.01	12	18228	买盘
14:42:36	15.18	--	12	18216	卖盘
14:42:30	15.18	0.01	8	12144	买盘
14:42:27	15.17	--	5	7585	卖盘
14:42:21	15.17	-0.01	92	139564	卖盘
14:42:18	15.18	0.01	100	151800	买盘
14:42:09	15.17	0.01	6	9102	中性盘
14:42:03	15.16	-0.02	93	140988	卖盘
14:41:57	15.18	--	120	182160	买盘
14:41:54	15.18	--	16	24288	买盘
14:41:51	15.18	-0.01	33	50094	卖盘
14:41:45	15.19	--	0	1184	卖盘
14:41:42	15.19	--	30	45904	卖盘
14:41:39	15.19	--	10	15190	卖盘
14:41:36	15.19	--	1	1519	卖盘
14:41:30	15.19	0.01	9	13671	中性盘
14:41:24	15.18	-0.02	5	7590	卖盘
14:41:21	15.2	0.03	300	456000	买盘
14:41:18	15.17	-0.01	26	39442	卖盘
14:41:15	15.18	--	6	9108	卖盘
14:41:12	15.18	-0.01	4	6072	卖盘
14:41:09	15.19	--	50	75950	买盘
14:40:57	15.19	--	20	30380	买盘
14:40:54	15.19	--	1	1519	买盘
14:40:51	15.19	0.01	10	15190	买盘
14:40:48	15.18	0.01	23	36128	买盘
14:40:45	15.17	-0.01	26	39442	中性盘
14:40:39	15.18	--	125	189750	买盘
14:40:33	15.18	-0.01	51	77721	卖盘
14:40:30	15.19	--	12	18228	买盘
14:40:24	15.19	0.01	42	63798	买盘
14:40:21	15.18	--	57	87740	卖盘
14:40:18	15.18	-0.01	15	22770	卖盘
14:40:12	15.19	--	8	12152	买盘
14:40:06	15.19	0.01	28	42532	买盘
14:40:03	15.18	--	3	4554	卖盘
14:39:57	15.18	--	5	7590	卖盘
14:39:51	15.18	-0.01	200	303600	卖盘
14:39:48	15.19	--	2	3038	买盘
14:39:45	15.19	0.01	7	10633	买盘
14:39:39	15.18	--	6	9108	卖盘
14:39:36	15.18	-0.01	100	151800	卖盘
14:39:33	15.19	--	37	56203	卖盘
14:39:27	15.19	--	44	66836	卖盘
14:39:24	15.19	--	1	1519	卖盘
14:39:21	15.19	-0.01	3	4557	卖盘
14:39:18	15.2	0.01	1	1520	买盘
14:39:15	15.19	-0.01	15	22785	卖盘
14:39:12	15.2	--	38	57760	买盘
14:39:03	15.2	--	506	769880	卖盘
14:38:57	15.2	-0.01	38	58520	卖盘
14:38:54	15.21	--	15	22815	买盘
14:38:48	15.21	--	87	132327	卖盘
14:38:45	15.21	--	20	30420	卖盘
14:38:42	15.21	--	22	33462	卖盘
14:38:36	15.21	--	66	100386	卖盘
14:38:27	15.21	--	4	6084	卖盘
14:38:24	15.21	--	40	60840	卖盘
14:38:21	15.21	--	3	4563	卖盘
14:38:18	15.21	--	35	53235	卖盘
14:38:15	15.21	--	30	45630	卖盘
14:38:12	15.21	--	13	19773	卖盘
14:38:09	15.21	--	10	15210	卖盘
14:38:06	15.21	--	26	39546	卖盘
14:37:57	15.21	--	4	6084	卖盘
14:37:54	15.21	--	15	22815	卖盘
14:37:42	15.21	-0.01	6	9126	卖盘
14:37:36	15.22	--	122	187145	卖盘
14:37:30	15.22	--	1	1522	卖盘
14:37:24	15.22	--	1	1522	卖盘
14:37:12	15.22	-0.01	29	44138	卖盘
14:37:09	15.23	0.01	26	39598	买盘
14:37:06	15.22	-0.01	28	42616	卖盘
14:37:03	15.23	0.01	2	3046	买盘
14:37:00	15.22	--	35	53270	卖盘
14:36:57	15.22	-0.01	5	7610	卖盘
14:36:51	15.23	0.01	3	4569	买盘
14:36:42	15.22	-0.01	7	10654	卖盘
14:36:33	15.23	--	30	45690	买盘
14:36:30	15.23	--	16	25129	卖盘
14:36:27	15.23	--	27	41121	卖盘
14:36:21	15.23	--	10	15230	卖盘
14:36:12	15.23	-0.01	14	21322	卖盘
14:36:06	15.24	0.01	1	1524	买盘
14:36:00	15.23	--	6	9138	卖盘
14:35:54	15.23	-0.01	14	22083	卖盘
14:35:51	15.24	0.01	1	1524	买盘
14:35:42	15.23	-0.01	17	25891	卖盘
14:35:27	15.24	0.01	2	3048	买盘
14:35:15	15.23	0.01	7	10661	买盘
14:35:12	15.22	-0.01	7	10654	卖盘
14:35:09	15.23	--	7	10661	卖盘
14:35:06	15.23	--	4	6092	买盘
14:35:03	15.23	--	2	3046	买盘
14:35:00	15.23	--	1	1523	买盘
14:34:51	15.23	--	10	15230	卖盘
14:34:42	15.23	--	14	21322	卖盘
14:34:33	15.23	0.01	15	22845	中性盘
14:34:21	15.22	-0.02	10	15220	卖盘
14:34:15	15.24	0.02	19	28956	买盘
14:34:12	15.22	--	13	19786	卖盘
14:34:09	15.22	--	10	15220	卖盘
14:34:06	15.22	--	34	51748	卖盘
14:34:03	15.22	--	151	229882	买盘
14:34:00	15.22	--	2	3044	买盘
14:33:57	15.22	--	11	16742	买盘
14:33:54	15.22	--	9	13698	买盘
14:33:51	15.22	--	10	15220	买盘
14:33:48	15.22	--	6	9132	买盘
14:33:45	15.22	0.01	4	6088	买盘
14:33:42	15.21	--	7	10647	卖盘
14:33:39	15.21	-0.01	57	86697	卖盘
14:33:36	15.22	--	2	3044	买盘
14:33:33	15.22	0.01	10	15220	买盘
14:33:27	15.21	-0.01	3	4563	卖盘
14:33:21	15.22	--	32	48704	买盘
14:33:18	15.22	--	1	1522	买盘
14:33:12	15.22	0.01	6	9132	买盘
14:33:09	15.21	-0.01	31	47151	卖盘
14:33:06	15.22	--	40	60880	买盘
14:33:03	15.22	--	20	30440	买盘
14:32:57	15.22	--	10	15220	买盘
14:32:54	15.22	--	7	10654	买盘
14:32:51	15.22	--	1	1522	买盘
14:32:48	15.22	--	3	4566	买盘
14:32:39	15.22	--	122	185684	卖盘
14:32:36	15.22	--	8	12176	卖盘
14:32:30	15.22	--	13	19786	卖盘
14:32:24	15.22	-0.01	36	54792	卖盘
14:32:21	15.23	--	5	7615	买盘
14:32:18	15.23	--	10	15230	买盘
14:32:15	15.23	0.01	8	12184	买盘
14:32:12	15.22	-0.01	64	97408	卖盘
14:32:06	15.23	--	2	3046	卖盘
14:32:03	15.23	0.01	3	4569	买盘
14:32:00	15.22	--	24	36528	卖盘
14:31:57	15.22	-0.02	132	200904	卖盘
14:31:54	15.24	--	5	7620	买盘
14:31:48	15.24	--	3	4572	买盘
14:31:45	15.24	0.01	1	1524	买盘
14:31:39	15.23	-0.01	37	56351	卖盘
14:31:36	15.24	0.01	2	3048	中性盘
14:31:21	15.23	-0.01	120	182760	卖盘
14:31:15	15.24	--	4	6096	卖盘
14:31:12	15.24	--	50	76200	卖盘
14:31:09	15.24	-0.01	7	10668	卖盘
14:31:06	15.25	0.01	12	18300	买盘
14:31:03	15.24	--	102	155448	卖盘
14:31:00	15.24	--	30	45720	卖盘
14:30:57	15.24	-0.01	10	15240	卖盘
14:30:54	15.25	--	5	7625	买盘
14:30:48	15.25	--	149	228704	卖盘
14:30:45	15.25	-0.01	99	150975	卖盘
14:30:42	15.26	--	9	14649	买盘
14:30:39	15.26	0.01	52	79352	买盘
14:30:36	15.25	-0.02	23	35075	卖盘
14:30:33	15.27	0.01	70	106890	买盘
14:30:30	15.26	0.01	4	6104	买盘
14:30:27	15.25	-0.01	10	15250	卖盘
14:30:24	15.26	--	43	65618	买盘
14:30:18	15.26	--	42	64092	卖盘
14:30:15	15.26	-0.01	14	21364	卖盘
14:30:12	15.27	0.01	5	7635	买盘
14:30:09	15.26	-0.01	7	10682	卖盘
14:30:06	15.27	0.01	41	62607	买盘
14:30:00	15.26	--	19	28994	卖盘
14:29:57	15.26	--	50	76300	卖盘
14:29:54	15.26	--	5	7630	卖盘
14:29:39	15.26	--	41	62566	卖盘
14:29:33	15.26	--	2	3052	卖盘
14:29:30	15.26	--	1	1526	卖盘
14:29:21	15.26	--	34	51884	卖盘
14:29:15	15.26	-0.01	41	62566	卖盘
14:29:09	15.27	--	10	15270	买盘
14:29:00	15.27	--	2	3054	卖盘
14:28:54	15.27	--	48	73296	买盘
14:28:48	15.27	--	20	30540	买盘
14:28:36	15.27	--	25	38175	卖盘
14:28:27	15.27	--	52	79404	卖盘
14:28:15	15.27	--	55	83985	卖盘
14:28:09	15.27	--	8	12216	卖盘
14:28:00	15.27	--	10	15270	买盘
14:27:57	15.27	0.01	1	1527	买盘
14:27:54	15.26	-0.01	41	62566	卖盘
14:27:51	15.27	--	43	65661	买盘
14:27:48	15.27	--	23	35121	买盘
14:27:45	15.27	0.01	3	4581	买盘
14:27:39	15.26	--	16	24416	卖盘
14:27:36	15.26	-0.01	40	61040	卖盘
14:27:21	15.27	0.01	1	1527	买盘
14:27:09	15.26	-0.01	18	27468	卖盘
14:26:51	15.27	--	4	6108	买盘
14:26:48	15.27	0.01	2	3054	买盘
14:26:45	15.26	--	61	93086	买盘
14:26:39	15.26	0.01	7	10682	买盘
14:26:36	15.25	-0.01	8	12200	卖盘
14:26:33	15.26	--	7	10682	买盘
14:26:30	15.26	--	6	9156	买盘
14:26:24	15.26	--	10	15260	买盘
14:26:21	15.26	--	10	15260	买盘
14:26:18	15.26	--	92	140392	卖盘
14:26:03	15.26	-0.01	10	15260	卖盘
14:25:57	15.27	-0.01	3	4581	中性盘
14:25:27	15.28	0.02	2	3056	买盘
14:25:21	15.26	-0.02	5	7630	卖盘
14:25:18	15.28	--	2	3056	买盘
14:25:15	15.28	0.02	53	80984	买盘
14:25:09	15.26	0.01	113	172438	买盘
14:25:06	15.25	-0.01	8	12200	卖盘
14:25:03	15.26	--	2	3052	买盘
14:24:57	15.26	-0.01	18	27468	卖盘
14:24:48	15.27	0.01	44	67188	买盘
14:24:42	15.26	0.01	25	38150	中性盘
14:24:24	15.25	-0.01	50	76250	卖盘
14:24:21	15.26	--	96	147152	买盘
14:24:06	15.26	--	2	3052	买盘
14:24:03	15.26	-0.01	302	461721	卖盘
14:24:00	15.27	0.01	2	3054	买盘
14:23:54	15.26	--	2	3052	卖盘
14:23:51	15.26	--	20	30520	卖盘
14:23:48	15.26	-0.01	11	16786	卖盘
14:23:33	15.27	--	16	24432	中性盘
14:23:15	15.27	-0.01	8	12216	中性盘
14:23:03	15.28	0.02	43	65704	买盘
14:22:54	15.26	-0.02	27	41202	卖盘
14:22:51	15.28	--	7	10696	买盘
14:22:39	15.28	0.01	1	1528	买盘
14:22:36	15.27	--	23	35777	买盘
14:22:27	15.27	0.01	9	13743	买盘
14:22:24	15.26	--	2	3052	买盘
14:22:18	15.26	--	5	7630	买盘
14:22:15	15.26	--	7	10682	买盘
14:22:12	15.26	--	17	25942	买盘
14:22:09	15.26	--	162	247212	卖盘
14:22:06	15.26	-0.01	8	12208	卖盘
14:22:03	15.27	--	42	64134	买盘
14:22:00	15.27	--	13	19851	买盘
14:21:51	15.27	--	150	229050	买盘
14:21:45	15.27	0.01	120	183240	买盘
14:21:42	15.26	-0.01	3	4578	卖盘
14:21:39	15.27	--	1	1527	买盘
14:21:30	15.27	--	32	48864	买盘
14:21:21	15.27	--	440	671880	买盘
14:21:18	15.27	--	1	1527	买盘
14:21:03	15.27	--	10	15270	买盘
14:21:00	15.27	0.01	2	3054	买盘
14:20:54	15.26	-0.01	16	24416	卖盘
14:20:51	15.27	0.01	12	18324	买盘
14:20:48	15.26	--	33	50358	卖盘
14:20:45	15.26	-0.01	16	24416	卖盘
14:20:42	15.27	--	1	1527	买盘
14:20:27	15.27	--	2	3054	买盘
14:20:18	15.27	--	10	15270	买盘
14:20:12	15.27	--	30	45810	买盘
14:20:03	15.27	--	22	33594	买盘
14:19:48	15.27	--	10	15270	买盘
14:19:42	15.27	0.01	1	1527	买盘
14:19:39	15.26	--	10	15260	卖盘
14:19:36	15.26	--	8	12208	卖盘
14:19:33	15.26	-0.01	25	38150	卖盘
14:19:30	15.27	--	2	3054	买盘
14:19:27	15.27	--	34	51918	买盘
14:19:24	15.27	--	10	15270	买盘
14:18:48	15.27	--	5	7635	买盘
14:18:45	15.27	--	1	1527	买盘
14:18:42	15.27	--	1	1527	买盘
14:18:39	15.27	--	11	16797	买盘
14:18:36	15.27	-0.01	151	231752	卖盘
14:18:27	15.28	--	18	27504	买盘
14:18:09	15.28	--	3	4584	买盘
14:18:06	15.28	--	12	18336	买盘
14:17:57	15.28	--	3	4584	买盘
14:17:54	15.28	--	2	3056	买盘
14:17:48	15.28	--	2	3056	买盘
14:17:45	15.28	-0.01	2	3056	卖盘
14:17:42	15.29	0.02	3	4587	买盘
14:17:39	15.27	-0.01	10	15270	卖盘
14:17:27	15.28	--	6	9168	卖盘
14:17:24	15.28	--	75	114600	买盘
14:17:21	15.28	0.01	8	12224	买盘
14:17:12	15.27	--	16	24432	卖盘
14:17:09	15.27	--	1	1878	买盘
14:17:06	15.27	0.01	44	67188	买盘
14:16:51	15.26	--	103	157178	买盘
14:16:48	15.26	0.01	16	24416	买盘
14:16:45	15.25	-0.01	2	3050	卖盘
14:16:39	15.26	--	2	3052	买盘
14:16:24	15.26	-0.01	27	41202	买盘
14:16:21	15.27	--	2	3054	买盘
14:16:18	15.27	0.02	32	48864	买盘
14:16:12	15.25	-0.01	366	558455	卖盘
14:16:03	15.26	-0.01	2	3052	卖盘
14:15:54	15.27	0.01	6	9162	买盘
14:15:33	15.26	--	22	33572	买盘
14:15:27	15.26	--	16	24416	买盘
14:15:12	15.26	--	2	3052	买盘
14:15:03	15.26	0.01	5	7630	买盘
14:14:45	15.25	-0.01	10	15250	卖盘
14:14:39	15.26	0.01	3	4578	中性盘
14:14:27	15.25	-0.02	15	22875	卖盘
14:14:21	15.27	0.01	17	25959	买盘
14:14:18	15.26	--	4	7324	卖盘
14:14:15	15.26	-0.01	10	15260	中性盘
14:13:48	15.27	--	2	3054	买盘
14:13:45	15.27	0.02	2	3054	买盘
14:13:30	15.25	-0.01	4	6100	卖盘
14:13:18	15.26	--	12	18312	买盘
14:13:15	15.26	-0.01	138	210588	卖盘
14:12:42	15.27	0.01	15	22905	买盘
14:12:39	15.26	--	14	21364	卖盘
14:12:36	15.26	-0.01	20	30520	卖盘
14:12:30	15.27	--	3	4581	买盘
14:12:18	15.27	--	2	3054	买盘
14:12:12	15.27	0.01	17	25959	买盘
14:12:06	15.26	--	4	6104	卖盘
14:12:03	15.26	--	28	42728	卖盘
14:11:54	15.26	0.01	64	97664	买盘
14:11:45	15.25	--	10	15250	卖盘
14:11:42	15.25	--	69	105225	卖盘
14:11:36	15.25	-0.01	10	15250	卖盘
14:11:18	15.26	-0.01	137	209062	卖盘
14:11:09	15.27	-0.01	21	33288	卖盘
14:11:06	15.28	--	2	3056	买盘
14:11:03	15.28	0.01	48	73344	买盘
14:10:48	15.27	--	11	16797	卖盘
14:10:42	15.27	--	11	16797	卖盘
14:10:39	15.27	--	15	22905	卖盘
14:10:33	15.27	--	3	4581	卖盘
14:10:15	15.27	--	4	6108	卖盘
14:10:12	15.27	--	125	191180	买盘
14:09:51	15.27	--	2	3054	买盘
14:09:30	15.27	--	1	1527	买盘
14:09:27	15.27	--	2	3054	买盘
14:08:57	15.27	--	52	79404	卖盘
14:08:51	15.27	--	19	29013	卖盘
14:08:42	15.27	--	10	15270	卖盘
14:08:30	15.27	-0.01	5	7635	卖盘
14:08:03	15.28	--	18	27504	买盘
14:08:00	15.28	0.01	2	3056	买盘
14:07:57	15.27	--	10	15270	卖盘
14:07:54	15.27	-0.01	6	9162	卖盘
14:07:48	15.28	0.01	5	7640	买盘
14:07:45	15.27	-0.01	22	33594	卖盘
14:07:39	15.28	0.01	6	9168	买盘
14:07:36	15.27	-0.01	65	99255	卖盘
14:07:15	15.28	--	30	45840	买盘
14:07:12	15.28	--	50	76400	买盘
14:06:57	15.28	-0.01	9	13752	卖盘
14:06:48	15.29	0.01	50	76450	买盘
14:06:39	15.28	-0.01	7	10696	卖盘
14:06:36	15.29	0.01	2	3058	买盘
14:06:33	15.28	--	20	30560	卖盘
14:06:30	15.28	--	11	16808	买盘
14:06:27	15.28	0.01	4	6112	买盘
14:06:15	15.27	--	1	1527	卖盘
14:06:09	15.27	--	8	12216	卖盘
14:06:06	15.27	--	10	15270	卖盘
14:06:03	15.27	0.01	121	184767	买盘
14:05:54	15.26	--	2	3052	卖盘
14:05:45	15.26	--	5	7630	买盘
14:05:39	15.26	--	2	3052	卖盘
14:05:33	15.26	--	2	3052	买盘
14:05:09	15.26	-0.01	12	18312	卖盘
14:05:06	15.27	0.02	37	56499	买盘
14:04:42	15.25	0.01	7	10675	买盘
14:04:39	15.24	-0.01	7	10668	卖盘
14:04:33	15.25	--	16	24400	买盘
14:04:27	15.25	--	34	51850	卖盘
14:04:09	15.25	--	7	10675	卖盘
14:04:06	15.25	--	2	3050	卖盘
14:03:57	15.25	--	2	3050	卖盘
14:03:51	15.25	--	4	6100	买盘
14:03:48	15.25	--	10	15250	买盘
14:03:45	15.25	0.01	42	64050	买盘
14:03:39	15.24	--	47	71628	卖盘
14:03:36	15.24	--	7	10668	卖盘
14:03:33	15.24	--	5	7620	卖盘
14:03:09	15.24	-0.01	81	123444	卖盘
14:03:06	15.25	0.01	2	3050	中性盘
14:03:03	15.24	-0.01	27	41148	卖盘
14:02:54	15.25	0.01	54	82350	中性盘
14:02:36	15.24	-0.03	54	82296	卖盘
14:02:30	15.27	0.02	3	4581	买盘
14:02:21	15.25	-0.02	81	123525	卖盘
14:02:15	15.27	0.02	2	3054	买盘
14:02:09	15.25	0.01	24	37820	买盘
14:02:06	15.24	-0.01	7	10668	卖盘
14:02:03	15.25	--	7	11285	买盘
14:02:00	15.25	--	50	76250	买盘
14:01:48	15.25	0.01	51	77775	买盘
14:01:45	15.24	-0.01	16	24384	卖盘
14:01:42	15.25	--	10	15250	买盘
14:01:39	15.25	--	12	18300	买盘
14:01:36	15.25	0.01	11	16775	买盘
14:01:33	15.24	--	14	21336	卖盘
14:01:30	15.24	-0.01	5	7620	卖盘
14:01:24	15.25	0.01	5	7625	买盘
14:01:21	15.24	-0.01	10	15240	卖盘
14:01:18	15.25	--	100	152500	买盘
14:01:15	15.25	--	1	1525	买盘
14:01:06	15.25	--	3	4575	买盘
14:01:03	15.25	--	32	48800	买盘
14:00:57	15.25	--	10	15250	买盘
14:00:54	15.25	--	100	152500	买盘
14:00:51	15.25	--	7	10675	买盘
14:00:48	15.25	--	2	3050	买盘
14:00:45	15.25	-0.02	514	783850	卖盘
14:00:42	15.27	--	97	148119	买盘
14:00:33	15.27	--	21	32067	买盘
14:00:30	15.27	--	2	3054	买盘
14:00:27	15.27	--	33	50391	买盘
14:00:24	15.27	--	60	91620	买盘
14:00:18	15.27	--	10	15270	买盘
14:00:15	15.27	--	3	4581	买盘
14:00:12	15.27	--	20	30540	买盘
13:59:54	15.27	--	10	15270	买盘
13:59:42	15.27	-0.01	408	623016	卖盘
13:59:27	15.28	--	6	9168	卖盘
13:59:24	15.28	-0.01	1	1528	卖盘
13:59:18	15.29	--	2	3058	买盘
13:59:09	15.29	--	2	3058	卖盘
13:58:57	15.29	-0.01	10	15290	卖盘
13:58:54	15.3	0.01	5	7650	买盘
13:58:51	15.29	--	10	15290	卖盘
13:58:48	15.29	-0.01	10	15290	卖盘
13:58:45	15.3	0.01	14	21420	买盘
13:58:42	15.29	--	10	15290	卖盘
13:58:39	15.29	-0.01	51	77979	卖盘
13:58:09	15.3	-0.01	1	1530	中性盘
13:57:54	15.31	--	2	3062	买盘
13:57:42	15.31	0.01	87	133334	买盘
13:57:36	15.3	-0.01	7	10710	卖盘
13:57:27	15.31	--	8	12248	卖盘
13:57:24	15.31	--	7	10717	卖盘
13:57:09	15.31	-0.01	7	10717	中性盘
13:56:48	15.32	0.02	1	1532	买盘
13:56:45	15.3	-0.01	26	39780	卖盘
13:56:42	15.31	--	13	19903	买盘
13:56:39	15.31	--	31	47461	买盘
13:56:27	15.31	--	2	3062	买盘
13:56:21	15.31	--	38	58178	买盘
13:56:18	15.31	--	7	10717	买盘
13:56:15	15.31	0.01	48	73488	买盘
13:56:03	15.3	--	19	29070	卖盘
13:55:45	15.3	-0.01	7	10710	卖盘
13:55:39	15.31	--	30	45930	买盘
13:55:27	15.31	0.01	5	7655	卖盘
13:55:24	15.3	-0.01	14	21420	卖盘
13:55:15	15.31	--	5	7655	买盘
13:55:03	15.31	--	95	145445	卖盘
13:55:00	15.31	-0.01	40	61240	卖盘
13:54:57	15.32	--	2	3064	买盘
13:54:48	15.32	0.01	11	16852	买盘
13:54:45	15.31	-0.01	12	18372	卖盘
13:54:42	15.32	0.01	22	33704	买盘
13:54:15	15.31	-0.01	7	10717	卖盘
13:54:09	15.32	--	2	3064	买盘
13:54:00	15.32	--	15	22980	买盘
13:53:45	15.32	0.01	1	1532	买盘
13:53:39	15.31	-0.01	2	3062	卖盘
13:53:33	15.32	--	2	3064	买盘
13:53:30	15.32	0.02	40	61280	买盘
13:53:12	15.3	--	2	3060	卖盘
13:53:09	15.3	-0.02	5	7650	卖盘
13:53:06	15.32	0.01	100	153200	买盘
13:53:03	15.31	0.01	23	35213	买盘
13:53:00	15.3	--	100	153000	卖盘
13:52:51	15.3	-0.01	1	1530	卖盘
13:52:48	15.31	0.01	28	42868	买盘
13:52:39	15.3	-0.01	99	152862	卖盘
13:52:36	15.31	0.01	1	1531	买盘
13:52:24	15.3	--	16	24480	买盘
13:52:21	15.3	--	3	4590	买盘
13:52:12	15.3	--	20	30600	买盘
13:51:51	15.3	0.04	10	15300	买盘
13:51:42	15.26	-0.04	67	102242	卖盘
13:51:39	15.3	--	2	3060	买盘
13:51:27	15.3	0.02	27	41310	买盘
13:51:24	15.28	--	2	3056	买盘
13:51:21	15.28	0.01	29	44312	买盘
13:51:18	15.27	0.02	7	10689	买盘
13:51:15	15.25	--	12	18300	卖盘
13:51:12	15.25	-0.02	72	109800	卖盘
13:51:06	15.27	0.01	90	137430	买盘
13:51:03	15.26	--	4	6104	买盘
13:51:00	15.26	--	32	48832	买盘
13:50:57	15.26	--	10	15260	买盘
13:50:54	15.26	--	27	41202	买盘
13:50:48	15.26	--	20	30520	买盘
13:50:39	15.26	--	3	4578	买盘
13:50:33	15.26	0.01	27	41202	买盘
13:50:18	15.25	-0.01	10	15250	卖盘
13:50:12	15.26	--	8	12208	买盘
13:50:09	15.26	--	1	1526	买盘
13:50:03	15.26	0.01	15	22890	中性盘
13:49:48	15.25	-0.02	100	152500	卖盘
13:49:39	15.27	0.01	2	3054	买盘
13:49:27	15.26	-0.01	50	76300	卖盘
13:49:21	15.27	--	14	21378	买盘
13:49:15	15.27	0.01	2	3054	买盘
13:49:12	15.26	--	12	18312	卖盘
13:49:00	15.26	0.01	14	21364	买盘
13:48:48	15.25	-0.02	75	114375	卖盘
13:48:45	15.27	0.01	10	15270	买盘
13:48:42	15.26	--	6	9156	卖盘
13:48:30	15.26	-0.02	76	115976	卖盘
13:48:27	15.28	--	1	1528	买盘
13:48:12	15.28	0.01	5	7640	买盘
13:48:09	15.27	-0.01	12	18324	卖盘
13:48:06	15.28	--	17	25976	买盘
13:47:45	15.28	0.01	6	9168	买盘
13:47:39	15.27	--	6	9162	卖盘
13:47:33	15.27	-0.01	6	9162	卖盘
13:47:21	15.28	--	1	1528	买盘
13:47:12	15.28	--	17	25976	卖盘
13:47:09	15.28	--	12	18336	卖盘
13:47:06	15.28	-0.01	50	76400	卖盘
13:46:48	15.29	0.01	5	7645	买盘
13:46:39	15.28	-0.01	6	9168	卖盘
13:46:33	15.29	0.01	2	3058	卖盘
13:46:18	15.28	-0.01	81	123768	卖盘
13:45:51	15.29	--	7	10703	卖盘
13:45:45	15.29	-0.03	27	41283	卖盘
13:45:39	15.32	0.03	7	10724	中性盘
13:45:36	15.29	-0.03	28	42812	卖盘
13:45:30	15.32	-0.01	1	1532	买盘
13:45:27	15.33	0.02	71	108843	买盘
13:45:24	15.31	-0.01	27	41337	卖盘
13:45:18	15.32	--	45	68940	买盘
13:45:15	15.32	-0.01	5	7660	中性盘
13:44:54	15.33	0.02	2	3066	买盘
13:44:48	15.31	-0.01	14	21740	卖盘
13:44:45	15.32	--	5	7660	卖盘
13:44:30	15.32	--	21	33397	买盘
13:44:12	15.32	0.01	50	76600	买盘
13:44:06	15.31	0.01	4	6124	买盘
13:44:00	15.3	--	50	76500	卖盘
13:43:39	15.3	--	16	24480	卖盘
13:43:27	15.3	0.01	119	182192	买盘
13:43:21	15.29	--	67	102443	卖盘
13:43:12	15.29	--	3	4587	买盘
13:43:00	15.29	0.01	10	15290	买盘
13:42:54	15.28	-0.01	11	16808	卖盘
13:42:45	15.29	0.01	8	12232	买盘
13:42:33	15.28	-0.01	6	9168	卖盘
13:42:24	15.29	--	27	41283	买盘
13:42:21	15.29	0.01	5	7645	买盘
13:42:15	15.28	--	50	76400	卖盘
13:42:12	15.28	-0.01	7	10696	卖盘
13:42:09	15.29	0.01	14	21406	买盘
13:42:03	15.28	-0.01	20	30560	卖盘
13:42:00	15.29	0.01	114	174306	买盘
13:41:57	15.28	-0.01	4	6112	卖盘
13:41:48	15.29	0.01	6	9174	买盘
13:41:45	15.28	--	20	30560	卖盘
13:41:42	15.28	--	6	9168	卖盘
13:41:36	15.28	-0.01	66	100848	卖盘
13:41:24	15.29	--	5	7645	买盘
13:41:21	15.29	--	12	18348	卖盘
13:41:18	15.29	--	23	35167	卖盘
13:41:15	15.29	--	17	25993	卖盘
13:41:09	15.29	--	30	45870	卖盘
13:41:06	15.29	--	12	18348	卖盘
13:41:03	15.29	--	47	71863	卖盘
13:40:51	15.29	--	2	3058	卖盘
13:40:48	15.29	--	37	56573	卖盘
13:40:45	15.29	--	10	15290	卖盘
13:40:36	15.29	-0.01	41	62689	卖盘
13:40:33	15.3	--	14	21420	买盘
13:40:15	15.3	-0.01	339	518670	卖盘
13:40:12	15.31	--	40	61546	卖盘
13:40:03	15.31	--	47	71957	卖盘
13:39:54	15.31	-0.01	42	64302	卖盘
13:39:36	15.32	--	3	4596	卖盘
13:39:33	15.32	--	23	35236	卖盘
13:39:27	15.32	--	7	10724	卖盘
13:39:18	15.32	--	5	7660	卖盘
13:39:09	15.32	-0.01	10	15320	卖盘
13:39:06	15.33	--	8	12264	买盘
13:39:00	15.33	-0.01	1	1533	中性盘
13:38:54	15.34	0.01	20	30680	买盘
13:38:45	15.33	0.01	6	9198	中性盘
13:38:06	15.32	--	12	18384	卖盘
13:38:03	15.32	--	19	29108	买盘
13:38:00	15.32	--	2	3064	买盘
13:37:57	15.32	--	10	15320	买盘
13:37:54	15.32	0.01	2	3064	买盘
13:37:45	15.31	--	12	18372	卖盘
13:37:33	15.31	--	7	10717	卖盘
13:37:27	15.31	--	9	13779	卖盘
13:37:18	15.31	--	10	15310	卖盘
13:37:15	15.31	--	27	41337	卖盘
13:37:12	15.31	--	3	4593	卖盘
13:36:57	15.31	-0.01	10	15310	卖盘
13:36:48	15.32	--	1	1532	买盘
13:36:30	15.32	--	77	117964	买盘
13:36:21	15.32	--	2	3064	买盘
13:36:15	15.32	0.01	2	3064	买盘
13:36:12	15.31	-0.01	10	15310	卖盘
13:36:03	15.32	--	2	3064	买盘
13:35:51	15.32	0.01	5	7660	买盘
13:35:42	15.31	--	6	9186	卖盘
13:35:21	15.31	-0.01	20	30620	卖盘
13:35:18	15.32	--	10	15320	卖盘
13:35:15	15.32	0.01	12	18384	中性盘
13:35:06	15.31	-0.01	100	153100	卖盘
13:34:57	15.32	--	2	3064	卖盘
13:34:51	15.32	0.01	142	217544	买盘
13:34:48	15.31	-0.01	6	9186	卖盘
13:34:45	15.32	0.01	65	99580	买盘
13:34:42	15.31	--	1	1531	卖盘
13:34:39	15.31	-0.01	19	29089	卖盘
13:34:30	15.32	0.01	6	9192	买盘
13:34:24	15.31	-0.01	5	7655	卖盘
13:34:15	15.32	--	10	15320	买盘
13:34:12	15.32	--	4	6128	卖盘
13:34:09	15.32	0.01	1	1532	中性盘
13:33:45	15.31	-0.01	81	124011	卖盘
13:33:42	15.32	-0.01	11	16852	卖盘
13:33:33	15.33	0.01	12	18396	买盘
13:33:27	15.32	--	32	49024	卖盘
13:33:24	15.32	--	20	30640	卖盘
13:33:12	15.32	-0.01	20	30640	卖盘
13:33:09	15.33	0.01	10	15330	中性盘
13:32:45	15.32	--	36	55152	卖盘
13:32:39	15.32	--	54	82728	卖盘
13:32:36	15.32	--	2	3064	卖盘
13:32:30	15.32	-0.01	53	81196	卖盘
13:32:27	15.33	--	85	130611	买盘
13:32:12	15.33	--	2	3066	买盘
13:32:06	15.33	0.01	21	32193	买盘
13:32:00	15.32	-0.01	30	45960	卖盘
13:31:57	15.33	--	50	76650	买盘
13:31:54	15.33	0.01	2	3066	买盘
13:31:51	15.32	--	5	8579	卖盘
13:31:45	15.32	--	8	12256	卖盘
13:31:42	15.32	--	27	41364	卖盘
13:31:33	15.32	-0.01	5	7660	卖盘
13:31:30	15.33	0.01	7	10731	买盘
13:31:18	15.32	0.01	30	45960	中性盘
13:31:00	15.31	-0.02	86	131666	卖盘
13:30:57	15.33	0.01	6	9198	买盘
13:30:54	15.32	--	67	102644	卖盘
13:30:33	15.32	--	14	21448	买盘
13:30:27	15.32	--	2	3064	买盘
13:30:18	15.32	--	3	4596	卖盘
13:30:12	15.32	-0.01	7	10724	卖盘
13:30:09	15.33	--	1	1533	买盘
13:30:06	15.33	0.02	1	1533	买盘
13:30:03	15.31	-0.01	81	124011	卖盘
13:29:54	15.32	--	3	4596	卖盘
13:29:48	15.32	-0.01	4	6128	卖盘
13:29:45	15.33	0.02	35	53655	买盘
13:29:39	15.31	-0.01	81	124011	卖盘
13:29:36	15.32	--	2	3064	卖盘
13:29:21	15.32	--	3	4596	卖盘
13:29:09	15.32	--	81	124092	卖盘
13:29:03	15.32	-0.01	7	10724	卖盘
13:29:00	15.33	--	5	7665	买盘
13:28:57	15.33	--	2	3066	买盘
13:28:54	15.33	-0.01	5	8891	卖盘
13:28:51	15.34	0.01	3	4602	买盘
13:28:48	15.33	--	27	41391	卖盘
13:28:45	15.33	--	7	10731	卖盘
13:28:42	15.33	--	26	40164	买盘
13:28:39	15.33	--	31	47523	买盘
13:28:30	15.33	--	30	47216	卖盘
13:28:24	15.33	--	81	124173	卖盘
13:28:21	15.33	-0.02	27	41391	卖盘
13:28:18	15.35	0.01	107	164245	买盘
13:28:06	15.34	0.01	9	13806	中性盘
13:28:03	15.33	-0.02	104	159432	卖盘
13:28:00	15.35	--	10	15350	买盘
13:27:42	15.35	0.01	76	116660	买盘
13:27:36	15.34	-0.01	50	76700	卖盘
13:27:33	15.35	--	2	3070	买盘
13:27:30	15.35	0.01	30	46050	买盘
13:27:27	15.34	-0.01	22	33748	卖盘
13:27:24	15.35	--	50	76750	买盘
13:27:12	15.35	--	53	81355	买盘
13:27:09	15.35	--	5	7675	买盘
13:26:48	15.35	--	250	383750	卖盘
13:26:42	15.35	--	50	76750	卖盘
13:26:39	15.35	--	20	30700	卖盘
13:26:33	15.35	0.01	136	208760	买盘
13:26:30	15.34	--	20	30680	卖盘
13:26:21	15.34	--	50	76700	卖盘
13:26:18	15.34	--	10	15340	卖盘
13:26:12	15.34	-0.01	50	76700	卖盘
13:26:06	15.35	--	17	26095	买盘
13:26:03	15.35	--	20	30700	买盘
13:25:57	15.35	0.01	37	56795	买盘
13:25:42	15.34	-0.01	5	7670	卖盘
13:25:39	15.35	--	6	9210	买盘
13:25:36	15.35	--	70	107450	买盘
13:25:24	15.35	--	8	12280	买盘
13:25:21	15.35	--	73	112055	买盘
13:25:15	15.35	-0.01	209	320815	卖盘
13:24:54	15.36	0.01	2	3072	买盘
13:24:45	15.35	--	10	15350	卖盘
13:24:24	15.35	-0.01	5	7675	卖盘
13:24:12	15.36	--	41	62976	买盘
13:24:03	15.36	--	60	92160	买盘
13:23:48	15.36	--	5	7680	买盘
13:23:33	15.36	0.01	11	16896	买盘
13:23:30	15.35	-0.01	9	13815	卖盘
13:23:27	15.36	--	1	1536	买盘
13:23:15	15.36	0.01	2	3072	买盘
13:23:09	15.35	--	11	16885	卖盘
13:23:00	15.35	--	7	10745	买盘
13:22:57	15.35	--	4	6140	买盘
13:22:54	15.35	--	10	15350	买盘
13:22:45	15.35	--	2	3070	买盘
13:22:39	15.35	--	2	3070	卖盘
13:22:36	15.35	--	14	21490	买盘
13:22:33	15.35	--	5	7675	买盘
13:22:30	15.35	--	186	285510	卖盘
13:22:27	15.35	--	10	15350	卖盘
13:22:24	15.35	--	27	41445	卖盘
13:22:15	15.35	-0.01	27	41445	卖盘
13:22:12	15.36	0.01	10	15360	买盘
13:22:06	15.35	--	27	41445	卖盘
13:22:03	15.35	--	15	23025	卖盘
13:21:51	15.35	--	7	10745	卖盘
13:21:48	15.35	-0.01	1	1535	卖盘
13:21:45	15.36	--	2	3072	买盘
13:21:15	15.36	0.01	1	1536	买盘
13:21:12	15.35	--	10	15350	卖盘
13:21:03	15.35	--	3	4605	卖盘
13:21:00	15.35	--	27	41445	卖盘
13:20:54	15.35	-0.01	5	7675	卖盘
13:20:42	15.36	0.01	7	10752	买盘
13:20:27	15.35	-0.01	20	30700	卖盘
13:20:21	15.36	0.01	2	3072	买盘
13:20:00	15.35	--	27	41445	卖盘
13:19:54	15.35	-0.01	26	39910	卖盘
13:19:51	15.36	0.01	12	18432	买盘
13:19:48	15.35	-0.01	60	92100	卖盘
13:19:36	15.36	0.01	20	30720	买盘
13:19:24	15.35	-0.01	14	21490	卖盘
13:19:15	15.36	--	1	1536	买盘
13:19:06	15.36	0.01	38	58368	买盘
13:18:54	15.35	--	2	3070	买盘
13:18:42	15.35	--	20	30700	买盘
13:18:33	15.35	--	33	51821	卖盘
13:18:30	15.35	--	34	52190	卖盘
13:18:06	15.35	-0.01	11	16885	卖盘
13:18:03	15.36	--	2	3072	买盘
13:17:42	15.36	-0.01	135	207667	卖盘
13:17:36	15.37	0.01	2	3074	买盘
13:17:33	15.36	-0.01	4	6144	卖盘
13:17:27	15.37	--	2	3074	买盘
13:17:09	15.37	--	25	38425	买盘
13:16:48	15.37	--	2	3074	买盘
13:16:45	15.37	0.01	25	38425	买盘
13:16:42	15.36	--	27	41472	卖盘
13:16:27	15.36	0.01	69	107212	买盘
13:16:12	15.35	--	7	10745	卖盘
13:16:00	15.35	-0.01	27	41445	卖盘
13:15:48	15.36	--	5	7680	卖盘
13:15:33	15.36	--	11	17264	买盘
13:15:24	15.36	--	13	19968	买盘
13:15:21	15.36	--	38	58368	买盘
13:15:12	15.36	--	10	15360	买盘
13:15:09	15.36	--	82	125952	卖盘
13:15:03	15.36	--	12	18432	卖盘
13:14:45	15.36	-0.01	5	7680	卖盘
13:14:33	15.37	--	3	4611	买盘
13:14:27	15.37	--	36	55332	卖盘
13:14:12	15.37	--	12	18444	卖盘
13:14:03	15.37	0.01	119	182903	买盘
13:13:54	15.36	-0.01	20	30720	卖盘
13:13:51	15.37	0.01	1	1537	买盘
13:13:48	15.36	--	10	15360	卖盘
13:13:42	15.36	--	62	95232	买盘
13:13:33	15.36	--	50	76800	买盘
13:13:27	15.36	--	54	82944	买盘
13:13:24	15.36	0.01	27	41472	买盘
13:13:21	15.35	0.01	38	58330	买盘
13:13:18	15.34	-0.01	150	230100	卖盘
13:13:12	15.35	0.01	32	49120	买盘
13:13:09	15.34	-0.01	4	6136	卖盘
13:13:06	15.35	--	10	15350	买盘
13:12:54	15.35	--	55	84425	买盘
13:12:51	15.35	--	33	50655	买盘
13:12:42	15.35	--	7	10745	买盘
13:12:39	15.35	--	4	6140	买盘
13:12:36	15.35	0.01	2	3070	买盘
13:12:30	15.34	-0.01	2	3068	卖盘
13:12:18	15.35	0.01	7	11052	买盘
13:12:09	15.34	--	3	4602	买盘
13:11:57	15.34	-0.01	51	79461	卖盘
13:11:54	15.35	--	7	10745	买盘
13:11:48	15.35	0.01	3	4605	买盘
13:11:39	15.34	-0.01	2	3068	卖盘
13:11:33	15.35	0.01	5	7675	买盘
13:11:21	15.34	--	10	15340	卖盘
13:11:18	15.34	--	10	15340	卖盘
13:11:09	15.34	--	7	10738	卖盘
13:11:06	15.34	-0.01	0	920	卖盘
13:11:00	15.35	0.01	10	15350	买盘
13:10:45	15.34	-0.01	8	12272	卖盘
13:10:39	15.35	0.01	3	4605	中性盘
13:10:30	15.34	-0.03	249	381966	卖盘
13:10:12	15.37	--	3	4611	买盘
13:10:06	15.37	0.02	1	1537	买盘
13:10:00	15.35	--	8	12280	卖盘
13:09:57	15.35	--	5	7675	卖盘
13:09:51	15.35	--	20	31621	卖盘
13:09:30	15.35	--	10	15350	卖盘
13:09:27	15.35	--	7	10745	卖盘
13:09:18	15.35	-0.01	7	10745	卖盘
13:08:45	15.36	0.01	2	3072	买盘
13:08:42	15.35	-0.01	5	7675	卖盘
13:08:33	15.36	0.01	8	12288	买盘
13:08:30	15.35	--	5	7675	卖盘
13:08:21	15.35	--	10	15350	卖盘
13:08:15	15.35	--	2	3070	卖盘
13:08:09	15.35	-0.01	2	3070	卖盘
13:07:57	15.36	--	31	47616	买盘
13:07:51	15.36	--	1	1536	买盘
13:07:48	15.36	--	86	132096	卖盘
13:07:36	15.36	-0.01	3	4608	卖盘
13:07:33	15.37	--	50	76850	买盘
13:07:24	15.37	--	50	76850	买盘
13:07:21	15.37	--	2	3074	买盘
13:07:18	15.37	0.01	33	50721	买盘
13:07:12	15.36	--	38	58368	卖盘
13:07:03	15.36	-0.01	7	10752	卖盘
13:07:00	15.37	0.01	2	3074	买盘
13:06:57	15.36	--	6	9216	卖盘
13:06:54	15.36	-0.01	46	70656	卖盘
13:06:48	15.37	0.01	15	23055	买盘
13:06:36	15.36	0.01	13	19968	买盘
13:06:33	15.35	-0.01	2	3070	卖盘
13:06:30	15.36	0.01	32	49152	买盘
13:06:27	15.35	-0.01	11	16885	卖盘
13:06:24	15.36	0.01	23	35328	买盘
13:06:21	15.35	-0.01	5	7675	卖盘
13:06:18	15.36	0.01	35	53760	买盘
13:06:00	15.35	--	50	76750	卖盘
13:05:54	15.35	-0.01	23	35305	卖盘
13:05:24	15.36	0.01	17	26112	买盘
13:05:09	15.35	--	5	7675	卖盘
13:04:54	15.35	-0.01	216	331560	卖盘
13:04:48	15.36	--	5	7680	卖盘
13:04:36	15.36	--	5	7680	卖盘
13:04:33	15.36	-0.01	30	46080	卖盘
13:04:30	15.37	--	30	46110	买盘
13:04:27	15.37	0.01	14	21518	买盘
13:04:15	15.36	--	27	41472	卖盘
13:04:12	15.36	--	33	50688	卖盘
13:04:09	15.36	--	27	41472	卖盘
13:04:03	15.36	-0.01	5	7680	卖盘
13:03:57	15.37	0.01	100	153700	买盘
13:03:54	15.36	-0.01	15	23040	卖盘
13:03:27	15.37	--	3	4611	买盘
13:03:24	15.37	-0.02	738	1134306	卖盘
13:03:12	15.39	0.02	2	3078	买盘
13:02:51	15.37	--	1	1537	卖盘
13:02:45	15.37	-0.01	30	46110	卖盘
13:02:42	15.38	--	29	44602	卖盘
13:02:39	15.38	--	9	13842	卖盘
13:02:30	15.38	--	20	30760	买盘
13:01:57	15.38	--	151	232853	卖盘
13:01:45	15.38	--	27	41526	卖盘
13:01:39	15.38	-0.01	3	4614	卖盘
13:01:33	15.39	--	2	3078	买盘
13:00:36	15.39	--	2	3078	买盘
13:00:21	15.39	--	64	98496	买盘
13:00:12	15.39	--	7	10773	买盘
13:00:09	15.39	--	1	1539	买盘
13:00:06	15.39	--	81	124659	卖盘
13:00:03	15.39	--	10	15390	卖盘
11:30:03	15.39	--	0	0	卖盘
11:29:45	15.39	-0.01	1	1539	卖盘
11:29:42	15.4	--	9	13860	买盘
11:29:39	15.4	--	3	4620	买盘
11:28:42	15.4	0.02	5	7700	买盘
11:28:30	15.38	-0.01	20	30760	卖盘
11:28:27	15.39	-0.01	9	13851	卖盘
11:28:24	15.4	--	65	100100	买盘
11:28:21	15.4	0.01	7	10780	买盘
11:28:18	15.39	--	3	5540	买盘
11:28:09	15.39	-0.01	6	9849	卖盘
11:28:06	15.4	--	9	13860	买盘
11:28:00	15.4	0.01	40	61600	买盘
11:27:57	15.39	-0.01	140	215460	卖盘
11:27:51	15.4	0.01	20	30800	买盘
11:27:45	15.39	--	10	15390	卖盘
11:27:39	15.39	--	10	15390	卖盘
11:27:33	15.39	--	33	51710	买盘
11:27:06	15.39	--	16	24624	买盘
11:27:03	15.39	0.01	9	13851	买盘
11:27:00	15.38	-0.01	530	815140	卖盘
11:26:54	15.39	0.01	5	7695	买盘
11:26:18	15.38	-0.01	5	7690	卖盘
11:26:09	15.39	--	9	13851	买盘
11:25:39	15.39	--	2	3078	买盘
11:25:36	15.39	-0.01	5	7695	卖盘
11:25:33	15.4	0.01	27	41580	买盘
11:25:06	15.39	0.02	5	7695	买盘
11:25:03	15.37	--	20	30740	卖盘
11:24:54	15.37	--	1	1537	卖盘
11:24:51	15.37	-0.03	2	3074	卖盘
11:24:42	15.4	--	2	3080	买盘
11:24:33	15.4	--	1	1540	买盘
11:24:21	15.4	--	2	3080	买盘
11:24:06	15.4	--	8	12320	买盘
11:23:48	15.4	--	30	46200	卖盘
11:23:45	15.4	-0.01	1	1540	卖盘
11:23:30	15.41	--	3	4623	买盘
11:23:24	15.41	-0.01	4	6164	卖盘
11:23:15	15.42	0.01	3	4626	买盘
11:23:09	15.41	-0.01	2	3082	卖盘
11:22:57	15.42	--	65	100230	买盘
11:22:51	15.42	0.01	7	10794	买盘
11:22:36	15.41	--	2	3082	卖盘
11:22:30	15.41	--	26	40066	买盘
11:22:18	15.41	0.01	2	3082	买盘
11:22:06	15.4	0.02	381	586740	买盘
11:21:48	15.38	--	10	15380	卖盘
11:21:39	15.38	-0.01	4	6152	卖盘
11:21:36	15.39	--	1	1539	买盘
11:21:03	15.39	--	53	81567	买盘
11:20:36	15.39	0.01	167	257013	买盘
11:20:33	15.38	--	20	30760	卖盘
11:20:27	15.38	-0.01	10	15380	卖盘
11:20:24	15.39	--	3	4617	买盘
11:20:09	15.39	0.02	1	1539	买盘
11:20:06	15.37	--	48	73776	卖盘
11:20:03	15.37	-0.02	14	22747	卖盘
11:20:00	15.39	0.02	6	9234	买盘
11:19:54	15.37	-0.02	7	10759	中性盘
11:19:48	15.39	0.02	280	430920	买盘
11:19:39	15.37	--	13	19981	卖盘
11:19:27	15.37	--	10	15370	买盘
11:19:24	15.37	0.01	10	15370	买盘
11:19:21	15.36	--	6	9216	卖盘
11:19:09	15.36	--	10	15360	卖盘
11:18:51	15.36	--	100	153600	卖盘
11:18:42	15.36	--	10	15360	买盘
11:18:33	15.36	--	11	16896	买盘
11:18:27	15.36	--	33	50688	买盘
11:18:09	15.36	--	10	15360	买盘
11:18:03	15.36	--	68	104448	卖盘
11:18:00	15.36	-0.01	23	35328	卖盘
11:17:42	15.37	-0.01	7	10759	卖盘
11:17:36	15.38	0.01	1	1538	买盘
11:17:33	15.37	-0.01	20	30740	卖盘
11:17:30	15.38	--	1	1538	卖盘
11:17:24	15.38	--	1	1538	卖盘
11:17:18	15.38	0.01	55	84590	买盘
11:17:06	15.37	-0.01	3	4611	中性盘
11:17:00	15.38	-0.01	9	13842	卖盘
11:16:57	15.39	0.01	65	100035	买盘
11:16:54	15.38	--	15	23070	卖盘
11:16:51	15.38	--	2	3076	卖盘
11:16:42	15.38	0.02	7	10766	买盘
11:16:33	15.36	-0.02	2	3072	卖盘
11:16:27	15.38	--	4	6152	买盘
11:16:24	15.38	--	1	1538	买盘
11:16:21	15.38	-0.01	6	9228	卖盘
11:16:15	15.39	--	4	6156	买盘
11:16:12	15.39	--	2	3078	买盘
11:16:03	15.39	0.03	52	80028	买盘
11:15:57	15.36	-0.03	17	26112	卖盘
11:15:54	15.39	0.03	1	1539	买盘
11:15:51	15.36	--	7	10752	卖盘
11:15:45	15.36	-0.03	2	3072	卖盘
11:15:36	15.39	-0.01	3	4617	买盘
11:15:12	15.4	--	36	55440	买盘
11:15:06	15.4	--	21	32340	买盘
11:15:00	15.4	--	16	24640	买盘
11:14:51	15.4	--	2	3080	买盘
11:14:42	15.4	0.05	57	87780	买盘
11:14:39	15.35	-0.04	2	3070	卖盘
11:14:36	15.39	--	18	27702	买盘
11:14:27	15.39	--	4	6156	卖盘
11:14:21	15.39	0.04	427	657153	买盘
11:14:18	15.35	0.01	10	15350	买盘
11:14:06	15.34	-0.02	206	316004	卖盘
11:14:03	15.36	0.01	114	176025	买盘
11:14:00	15.35	--	2	3070	买盘
11:13:57	15.35	--	11	16885	买盘
11:13:54	15.35	--	40	62014	卖盘
11:13:48	15.35	--	2	3070	卖盘
11:13:39	15.35	--	151	232706	买盘
11:13:36	15.35	--	2	3070	买盘
11:13:30	15.35	--	42	64470	买盘
11:13:27	15.35	--	1	1535	买盘
11:13:24	15.35	0.01	1	1535	买盘
11:13:21	15.34	-0.01	2	3068	卖盘
11:13:18	15.35	0.01	4	6140	买盘
11:13:12	15.34	-0.01	17	26078	卖盘
11:13:09	15.35	--	10	15350	买盘
11:13:03	15.35	0.01	3	4605	买盘
11:12:57	15.34	0.01	5	7670	中性盘
11:12:54	15.33	-0.02	2	3066	卖盘
11:12:45	15.35	0.02	107	164245	买盘
11:12:39	15.33	-0.01	1	1533	卖盘
11:12:27	15.34	0.01	2	3068	买盘
11:12:21	15.33	--	12	18396	卖盘
11:12:18	15.33	--	7	10731	买盘
11:12:09	15.33	0.02	3	4599	中性盘
11:11:57	15.31	-0.04	19	29089	中性盘
11:11:45	15.35	0.02	30	46050	买盘
11:11:39	15.33	0.03	18	27594	买盘
11:11:36	15.3	-0.05	400	612000	卖盘
11:11:33	15.35	0.02	1	1535	买盘
11:11:30	15.33	-0.02	5	7665	卖盘
11:11:27	15.35	0.02	28	42980	买盘
11:11:24	15.33	-0.02	25	38325	卖盘
11:11:12	15.35	0.02	32	49120	买盘
11:11:09	15.33	--	19	29127	卖盘
11:10:57	15.33	--	6	9198	买盘
11:10:45	15.33	--	35	53655	买盘
11:10:39	15.33	--	156	239148	买盘
11:10:33	15.33	--	5	7665	买盘
11:10:24	15.33	-0.02	30	45990	卖盘
11:10:18	15.35	0.02	17	26095	买盘
11:10:12	15.33	-0.02	27	41391	卖盘
11:10:09	15.35	--	2	3070	买盘
11:10:06	15.35	0.02	2	3070	买盘
11:10:00	15.33	0.02	23	35259	买盘
11:09:57	15.31	--	20	30620	卖盘
11:09:51	15.31	-0.04	12	18372	卖盘
11:09:48	15.35	0.04	54	82890	买盘
11:09:45	15.31	-0.02	72	110232	卖盘
11:09:42	15.33	0.03	84	129998	买盘
11:09:39	15.3	--	104	159120	买盘
11:09:36	15.3	--	8	12240	买盘
11:09:33	15.3	--	10	15300	买盘
11:09:30	15.3	--	20	30600	买盘
11:09:27	15.3	-0.01	123	188496	卖盘
11:09:24	15.31	--	10	15310	买盘
11:09:21	15.31	0.01	13	19903	中性盘
11:09:18	15.3	--	3	4590	卖盘
11:09:15	15.3	--	3	4590	卖盘
11:09:12	15.3	-0.03	10	15300	卖盘
11:09:09	15.33	0.02	31	47523	买盘
11:09:03	15.31	0.01	10	15310	中性盘
11:09:00	15.3	--	59	90270	卖盘
11:08:54	15.3	-0.01	1	1530	卖盘
11:08:48	15.31	-0.02	10	15310	中性盘
11:08:45	15.33	0.03	28	42924	买盘
11:08:39	15.3	--	113	172890	卖盘
11:08:27	15.3	-0.01	2	3060	卖盘
11:08:21	15.31	0.01	10	15310	中性盘
11:08:15	15.3	-0.03	226	347004	卖盘
11:08:12	15.33	0.01	108	165564	买盘
11:08:09	15.32	--	6	9192	卖盘
11:08:06	15.32	--	17	26044	卖盘
11:08:03	15.32	-0.01	53	81196	卖盘
11:07:57	15.33	--	11	16863	买盘
11:07:54	15.33	0.01	5	7665	买盘
11:07:51	15.32	--	1	1532	卖盘
11:07:48	15.32	-0.02	20	30640	卖盘
11:07:45	15.34	0.01	130	199420	买盘
11:07:42	15.33	--	5	7665	卖盘
11:07:39	15.33	--	69	105777	买盘
11:07:36	15.33	0.01	74	113442	买盘
11:07:33	15.32	--	6	9192	卖盘
11:07:30	15.32	-0.01	20	30640	卖盘
11:07:27	15.33	--	8	12264	买盘
11:07:21	15.33	--	9	13797	买盘
11:07:18	15.33	-0.01	108	165564	卖盘
11:07:09	15.34	--	73	112288	卖盘
11:07:06	15.34	-0.02	64	98176	卖盘
11:07:03	15.36	0.01	93	144076	买盘
11:07:00	15.35	--	99	152272	卖盘
11:06:51	15.35	-0.01	127	194945	卖盘
11:06:45	15.36	-0.01	2	3072	卖盘
11:06:42	15.37	0.01	4	6148	买盘
11:06:36	15.36	0.01	20	30720	中性盘
11:06:30	15.35	-0.01	27	41445	卖盘
11:06:27	15.36	--	10	15360	卖盘
11:06:18	15.36	-0.03	28	43008	卖盘
11:06:09	15.39	0.01	117	180063	买盘
11:06:06	15.38	--	101	155338	买盘
11:06:03	15.38	--	20	30760	买盘
11:06:00	15.38	--	17	26146	买盘
11:05:54	15.38	--	3	4614	买盘
11:05:45	15.38	--	3	4614	卖盘
11:05:39	15.38	--	10	15380	中性盘
11:05:30	15.38	--	24	36912	卖盘
11:05:18	15.38	--	12	18456	买盘
11:05:12	15.38	0.02	5	7690	买盘
11:05:06	15.36	--	32	49152	卖盘
11:05:00	15.36	--	4	6144	卖盘
11:04:57	15.36	0.01	80	122880	买盘
11:04:51	15.35	-0.01	4	6140	卖盘
11:04:48	15.36	--	82	125952	买盘
11:04:42	15.36	--	29	44544	买盘
11:04:39	15.36	0.01	27	41472	买盘
11:04:36	15.35	--	30	46050	卖盘
11:04:33	15.35	--	22	33770	卖盘
11:04:30	15.35	--	11	16885	卖盘
11:04:27	15.35	0.01	20	31928	买盘
11:04:24	15.34	-0.01	3	4602	中性盘
11:04:12	15.35	0.01	160	245600	买盘
11:04:09	15.34	0.01	2	3068	买盘
11:04:06	15.33	--	2	3066	卖盘
11:03:54	15.33	-0.02	21	32193	卖盘
11:03:45	15.35	--	29	44515	卖盘
11:03:30	15.35	--	40	61400	卖盘
11:03:27	15.35	-0.01	12	18420	卖盘
11:03:21	15.36	--	1	1536	买盘
11:03:15	15.36	--	125	192000	卖盘
11:03:12	15.36	-0.02	20	30720	卖盘
11:03:06	15.38	--	2	3076	买盘
11:03:03	15.38	0.01	14	21532	买盘
11:02:54	15.37	--	6	9222	卖盘
11:02:51	15.37	-0.02	71	109127	卖盘
11:02:48	15.39	0.01	9	13851	买盘
11:02:45	15.38	--	35	53830	卖盘
11:02:39	15.38	-0.02	39	59982	卖盘
11:02:36	15.4	0.01	1	1540	买盘
11:02:33	15.39	--	23	35397	买盘
11:02:27	15.39	0.01	23	35397	买盘
11:02:21	15.38	-0.01	1	1538	卖盘
11:02:15	15.39	--	28	43092	卖盘
11:02:09	15.39	--	18	27702	卖盘
11:02:06	15.39	--	2	3078	卖盘
11:02:00	15.39	-0.01	50	76950	卖盘
11:01:48	15.4	--	66	101640	卖盘
11:01:45	15.4	--	5	7700	卖盘
11:01:39	15.4	-0.01	6	9240	卖盘
11:01:30	15.41	0.01	11	16951	买盘
11:01:24	15.4	-0.02	32	49280	卖盘
11:01:21	15.42	0.01	68	104856	买盘
11:01:15	15.41	--	4	6164	卖盘
11:01:12	15.41	--	4	6164	买盘
11:01:09	15.41	-0.01	5	7705	卖盘
11:01:06	15.42	--	12	18504	卖盘
11:00:57	15.42	--	7	10794	卖盘
11:00:48	15.42	-0.03	4	6168	卖盘
11:00:36	15.45	0.02	194	299730	买盘
11:00:33	15.43	-0.02	79	121897	卖盘
11:00:30	15.45	0.02	31	47895	买盘
11:00:27	15.43	-0.02	10	15430	卖盘
11:00:24	15.45	--	11	16995	买盘
11:00:21	15.45	--	221	341445	买盘
11:00:18	15.45	--	35	54075	卖盘
11:00:15	15.45	--	60	92700	买盘
11:00:12	15.45	--	1	1545	买盘
11:00:09	15.45	--	9	13905	买盘
11:00:06	15.45	0.02	219	338355	买盘
11:00:00	15.43	--	20	30860	卖盘
10:59:57	15.43	-0.02	39	60177	卖盘
10:59:54	15.45	--	72	111240	卖盘
10:59:51	15.45	0.01	118	182310	买盘
10:59:48	15.44	--	16	24704	买盘
10:59:45	15.44	-0.01	10	15440	中性盘
10:59:39	15.45	0.01	21	32445	买盘
10:59:36	15.44	--	227	350488	卖盘
10:59:33	15.44	0.01	6	9264	买盘
10:59:30	15.43	--	7	10801	卖盘
10:59:27	15.43	--	16	24688	卖盘
10:59:24	15.43	--	10	15430	卖盘
10:59:21	15.43	0.01	102	157386	买盘
10:59:18	15.42	-0.04	3	4626	买盘
10:59:12	15.46	0.04	307	474622	买盘
10:59:09	15.42	-0.03	3	4626	买盘
10:59:06	15.45	0.03	221	341445	买盘
10:59:03	15.42	--	73	112566	卖盘
10:58:54	15.42	-0.03	2	3084	卖盘
10:58:51	15.45	--	158	244110	买盘
10:58:48	15.45	0.01	64	98880	买盘
10:58:45	15.44	-0.01	10	15440	卖盘
10:58:42	15.45	0.01	30	46350	买盘
10:58:39	15.44	--	28	43232	卖盘
10:58:36	15.44	--	41	63304	卖盘
10:58:33	15.44	0.02	129	199176	买盘
10:58:30	15.42	--	10	15420	卖盘
10:58:27	15.42	--	25	38550	卖盘
10:58:24	15.42	--	5	7710	卖盘
10:58:21	15.42	-0.02	257	396294	卖盘
10:58:18	15.44	--	22	33968	卖盘
10:58:15	15.44	--	10	15440	卖盘
10:58:12	15.44	--	27	41688	卖盘
10:58:09	15.44	--	42	64848	卖盘
10:58:06	15.44	0.02	135	208440	卖盘
10:58:03	15.42	-0.01	8	12336	卖盘
10:58:00	15.43	0.01	3	4629	买盘
10:57:57	15.42	-0.01	5	7710	卖盘
10:57:54	15.43	-0.02	2	3086	买盘
10:57:51	15.45	0.02	219	338355	买盘
10:57:45	15.43	--	20	30860	卖盘
10:57:36	15.43	--	224	345632	卖盘
10:57:33	15.43	-0.04	6	9258	卖盘
10:57:21	15.47	0.01	257	397579	买盘
10:57:18	15.46	-0.01	89	137594	卖盘
10:57:12	15.47	0.01	8	12376	买盘
10:57:09	15.46	--	5	7730	卖盘
10:57:06	15.46	0.02	121	187066	买盘
10:57:03	15.44	-0.03	82	126608	卖盘
10:57:00	15.47	0.03	24	37128	买盘
10:56:57	15.44	-0.02	107	165208	卖盘
10:56:54	15.46	--	26	40196	卖盘
10:56:51	15.46	0.02	116	179336	买盘
10:56:45	15.44	--	10	15440	卖盘
10:56:39	15.44	--	2	3088	卖盘
10:56:36	15.44	0.02	111	171384	买盘
10:56:30	15.42	--	10	15420	卖盘
10:56:27	15.42	-0.02	3	4626	卖盘
10:56:21	15.44	--	243	375192	买盘
10:56:18	15.44	-0.01	11	16984	卖盘
10:56:15	15.45	0.01	113	174585	买盘
10:56:12	15.44	--	37	57128	卖盘
10:56:06	15.44	--	26	40144	卖盘
10:56:03	15.44	0.02	125	193000	买盘
10:55:57	15.42	-0.01	3	4626	卖盘
10:55:54	15.43	--	3	4629	买盘
10:55:51	15.43	0.03	221	341003	买盘
10:55:48	15.4	-0.02	100	154000	卖盘
10:55:39	15.42	--	18	27756	卖盘
10:55:36	15.42	--	230	354660	卖盘
10:55:33	15.42	-0.01	2	3084	卖盘
10:55:21	15.43	-0.02	246	379578	卖盘
10:55:18	15.45	--	2	3090	买盘
10:55:09	15.45	--	46	71070	买盘
10:55:06	15.45	--	306	472770	卖盘
10:55:03	15.45	--	5	7725	卖盘
10:54:57	15.45	--	46	71070	卖盘
10:54:54	15.45	--	36	55620	卖盘
10:54:51	15.45	--	50	77250	买盘
10:54:48	15.45	--	5	7725	买盘
10:54:42	15.45	--	13	20085	卖盘
10:54:36	15.45	--	251	387795	卖盘
10:54:33	15.45	-0.01	27	41715	卖盘
10:54:30	15.46	-0.01	3	4638	中性盘
10:54:24	15.47	-0.01	3	4641	买盘
10:54:21	15.48	0.02	219	339012	买盘
10:54:18	15.46	-0.02	13	20098	卖盘
10:54:06	15.48	0.01	230	356040	买盘
10:54:03	15.47	--	43	66521	买盘
10:54:00	15.47	0.01	18	27846	中性盘
10:53:57	15.46	-0.02	46	71116	卖盘
10:53:54	15.48	0.01	80	123840	买盘
10:53:51	15.47	--	228	352716	卖盘
10:53:48	15.47	--	18	27846	卖盘
10:53:45	15.47	-0.02	11	17017	中性盘
10:53:36	15.49	0.02	226	350074	买盘
10:53:33	15.47	-0.01	76	117572	卖盘
10:53:24	15.48	--	2	3096	卖盘
10:53:21	15.48	0.01	150	232200	买盘
10:53:18	15.47	--	46	71162	买盘
10:53:15	15.47	--	1	1547	买盘
10:53:12	15.47	-0.02	22	35472	卖盘
10:53:09	15.49	--	35	54215	卖盘
10:53:06	15.49	0.01	208	322300	买盘
10:53:00	15.48	0.03	6	9288	买盘
10:52:57	15.45	-0.03	2	3090	卖盘
10:52:54	15.48	0.01	78	120744	买盘
10:52:51	15.47	-0.02	31	47957	卖盘
10:52:48	15.49	0.02	223	345427	买盘
10:52:45	15.47	-0.02	20	30940	卖盘
10:52:42	15.49	0.01	374	579326	买盘
10:52:39	15.48	0.01	113	174924	买盘
10:52:36	15.47	-0.02	248	383656	卖盘
10:52:33	15.49	0.02	258	399642	买盘
10:52:30	15.47	-0.01	4	6188	卖盘
10:52:27	15.48	--	21	32508	买盘
10:52:21	15.48	0.03	78	120744	中性盘
10:52:18	15.45	--	231	356895	卖盘
10:52:15	15.45	-0.03	3	4635	卖盘
10:52:12	15.48	0.03	103	159444	买盘
10:52:09	15.45	-0.03	4	6180	中性盘
10:52:03	15.48	0.03	222	345033	买盘
10:51:57	15.45	--	18	27810	卖盘
10:51:48	15.45	-0.03	234	361530	卖盘
10:51:45	15.48	-0.01	115	178020	卖盘
10:51:42	15.49	0.04	86	133214	买盘
10:51:39	15.45	-0.03	100	154500	卖盘
10:51:36	15.48	--	34	52802	买盘
10:51:33	15.48	--	246	382046	卖盘
10:51:30	15.48	--	5	7740	卖盘
10:51:27	15.48	--	33	51084	卖盘
10:51:24	15.48	--	160	247680	卖盘
10:51:21	15.48	--	17	26316	卖盘
10:51:18	15.48	--	51	79257	买盘
10:51:15	15.48	0.01	12	18576	买盘
10:51:12	15.47	--	32	49504	卖盘
10:51:09	15.47	-0.02	8	12376	卖盘
10:51:06	15.49	0.02	20	30980	买盘
10:51:03	15.47	-0.01	227	351169	卖盘
10:51:00	15.48	0.01	29	44892	中性盘
10:50:54	15.47	-0.01	1	1547	卖盘
10:50:51	15.48	-0.01	10	15480	中性盘
10:50:48	15.49	0.01	226	350074	买盘
10:50:45	15.48	--	110	170280	买盘
10:50:42	15.48	0.02	60	92880	买盘
10:50:39	15.46	--	9	13914	卖盘
10:50:36	15.46	-0.02	16	24736	卖盘
10:50:33	15.48	--	225	348300	买盘
10:50:30	15.48	0.02	68	105264	买盘
10:50:27	15.46	0.01	58	90116	买盘
10:50:21	15.45	-0.02	3	5731	卖盘
10:50:18	15.47	0.02	434	671398	买盘
10:50:15	15.45	--	38	58710	卖盘
10:50:12	15.45	--	49	75705	卖盘
10:50:09	15.45	--	30	46350	卖盘
10:50:06	15.45	--	105	162673	买盘
10:50:03	15.45	--	229	353805	买盘
10:50:00	15.45	0.01	6	9270	买盘
10:49:54	15.44	--	16	24704	卖盘
10:49:51	15.44	--	5	7720	卖盘
10:49:48	15.44	0.02	21	32424	买盘
10:49:45	15.42	-0.01	2	3084	卖盘
10:49:42	15.43	--	55	84865	买盘
10:49:36	15.43	-0.02	19	29317	卖盘
10:49:33	15.45	0.01	254	392430	买盘
10:49:30	15.44	--	10	15440	买盘
10:49:24	15.44	--	45	69480	买盘
10:49:21	15.44	-0.02	7	11904	卖盘
10:49:18	15.46	0.02	251	388046	买盘
10:49:15	15.44	--	346	534224	卖盘
10:49:12	15.44	-0.01	30	46320	卖盘
10:49:06	15.45	0.01	48	74160	买盘
10:49:03	15.44	0.01	165	255207	买盘
10:49:00	15.43	--	2	3086	买盘
10:48:54	15.43	-0.01	5	7715	中性盘
10:48:42	15.44	0.01	48	74112	买盘
10:48:39	15.43	--	20	30860	卖盘
10:48:36	15.43	0.02	200	308600	买盘
10:48:33	15.41	-0.01	6	9246	卖盘
10:48:30	15.42	--	117	180414	买盘
10:48:21	15.42	--	250	385500	卖盘
10:48:18	15.42	--	11	16962	卖盘
10:48:12	15.42	--	14	21588	卖盘
10:48:09	15.42	0.02	22	33924	中性盘
10:48:06	15.4	--	224	344960	卖盘
10:48:00	15.4	-0.02	53	81620	卖盘
10:47:57	15.42	-0.01	17	26214	买盘
10:47:51	15.43	0.05	221	341003	买盘
10:47:48	15.38	-0.03	2	3076	卖盘
10:47:45	15.41	-0.01	129	200129	卖盘
10:47:42	15.42	0.01	57	87894	买盘
10:47:39	15.41	--	30	46230	卖盘
10:47:36	15.41	--	44	68004	买盘
10:47:30	15.41	0.01	12	18492	买盘
10:47:24	15.4	--	20	32139	卖盘
10:47:21	15.4	--	235	361900	卖盘
10:47:18	15.4	--	60	92400	卖盘
10:47:15	15.4	--	10	15400	卖盘
10:47:12	15.4	--	1	1540	卖盘
10:47:09	15.4	--	5	7700	卖盘
10:47:06	15.4	0.02	131	201940	买盘
10:46:57	15.38	-0.01	2	3076	中性盘
10:46:54	15.39	-0.01	108	167550	卖盘
10:46:51	15.4	0.04	117	180380	买盘
10:46:45	15.36	-0.03	20	30720	卖盘
10:46:42	15.39	0.02	35	53865	买盘
10:46:39	15.37	-0.02	2	3074	卖盘
10:46:36	15.39	--	77	119841	卖盘
10:46:33	15.39	--	240	369360	卖盘
10:46:30	15.39	--	40	61560	卖盘
10:46:27	15.39	-0.01	3	4617	卖盘
10:46:21	15.4	0.01	10	15400	买盘
10:46:18	15.39	0.01	235	361865	买盘
10:46:12	15.38	0.01	1	1538	买盘
10:46:09	15.37	-0.01	24	36888	卖盘
10:46:06	15.38	-0.01	4	6874	卖盘
10:46:03	15.39	-0.01	228	351707	买盘
10:45:48	15.4	0.02	227	349580	买盘
10:45:45	15.38	-0.02	2	3076	中性盘
10:45:42	15.4	0.01	114	175560	买盘
10:45:39	15.39	--	18	27702	卖盘
10:45:36	15.39	--	40	61560	卖盘
10:45:33	15.39	0.02	127	195453	买盘
10:45:30	15.37	--	20	30740	卖盘
10:45:27	15.37	--	4	6148	卖盘
10:45:24	15.37	-0.01	55	84535	卖盘
10:45:21	15.38	--	1	1538	买盘
10:45:18	15.38	0.01	224	344512	买盘
10:45:15	15.37	--	10	15370	卖盘
10:45:12	15.37	-0.01	29	44573	卖盘
10:45:06	15.38	-0.02	50	76900	卖盘
10:45:03	15.4	0.02	273	420420	买盘
10:45:00	15.38	--	45	69210	卖盘
10:44:54	15.38	--	42	64596	卖盘
10:44:51	15.38	-0.02	3	4614	卖盘
10:44:48	15.4	0.02	359	552860	买盘
10:44:45	15.38	--	46	70748	卖盘
10:44:42	15.38	-0.01	42	64596	卖盘
10:44:36	15.39	-0.02	47	72333	卖盘
10:44:33	15.41	0.01	222	342102	买盘
10:44:30	15.4	--	30	46200	买盘
10:44:27	15.4	0.01	12	18480	买盘
10:44:24	15.39	-0.02	54	83106	卖盘
10:44:21	15.41	--	2	3082	买盘
10:44:18	15.41	0.01	234	360594	买盘
10:44:15	15.4	-0.01	6	9240	卖盘
10:44:12	15.41	--	12	18492	买盘
10:44:09	15.41	--	51	78591	买盘
10:44:06	15.41	--	123	189543	买盘
10:44:03	15.41	--	220	339020	买盘
10:43:57	15.41	--	12	18492	买盘
10:43:54	15.41	-0.01	9	13869	中性盘
10:43:48	15.42	0.01	238	366996	买盘
10:43:45	15.41	0.01	8	12328	中性盘
10:43:42	15.4	-0.01	64	98560	卖盘
10:43:39	15.41	--	140	215740	卖盘
10:43:36	15.41	--	52	80132	卖盘
10:43:33	15.41	--	22	33902	卖盘
10:43:30	15.41	0.01	224	345184	买盘
10:43:27	15.4	-0.01	1	1540	中性盘
10:43:18	15.41	0.01	248	382168	买盘
10:43:15	15.4	0.01	5	7700	卖盘
10:43:12	15.39	--	53	81567	卖盘
10:43:09	15.39	-0.02	88	135432	卖盘
10:43:06	15.41	--	61	94001	卖盘
10:43:03	15.41	0.01	188	289708	买盘
10:42:57	15.4	-0.01	5	7700	中性盘
10:42:54	15.41	-0.01	5	7705	中性盘
10:42:48	15.42	0.02	285	440086	买盘
10:42:45	15.4	--	24	36960	卖盘
10:42:42	15.4	--	32	49280	卖盘
10:42:39	15.4	--	12	18480	卖盘
10:42:36	15.4	-0.01	34	52360	卖盘
10:42:33	15.41	0.02	301	464765	买盘
10:42:30	15.39	-0.01	7	10773	中性盘
10:42:27	15.4	0.01	33	50820	买盘
10:42:24	15.39	-0.01	39	60021	卖盘
10:42:21	15.4	--	106	163240	买盘
10:42:18	15.4	--	120	184800	买盘
10:42:15	15.4	0.01	15	23100	买盘
10:42:12	15.39	--	74	113886	卖盘
10:42:09	15.39	-0.01	30	46170	卖盘
10:42:06	15.4	-0.01	3	4620	中性盘
10:42:03	15.41	0.02	246	379086	买盘
10:42:00	15.39	--	145	223155	卖盘
10:41:57	15.39	--	11	16929	卖盘
10:41:54	15.39	--	11	16929	卖盘
10:41:51	15.39	0.01	80	123120	中性盘
10:41:48	15.38	-0.01	266	409108	卖盘
10:41:45	15.39	--	1	1539	买盘
10:41:42	15.39	0.01	15	23085	买盘
10:41:39	15.38	-0.01	20	30760	卖盘
10:41:36	15.39	-0.01	8	12312	卖盘
10:41:33	15.4	0.02	232	357280	买盘
10:41:30	15.38	-0.01	100	153800	卖盘
10:41:24	15.39	--	21	32319	中性盘
10:41:21	15.39	-0.01	26	40014	中性盘
10:41:18	15.4	0.01	273	420420	买盘
10:41:15	15.39	0.01	15	23085	买盘
10:41:12	15.38	--	34	52292	卖盘
10:41:09	15.38	-0.02	2	3076	卖盘
10:41:06	15.4	0.01	108	166320	买盘
10:41:03	15.39	0.01	120	184680	买盘
10:41:00	15.38	-0.01	27	41526	卖盘
10:40:57	15.39	0.02	71	109269	买盘
10:40:54	15.37	-0.02	17	26129	卖盘
10:40:51	15.39	--	21	32319	买盘
10:40:48	15.39	0.02	231	355509	买盘
10:40:45	15.37	-0.01	2	3074	卖盘
10:40:39	15.38	--	21	33220	卖盘
10:40:36	15.38	0.01	199	306677	买盘
10:40:30	15.37	--	20	30740	买盘
10:40:27	15.37	0.01	2	3074	买盘
10:40:24	15.36	-0.01	12	18432	卖盘
10:40:21	15.37	--	231	355969	卖盘
10:40:18	15.37	--	77	118349	卖盘
10:40:15	15.37	--	2	3074	卖盘
10:40:12	15.37	-0.01	13	19981	卖盘
10:40:09	15.38	0.01	6	9228	买盘
10:40:06	15.37	-0.01	225	345825	卖盘
10:40:03	15.38	0.01	44	67672	买盘
10:40:00	15.37	--	25	38425	卖盘
10:39:57	15.37	-0.01	49	75927	卖盘
10:39:54	15.38	0.01	135	207630	买盘
10:39:51	15.37	-0.01	248	381176	卖盘
10:39:45	15.38	0.01	15	23070	买盘
10:39:42	15.37	0.01	3	4611	中性盘
10:39:39	15.36	--	3	4608	卖盘
10:39:36	15.36	-0.02	12	18432	卖盘
10:39:33	15.38	0.02	220	338360	买盘
10:39:24	15.36	0.01	9	13824	中性盘
10:39:21	15.35	-0.02	30	46050	卖盘
10:39:18	15.37	0.01	253	388861	买盘
10:39:15	15.36	0.01	91	139776	买盘
10:39:09	15.35	--	14	21490	卖盘
10:39:06	15.35	-0.01	45	69075	卖盘
10:39:03	15.36	0.01	223	342528	买盘
10:39:00	15.35	--	3	4605	卖盘
10:38:57	15.35	--	19	29165	卖盘
10:38:54	15.35	--	157	240995	卖盘
10:38:51	15.35	-0.01	161	247135	中性盘
10:38:48	15.36	0.02	223	342528	买盘
10:38:42	15.34	--	2	3068	卖盘
10:38:36	15.34	-0.01	1	1534	卖盘
10:38:33	15.35	0.02	50	76750	买盘
10:38:30	15.33	--	7	10731	买盘
10:38:21	15.33	-0.02	23	35259	卖盘
10:38:18	15.35	0.02	427	655445	买盘
10:38:15	15.33	-0.01	61	93513	卖盘
10:38:12	15.34	0.01	51	78234	买盘
10:38:06	15.33	--	3	4599	卖盘
10:38:03	15.33	0.01	108	165564	买盘
10:37:57	15.32	--	5	7660	买盘
10:37:54	15.32	-0.01	50	76600	买盘
10:37:45	15.33	0.03	100	153300	买盘
10:37:42	15.3	-0.03	106	162180	卖盘
10:37:39	15.33	--	13	19929	买盘
10:37:36	15.33	-0.01	3	4599	卖盘
10:37:33	15.34	--	228	349752	买盘
10:37:30	15.34	--	7	10738	买盘
10:37:21	15.34	-0.02	26	40558	卖盘
10:37:18	15.36	0.01	228	350208	买盘
10:37:15	15.35	--	32	49120	买盘
10:37:06	15.35	-0.01	10	15350	买盘
10:37:03	15.36	0.01	226	347136	买盘
10:37:00	15.35	--	65	100389	卖盘
10:36:57	15.35	--	2	3070	卖盘
10:36:54	15.35	--	12	18420	卖盘
10:36:51	15.35	-0.01	11	16885	卖盘
10:36:48	15.36	0.01	224	344064	买盘
10:36:45	15.35	--	46	70610	卖盘
10:36:42	15.35	--	5	7675	卖盘
10:36:39	15.35	--	131	202006	卖盘
10:36:36	15.35	--	28	42980	卖盘
10:36:33	15.35	--	382	586370	买盘
10:36:30	15.35	0.01	50	76750	买盘
10:36:27	15.34	--	130	199420	卖盘
10:36:24	15.34	--	16	24544	卖盘
10:36:18	15.34	0.01	120	184939	买盘
10:36:15	15.33	0.01	6	9198	中性盘
10:36:12	15.32	-0.01	326	499432	卖盘
10:36:09	15.33	--	10	15330	买盘
10:36:06	15.33	--	7	10731	买盘
10:36:03	15.33	--	221	338793	买盘
10:35:57	15.33	0.01	23	35259	买盘
10:35:54	15.32	--	4	6128	卖盘
10:35:51	15.32	-0.01	5	7660	中性盘
10:35:48	15.33	0.01	238	364854	买盘
10:35:42	15.32	--	5	7660	买盘
10:35:33	15.32	0.01	252	386064	买盘
10:35:30	15.31	--	9	13779	买盘
10:35:27	15.31	-0.01	19	29089	卖盘
10:35:24	15.32	--	30	45960	买盘
10:35:21	15.32	--	70	107240	买盘
10:35:18	15.32	0.01	257	393724	买盘
10:35:15	15.31	--	1	1531	卖盘
10:35:12	15.31	--	30	45930	卖盘
10:35:03	15.31	0.01	91	139321	买盘
10:34:54	15.3	-0.01	16	24480	中性盘
10:34:51	15.31	-0.01	233	356723	卖盘
10:34:48	15.32	0.01	223	341636	买盘
10:34:45	15.31	--	2	3062	卖盘
10:34:42	15.31	--	10	15310	卖盘
10:34:36	15.31	--	10	15310	卖盘
10:34:33	15.31	0.01	16	24496	买盘
10:34:30	15.3	-0.02	10	15300	中性盘
10:34:18	15.32	0.02	246	376872	买盘
10:34:15	15.3	--	3	4590	卖盘
10:34:09	15.3	--	64	97920	买盘
10:34:06	15.3	--	3	4590	买盘
10:34:03	15.3	--	224	342720	买盘
10:33:57	15.3	--	5	7650	买盘
10:33:51	15.3	-0.01	5	7650	中性盘
10:33:48	15.31	0.03	222	339882	买盘
10:33:45	15.28	-0.03	20	30560	卖盘
10:33:42	15.31	0.01	21	32151	买盘
10:33:39	15.3	-0.01	49	74970	中性盘
10:33:33	15.31	0.01	235	359785	买盘
10:33:24	15.3	--	20	30600	买盘
10:33:18	15.3	--	223	341190	买盘
10:33:15	15.3	--	4	6120	买盘
10:33:12	15.3	0.02	22	33660	买盘
10:33:09	15.28	-0.02	21	32088	卖盘
10:33:03	15.3	--	224	342720	买盘
10:32:51	15.3	0.02	5	7650	买盘
10:32:48	15.28	--	229	349912	卖盘
10:32:42	15.28	-0.01	4	6112	卖盘
10:32:36	15.29	-0.01	21	32109	中性盘
10:32:33	15.3	0.02	228	348840	买盘
10:32:27	15.28	--	14	21896	卖盘
10:32:24	15.28	-0.01	50	76400	卖盘
10:32:18	15.29	0.01	222	339438	买盘
10:32:15	15.28	--	22	33616	卖盘
10:32:12	15.28	--	57	87096	买盘
10:32:09	15.28	--	8	12224	买盘
10:32:03	15.28	--	222	339216	买盘
10:31:57	15.28	0.02	30	45840	中性盘
10:31:48	15.26	0.01	36	54936	买盘
10:31:42	15.25	--	80	122000	买盘
10:31:39	15.25	-0.04	119	181475	卖盘
10:31:36	15.29	--	2	4357	卖盘
10:31:33	15.29	0.01	221	338138	买盘
10:31:27	15.28	0.03	3	4584	买盘
10:31:24	15.25	--	7	10675	卖盘
10:31:21	15.25	-0.04	108	164700	卖盘
10:31:18	15.29	0.01	221	337909	买盘
10:31:09	15.28	--	2	3056	中性盘
10:31:06	15.28	0.04	20	30560	买盘
10:31:03	15.24	--	70	106680	买盘
10:31:00	15.24	--	3	4572	买盘
10:30:54	15.24	-0.05	427	650748	卖盘
10:30:48	15.29	0.01	226	345554	买盘
10:30:42	15.28	--	5	7640	买盘
10:30:33	15.28	0.04	223	340744	买盘
10:30:30	15.24	-0.05	50	76200	卖盘
10:30:27	15.29	-0.01	24	37384	卖盘
10:30:24	15.3	0.01	4	6120	买盘
10:30:21	15.29	--	93	142197	卖盘
10:30:18	15.29	0.01	202	309698	买盘
10:30:06	15.28	-0.02	84	128352	卖盘
10:30:03	15.3	0.02	222	339660	买盘
10:30:00	15.28	-0.01	15	22920	卖盘
10:29:57	15.29	0.01	2	3058	中性盘
10:29:51	15.28	--	31	47368	卖盘
10:29:48	15.28	--	422	644816	卖盘
10:29:45	15.28	--	7	10696	卖盘
10:29:42	15.28	--	37	56536	卖盘
10:29:39	15.28	--	54	82512	卖盘
10:29:33	15.28	0.04	39	59592	买盘
10:29:27	15.24	-0.04	485	739140	卖盘
10:29:18	15.28	0.01	223	340744	买盘
10:29:12	15.27	--	29	44283	卖盘
10:29:06	15.27	--	27	41229	卖盘
10:29:03	15.27	0.02	168	256536	买盘
10:29:00	15.25	--	42	64050	卖盘
10:28:54	15.25	--	76	115900	买盘
10:28:51	15.25	0.01	5	7625	卖盘
10:28:48	15.24	--	249	379476	卖盘
10:28:45	15.24	-0.01	3	4572	中性盘
10:28:33	15.25	0.01	224	341600	买盘
10:28:27	15.24	--	26	39624	买盘
10:28:18	15.24	--	30	45720	买盘
10:28:12	15.24	--	1	1524	买盘
10:28:03	15.24	0.01	3	4572	买盘
10:27:54	15.23	-0.01	80	121840	卖盘
10:27:45	15.24	0.01	3	4572	买盘
10:27:39	15.23	--	2	3046	卖盘
10:27:33	15.23	-0.01	9	13707	卖盘
10:27:30	15.24	--	2	3048	买盘
10:27:24	15.24	0.01	10	15240	买盘
10:27:18	15.23	--	5	7615	卖盘
10:27:15	15.23	-0.01	10	15230	卖盘
10:27:03	15.24	--	2	3048	买盘
10:26:57	15.24	0.01	8	12192	卖盘
10:26:45	15.23	-0.01	18	27414	卖盘
10:26:42	15.24	--	47	71628	卖盘
10:26:36	15.24	--	10	15240	卖盘
10:26:30	15.24	-0.01	13	19812	卖盘
10:26:27	15.25	--	11	16775	买盘
10:26:21	15.25	--	10	15250	买盘
10:26:09	15.25	0.01	106	161650	买盘
10:26:03	15.24	--	7	10668	卖盘
10:25:45	15.24	-0.01	2	3048	卖盘
10:25:36	15.25	--	11	16775	买盘
10:25:27	15.25	0.01	34	51850	买盘
10:25:21	15.24	-0.01	10	15240	中性盘
10:25:12	15.25	0.02	10	15250	买盘
10:25:09	15.23	-0.01	20	30460	卖盘
10:25:06	15.24	0.01	2	3048	买盘
10:25:03	15.23	0.01	15	22845	买盘
10:25:00	15.22	-0.01	28	42616	卖盘
10:24:57	15.23	--	4	6092	卖盘
10:24:54	15.23	-0.02	43	65489	卖盘
10:24:51	15.25	--	3	4575	买盘
10:24:42	15.25	--	5	7625	买盘
10:24:39	15.25	0.02	5	7625	买盘
10:24:33	15.23	-0.02	94	143162	卖盘
10:24:30	15.25	--	24	36600	卖盘
10:24:27	15.25	--	102	155550	卖盘
10:24:21	15.25	--	5	7625	卖盘
10:24:18	15.25	-0.01	23	35075	卖盘
10:24:09	15.26	0.01	20	30520	买盘
10:24:06	15.25	-0.01	6	9150	卖盘
10:24:00	15.26	0.01	29	44254	买盘
10:23:57	15.25	--	9	13725	卖盘
10:23:54	15.25	-0.01	34	51850	卖盘
10:23:51	15.26	0.01	59	90034	买盘
10:23:42	15.25	-0.01	2	3050	卖盘
10:23:36	15.26	-0.01	96	146496	卖盘
10:23:33	15.27	--	118	180186	卖盘
10:23:30	15.27	--	14	21378	卖盘
10:23:24	15.27	-0.01	40	61080	卖盘
10:23:21	15.28	--	20	30560	买盘
10:23:12	15.28	--	3	4584	买盘
10:23:06	15.28	--	4	6112	买盘
10:23:03	15.28	-0.01	3	4584	中性盘
10:22:54	15.29	0.01	18	27522	买盘
10:22:51	15.28	-0.01	459	701352	卖盘
10:22:48	15.29	0.01	300	458700	买盘
10:22:45	15.28	-0.01	22	33616	卖盘
10:22:30	15.29	--	63	96327	买盘
10:22:21	15.29	--	1	1529	买盘
10:22:18	15.29	--	112	171248	卖盘
10:22:15	15.29	--	15	22935	卖盘
10:22:12	15.29	--	20	30580	卖盘
10:22:06	15.29	--	178	272162	买盘
10:22:00	15.29	0.01	25	38225	买盘
10:21:57	15.28	--	10	15280	卖盘
10:21:54	15.28	-0.01	280	427840	卖盘
10:21:51	15.29	0.01	33	50457	买盘
10:21:48	15.28	--	26	39728	卖盘
10:21:45	15.28	-0.01	50	76400	卖盘
10:21:42	15.29	0.01	11	16819	买盘
10:21:30	15.28	-0.01	19	29032	卖盘
10:21:24	15.29	0.01	1	1529	买盘
10:21:18	15.28	--	5	7640	卖盘
10:21:15	15.28	--	27	41256	卖盘
10:21:09	15.28	-0.01	6	9168	卖盘
10:21:06	15.29	--	10	15290	买盘
10:21:03	15.29	--	9	13761	买盘
10:20:57	15.29	--	2	3058	买盘
10:20:54	15.29	--	6	9174	买盘
10:20:51	15.29	--	2	3058	买盘
10:20:42	15.29	--	15	22935	卖盘
10:20:39	15.29	--	3	4587	卖盘
10:20:36	15.29	-0.01	37	56573	卖盘
10:20:33	15.3	--	6	9180	买盘
10:20:24	15.3	--	20	30600	买盘
10:20:21	15.3	--	20	30600	买盘
10:20:18	15.3	--	57	87210	买盘
10:20:12	15.3	0.01	215	328950	买盘
10:20:06	15.29	-0.01	39	59631	卖盘
10:20:03	15.3	--	6	9180	买盘
10:20:00	15.3	0.01	30	45900	买盘
10:19:57	15.29	--	93	142197	卖盘
10:19:48	15.29	--	255	389895	买盘
10:19:45	15.29	--	2	3058	买盘
10:19:42	15.29	0.01	38	58102	买盘
10:19:39	15.28	-0.01	2	3056	卖盘
10:19:33	15.29	--	48	73392	买盘
10:19:30	15.29	--	40	61160	买盘
10:19:27	15.29	0.02	7	10703	买盘
10:19:15	15.27	-0.02	65	99255	卖盘
10:19:12	15.29	0.02	287	438823	买盘
10:19:03	15.27	0.02	110	167970	买盘
10:18:54	15.25	-0.01	1	1525	卖盘
10:18:51	15.26	--	22	33572	买盘
10:18:45	15.26	--	1	1526	买盘
10:18:42	15.26	--	64	97664	买盘
10:18:39	15.26	--	20	30520	买盘
10:18:24	15.26	--	10	15260	买盘
10:18:21	15.26	0.01	8	12208	买盘
10:18:18	15.25	-0.01	5	7625	买盘
10:18:15	15.26	--	71	108346	买盘
10:18:12	15.26	--	20	30520	买盘
10:18:09	15.26	0.01	54	82404	买盘
10:18:03	15.25	--	9	13725	买盘
10:18:00	15.25	--	7	10675	买盘
10:17:54	15.25	-0.01	6	9150	卖盘
10:17:51	15.26	0.04	14	21364	买盘
10:17:45	15.22	-0.03	75	114150	卖盘
10:17:42	15.25	-0.01	3	4575	卖盘
10:17:36	15.26	--	19	28994	买盘
10:17:33	15.26	--	31	47306	卖盘
10:17:30	15.26	--	15	22890	卖盘
10:17:18	15.26	-0.02	87	132762	卖盘
10:17:15	15.28	--	11	16808	买盘
10:17:06	15.28	--	21	32088	卖盘
10:17:03	15.28	-0.01	124	189472	卖盘
10:16:57	15.29	--	32	48928	买盘
10:16:54	15.29	--	171	261458	卖盘
10:16:51	15.29	-0.01	86	131494	卖盘
10:16:48	15.3	0.01	3	4590	买盘
10:16:39	15.29	--	40	61160	卖盘
10:16:36	15.29	-0.01	2	3058	卖盘
10:16:33	15.3	--	35	53550	买盘
10:16:30	15.3	--	32	48960	买盘
10:16:27	15.3	-0.01	192	293760	卖盘
10:16:24	15.31	--	30	45945	卖盘
10:16:21	15.31	--	153	235758	卖盘
10:16:18	15.31	--	2	3062	卖盘
10:16:15	15.31	-0.01	22	33682	卖盘
10:16:12	15.32	0.01	32	49024	买盘
10:16:09	15.31	-0.01	31	47461	卖盘
10:16:03	15.32	--	193	295676	买盘
10:16:00	15.32	--	35	53620	买盘
10:15:57	15.32	--	10	15320	买盘
10:15:51	15.32	--	35	53620	买盘
10:15:48	15.32	--	120	183840	卖盘
10:15:45	15.32	--	75	114900	卖盘
10:15:42	15.32	--	22	33704	卖盘
10:15:39	15.32	--	15	22980	卖盘
10:15:36	15.32	--	2	3064	卖盘
10:15:33	15.32	--	25	38300	卖盘
10:15:30	15.32	-0.01	29	44428	卖盘
10:15:27	15.33	0.01	103	157899	买盘
10:15:24	15.32	--	165	252780	买盘
10:15:21	15.32	0.01	17	26044	买盘
10:15:18	15.31	-0.01	2	3062	卖盘
10:15:15	15.32	--	38	58216	买盘
10:15:12	15.32	--	78	119496	买盘
10:15:06	15.32	0.01	36	55152	买盘
10:15:03	15.31	--	20	30620	卖盘
10:15:00	15.31	-0.01	11	16841	卖盘
10:14:57	15.32	0.01	42	64344	买盘
10:14:54	15.31	--	29	44399	卖盘
10:14:51	15.31	0.01	25	38275	买盘
10:14:48	15.3	--	52	79560	卖盘
10:14:45	15.3	-0.01	40	61200	卖盘
10:14:42	15.31	0.01	42	64302	买盘
10:14:39	15.3	-0.01	343	524790	卖盘
10:14:36	15.31	0.01	143	218933	买盘
10:14:33	15.3	-0.01	5	7650	卖盘
10:14:30	15.31	0.01	102	156162	买盘
10:14:27	15.3	-0.01	42	64260	卖盘
10:14:24	15.31	--	23	35213	买盘
10:14:21	15.31	0.01	65	99515	买盘
10:14:18	15.3	--	149	227970	买盘
10:14:15	15.3	--	8	12240	买盘
10:14:09	15.3	-0.01	68	104040	卖盘
10:14:06	15.31	--	65	99515	买盘
10:14:03	15.31	0.01	30	45930	买盘
10:13:57	15.3	-0.01	79	120870	卖盘
10:13:51	15.31	0.02	25	38275	买盘
10:13:48	15.29	-0.02	53	81037	卖盘
10:13:45	15.31	0.02	12	18372	买盘
10:13:42	15.29	-0.01	2	3058	卖盘
10:13:36	15.3	--	11	16830	买盘
10:13:33	15.3	--	15	22950	买盘
10:13:30	15.3	--	21	32130	买盘
10:13:27	15.3	-0.02	103	157590	卖盘
10:13:24	15.32	--	58	88856	买盘
10:13:21	15.32	0.01	147	225204	买盘
10:13:18	15.31	-0.01	151	231181	卖盘
10:13:15	15.32	--	99	151668	买盘
10:13:12	15.32	--	17	26044	买盘
10:13:09	15.32	--	15	22980	买盘
10:13:06	15.32	--	26	39832	买盘
10:13:03	15.32	-0.02	102	156264	卖盘
10:13:00	15.34	0.03	118	181012	买盘
10:12:57	15.31	-0.01	80	122480	卖盘
10:12:54	15.32	--	78	119496	卖盘
10:12:51	15.32	-0.01	25	38300	卖盘
10:12:48	15.33	0.01	26	39858	中性盘
10:12:45	15.32	--	218	333976	卖盘
10:12:42	15.32	-0.01	49	75068	中性盘
10:12:39	15.33	0.01	40	61320	买盘
10:12:36	15.32	--	86	131752	买盘
10:12:33	15.32	--	91	139412	买盘
10:12:30	15.32	--	8	12256	卖盘
10:12:27	15.32	--	69	105708	卖盘
10:12:24	15.32	0.01	148	226736	买盘
10:12:21	15.31	--	31	47461	卖盘
10:12:18	15.31	--	2	3062	卖盘
10:12:15	15.31	--	8	12248	卖盘
10:12:12	15.31	-0.02	72	110232	卖盘
10:12:09	15.33	--	87	133371	买盘
10:12:06	15.33	0.04	25	38325	买盘
10:12:03	15.29	--	10	15290	卖盘
10:12:00	15.29	-0.03	72	110088	卖盘
10:11:57	15.32	0.02	57	88243	买盘
10:11:54	15.3	0.01	32	48960	买盘
10:11:51	15.29	--	35	53515	买盘
10:11:48	15.29	--	28	42812	买盘
10:11:45	15.29	-0.03	153	233937	卖盘
10:11:39	15.32	0.03	613	939116	买盘
10:11:36	15.29	-0.06	25	38225	卖盘
10:11:30	15.35	--	165	253275	买盘
10:11:27	15.35	0.05	685	1051475	买盘
10:11:24	15.3	-0.04	42	64260	卖盘
10:11:21	15.34	--	37	56758	卖盘
10:11:18	15.34	0.01	539	826826	买盘
10:11:15	15.33	--	155	237615	买盘
10:11:12	15.33	-0.01	11	16863	中性盘
10:11:09	15.34	0.04	52	79768	买盘
10:11:06	15.3	-0.05	130	198900	卖盘
10:11:03	15.35	--	206	316210	买盘
10:11:00	15.35	0.01	138	211830	买盘
10:10:57	15.34	-0.01	79	121186	卖盘
10:10:54	15.35	--	8	12280	买盘
10:10:51	15.35	--	18	27630	买盘
10:10:48	15.35	0.05	184	282440	买盘
10:10:45	15.3	0.01	296	452880	买盘
10:10:42	15.29	--	45	68805	买盘
10:10:39	15.29	--	5	7645	买盘
10:10:36	15.29	--	114	174306	买盘
10:10:33	15.29	0.01	150	229350	买盘
10:10:30	15.28	0.03	122	186416	买盘
10:10:27	15.25	--	40	61000	买盘
10:10:24	15.25	0.03	86	131775	买盘
10:10:21	15.22	0.02	48	73056	中性盘
10:10:18	15.2	-0.01	166	252320	中性盘
10:10:12	15.21	0.03	632	961272	买盘
10:10:09	15.18	0.04	10	15180	买盘
10:10:03	15.14	-0.01	281	425434	卖盘
10:10:00	15.15	0.04	27	40905	买盘
10:09:57	15.11	-0.03	45	67995	中性盘
10:09:54	15.14	0.05	27	40878	买盘
10:09:51	15.09	0.01	9	13581	中性盘
10:09:45	15.08	--	2	3016	卖盘
10:09:42	15.08	0.01	25	38273	中性盘
10:09:33	15.07	-0.06	50	75350	卖盘
10:09:30	15.13	0.04	391	591583	买盘
10:09:24	15.09	0.02	10	15090	买盘
10:09:21	15.07	-0.02	20	30140	卖盘
10:09:18	15.09	--	56	84504	买盘
10:09:15	15.09	0.01	38	57342	买盘
10:09:12	15.08	--	15	22620	买盘
10:09:09	15.08	--	1	1508	买盘
10:09:06	15.08	-0.01	83	125164	卖盘
10:09:03	15.09	--	1	1509	卖盘
10:09:00	15.09	0.01	50	75450	中性盘
10:08:54	15.08	--	50	75400	卖盘
10:08:48	15.08	-0.01	6	9048	卖盘
10:08:45	15.09	0.01	3	4527	买盘
10:08:42	15.08	0.01	5	7540	中性盘
10:08:39	15.07	--	512	771584	卖盘
10:08:33	15.07	--	72	108504	卖盘
10:08:30	15.07	--	2	3014	卖盘
10:08:21	15.07	--	43	66127	买盘
10:08:18	15.07	--	2	3014	买盘
10:08:15	15.07	--	10	15070	买盘
10:08:09	15.07	-0.02	244	367888	卖盘
10:08:00	15.09	--	19	28671	买盘
10:07:57	15.09	0.01	3	4527	买盘
10:07:54	15.08	-0.01	27	40716	卖盘
10:07:51	15.09	-0.01	19	28671	中性盘
10:07:48	15.1	0.01	31	46810	买盘
10:07:42	15.09	-0.01	9	13581	卖盘
10:07:33	15.1	0.01	180	271800	买盘
10:07:30	15.09	-0.01	2	3018	卖盘
10:07:24	15.1	--	5	7550	买盘
10:07:21	15.1	--	1	1510	买盘
10:07:15	15.1	--	90	136232	卖盘
10:07:12	15.1	-0.01	95	143450	卖盘
10:07:06	15.11	--	10	15110	买盘
10:07:03	15.11	-0.01	114	172254	卖盘
10:07:00	15.12	--	20	30240	卖盘
10:06:54	15.12	0.01	17	25704	买盘
10:06:51	15.11	-0.01	30	45330	卖盘
10:06:48	15.12	0.01	13	19656	买盘
10:06:33	15.11	-0.01	7	10577	卖盘
10:06:27	15.12	0.01	1	1512	买盘
10:06:21	15.11	--	112	169232	买盘
10:06:18	15.11	0.01	70	105770	买盘
10:06:12	15.1	--	31	46810	卖盘
10:06:00	15.1	-0.01	63	95130	卖盘
10:05:54	15.11	0.01	4	6044	买盘
10:05:51	15.1	-0.02	39	58890	卖盘
10:05:45	15.12	0.01	3	4536	买盘
10:05:33	15.11	-0.01	2	3022	卖盘
10:05:18	15.12	--	2	3024	买盘
10:05:15	15.12	0.01	10	15120	买盘
10:04:57	15.11	-0.01	33	49863	卖盘
10:04:54	15.12	-0.01	2	3024	卖盘
10:04:51	15.13	0.01	3	4539	买盘
10:04:45	15.12	--	98	148176	买盘
10:04:36	15.12	0.02	2	3024	买盘
10:04:33	15.1	--	1	1510	卖盘
10:04:27	15.1	--	23	34730	卖盘
10:04:15	15.1	-0.02	49	73990	卖盘
10:04:09	15.12	0.02	1	1512	中性盘
10:03:57	15.1	--	3	4530	卖盘
10:03:51	15.1	0.02	270	408877	买盘
10:03:39	15.08	-0.01	4	6032	卖盘
10:03:30	15.09	-0.04	235	354615	卖盘
10:03:18	15.13	0.04	2	3026	买盘
10:02:51	15.09	--	17	25653	买盘
10:02:48	15.09	--	5	7545	买盘
10:02:42	15.09	0.01	1	1509	买盘
10:02:39	15.08	-0.01	31	46748	卖盘
10:02:33	15.09	0.01	75	113175	买盘
10:02:30	15.08	-0.01	2	3016	卖盘
10:02:24	15.09	--	10	15090	买盘
10:02:21	15.09	0.02	11	17926	买盘
10:02:18	15.07	--	7	10549	卖盘
10:02:09	15.07	-0.01	65	97955	卖盘
10:02:03	15.08	--	50	75400	买盘
10:02:00	15.08	--	30	45240	买盘
10:01:57	15.08	--	3	4524	买盘
10:01:54	15.08	--	15	22620	买盘
10:01:51	15.08	0.01	10	15080	买盘
10:01:48	15.07	-0.01	30	45210	卖盘
10:01:45	15.08	0.01	50	75400	买盘
10:01:39	15.07	-0.01	82	123574	卖盘
10:01:36	15.08	0.01	30	45240	买盘
10:01:30	15.07	-0.01	4	6028	卖盘
10:01:24	15.08	--	40	60320	买盘
10:01:18	15.08	--	1	1508	买盘
10:01:06	15.08	0.02	27	40716	买盘
10:01:03	15.06	-0.02	1	2409	卖盘
10:00:57	15.08	0.02	27	40716	买盘
10:00:54	15.06	-0.01	20	30120	卖盘
10:00:51	15.07	--	29	43703	买盘
10:00:36	15.07	--	8	12236	卖盘
10:00:33	15.07	--	51	76857	卖盘
10:00:30	15.07	-0.01	2	3014	卖盘
10:00:27	15.08	--	5	7540	买盘
10:00:24	15.08	0.01	2	3016	买盘
10:00:15	15.07	--	8	12056	卖盘
10:00:12	15.07	--	44	67634	买盘
10:00:09	15.07	--	1	1507	买盘
10:00:03	15.07	--	3	4521	买盘
10:00:00	15.07	--	10	15070	买盘
09:59:57	15.07	--	20	30140	买盘
09:59:48	15.07	--	6	9042	买盘
09:59:39	15.07	0.04	120	180840	买盘
09:59:33	15.03	-0.04	537	807111	卖盘
09:59:30	15.07	-0.01	3	4521	中性盘
09:59:21	15.08	0.01	52	78416	买盘
09:59:18	15.07	--	14	21098	买盘
09:59:15	15.07	0.02	10	15070	买盘
09:59:06	15.05	-0.01	2	3010	卖盘
09:59:03	15.06	-0.01	10	15060	买盘
09:59:00	15.07	0.02	78	117546	买盘
09:58:57	15.05	--	26	39130	买盘
09:58:54	15.05	--	30	45150	买盘
09:58:51	15.05	--	33	49665	买盘
09:58:48	15.05	-0.02	353	531265	卖盘
09:58:45	15.07	--	30	45210	买盘
09:58:42	15.07	0.01	2	3014	买盘
09:58:39	15.06	-0.01	2	3012	卖盘
09:58:36	15.07	--	23	34661	买盘
09:58:30	15.07	--	19	28633	买盘
09:58:21	15.07	-0.01	32	48224	卖盘
09:58:18	15.08	--	4	6032	买盘
09:58:15	15.08	0.02	7	10556	买盘
09:57:54	15.06	--	6	9036	卖盘
09:57:51	15.06	-0.02	32	48192	卖盘
09:57:48	15.08	0.02	3	4524	买盘
09:57:45	15.06	-0.02	217	326802	卖盘
09:57:42	15.08	--	5	7540	卖盘
09:57:39	15.08	--	5	7540	卖盘
09:57:36	15.08	-0.01	2	3016	卖盘
09:57:33	15.09	--	10	15090	买盘
09:57:24	15.09	--	208	313872	买盘
09:57:15	15.09	--	7	10563	买盘
09:57:12	15.09	--	10	15090	买盘
09:57:09	15.09	--	71	107139	卖盘
09:57:03	15.09	-0.01	30	45270	卖盘
09:56:51	15.1	--	13	19630	买盘
09:56:39	15.1	--	10	15100	买盘
09:56:33	15.1	-0.01	175	264250	卖盘
09:56:30	15.11	-0.01	2	3022	卖盘
09:56:27	15.12	0.01	5	7560	卖盘
09:56:24	15.11	-0.01	71	107281	卖盘
09:56:18	15.12	--	2	3024	买盘
09:56:15	15.12	--	57	86184	买盘
09:55:45	15.12	0.02	3	4536	买盘
09:55:36	15.1	--	1	1510	卖盘
09:55:33	15.1	0.01	5	7550	买盘
09:55:30	15.09	-0.01	2	3018	卖盘
09:55:27	15.1	--	30	45300	买盘
09:55:24	15.1	--	17	25670	买盘
09:55:21	15.1	--	1	1510	买盘
09:55:15	15.1	--	30	45300	买盘
09:55:12	15.1	--	50	75500	买盘
09:54:51	15.1	--	2	3020	买盘
09:54:42	15.1	--	3	4530	买盘
09:54:36	15.1	-0.02	418	631180	卖盘
09:54:33	15.12	--	5	7560	卖盘
09:54:30	15.12	--	5	7560	买盘
09:54:27	15.12	--	15	22680	买盘
09:54:18	15.12	--	10	15120	买盘
09:54:09	15.12	--	9	13608	卖盘
09:54:00	15.12	--	27	40824	卖盘
09:53:57	15.12	--	24	36288	卖盘
09:53:51	15.12	-0.01	5	7560	卖盘
09:53:48	15.13	0.01	2	3026	买盘
09:53:39	15.12	--	26	39312	卖盘
09:53:36	15.12	--	20	30240	卖盘
09:53:33	15.12	-0.01	9	13608	卖盘
09:53:21	15.13	-0.01	466	705133	卖盘
09:53:18	15.14	--	2	3028	买盘
09:53:15	15.14	0.01	1	1514	中性盘
09:53:06	15.13	-0.02	129	195177	卖盘
09:52:48	15.15	0.01	3	4545	买盘
09:52:42	15.14	--	3	4542	卖盘
09:52:39	15.14	-0.01	71	107494	卖盘
09:52:36	15.15	0.01	32	48480	买盘
09:52:30	15.14	--	20	30280	卖盘
09:52:21	15.14	-0.01	15	22710	卖盘
09:52:18	15.15	--	20	30300	买盘
09:52:09	15.15	--	1	1515	买盘
09:52:06	15.15	--	144	218160	卖盘
09:51:57	15.15	--	20	30300	卖盘
09:51:51	15.15	--	23	34845	卖盘
09:51:42	15.15	-0.01	5	7575	卖盘
09:51:39	15.16	--	2	3032	买盘
09:51:30	15.16	--	22	33352	买盘
09:51:15	15.16	0.01	3	4548	买盘
09:51:12	15.15	-0.01	21	31815	卖盘
09:51:09	15.16	--	1	1516	买盘
09:51:00	15.16	0.01	8	12128	买盘
09:50:45	15.15	--	3	4545	买盘
09:50:39	15.15	--	4	6060	卖盘
09:50:30	15.15	--	2	3030	卖盘
09:50:24	15.15	--	2	3030	卖盘
09:50:21	15.15	--	25	37875	卖盘
09:50:18	15.15	-0.01	5	7575	卖盘
09:50:15	15.16	0.01	2	3032	买盘
09:50:06	15.15	--	10	15150	卖盘
09:50:03	15.15	--	31	46965	买盘
09:50:00	15.15	--	48	72720	卖盘
09:49:51	15.15	--	15	22725	卖盘
09:49:48	15.15	--	42	63630	买盘
09:49:45	15.15	--	2	3030	买盘
09:49:42	15.15	0.01	53	80295	买盘
09:49:39	15.14	-0.01	2	3028	卖盘
09:49:09	15.15	--	8	12120	买盘
09:49:06	15.15	-0.01	60	90900	卖盘
09:49:03	15.16	--	52	78832	买盘
09:49:00	15.16	--	10	15160	买盘
09:48:48	15.16	--	5	7580	买盘
09:48:42	15.16	0.01	33	50028	买盘
09:48:36	15.15	-0.01	2	3030	卖盘
09:48:18	15.16	--	144	218304	卖盘
09:48:09	15.16	--	40	60640	卖盘
09:48:00	15.16	--	10	15160	卖盘
09:47:57	15.16	--	53	80348	卖盘
09:47:54	15.16	-0.02	27	40932	卖盘
09:47:51	15.18	-0.01	3	4554	卖盘
09:47:48	15.19	--	5	7595	买盘
09:47:42	15.19	0.01	59	89621	买盘
09:47:39	15.18	-0.01	16	24288	卖盘
09:47:36	15.19	0.01	21	31899	买盘
09:47:33	15.18	--	1	1518	卖盘
09:47:30	15.18	0.01	57	86526	卖盘
09:47:27	15.17	0.01	2	3034	中性盘
09:47:24	15.16	-0.02	27	40932	卖盘
09:47:21	15.18	--	129	195822	卖盘
09:47:18	15.18	0.01	171	259578	买盘
09:47:15	15.17	-0.01	31	47027	卖盘
09:47:12	15.18	--	20	30360	买盘
09:47:06	15.18	--	5	7590	买盘
09:47:03	15.18	--	7	10626	买盘
09:47:00	15.18	-0.01	66	100188	卖盘
09:46:54	15.19	--	54	82026	卖盘
09:46:51	15.19	--	30	45570	卖盘
09:46:48	15.19	--	127	192913	卖盘
09:46:45	15.19	-0.01	61	92659	卖盘
09:46:42	15.2	0.02	3	4560	买盘
09:46:36	15.18	--	7	10626	卖盘
09:46:33	15.18	--	53	80454	卖盘
09:46:30	15.18	-0.01	24	36432	卖盘
09:46:24	15.19	-0.01	13	19747	中性盘
09:46:18	15.2	--	1	1520	买盘
09:46:15	15.2	0.01	19	28880	买盘
09:46:12	15.19	0.01	4	6076	中性盘
09:46:03	15.18	-0.02	6	9108	卖盘
09:46:00	15.2	0.02	54	82080	买盘
09:45:57	15.18	-0.02	12	18216	卖盘
09:45:54	15.2	0.02	107	162640	买盘
09:45:51	15.18	-0.02	10	15180	卖盘
09:45:48	15.2	--	3	4560	买盘
09:45:42	15.2	0.02	10	15200	买盘
09:45:24	15.18	--	22	33396	买盘
09:45:12	15.18	--	1	1518	买盘
09:45:06	15.18	0.02	32	48576	买盘
09:45:03	15.16	-0.01	191	289556	卖盘
09:44:51	15.17	-0.01	56	84952	卖盘
09:44:48	15.18	0.01	7	10626	买盘
09:44:45	15.17	-0.01	7	10619	卖盘
09:44:42	15.18	--	13	19734	买盘
09:44:39	15.18	--	18	27324	买盘
09:44:27	15.18	--	20	30360	买盘
09:44:24	15.18	--	199	302082	卖盘
09:44:21	15.18	-0.02	28	42504	卖盘
09:44:18	15.2	--	1	1520	买盘
09:44:15	15.2	0.01	150	228000	买盘
09:44:12	15.19	--	4	6076	买盘
09:44:06	15.19	--	61	92659	买盘
09:44:03	15.19	--	141	214179	卖盘
09:44:00	15.19	--	28	42532	卖盘
09:43:57	15.19	-0.01	8	12152	卖盘
09:43:54	15.2	0.01	14	21280	买盘
09:43:51	15.19	--	10	15190	卖盘
09:43:48	15.19	0.01	95	144305	买盘
09:43:45	15.18	--	203	308154	卖盘
09:43:39	15.18	--	31	47058	卖盘
09:43:33	15.18	-0.01	5	7590	卖盘
09:43:30	15.19	--	27	41013	卖盘
09:43:24	15.19	0.01	84	127596	买盘
09:43:21	15.18	-0.01	28	42504	卖盘
09:43:18	15.19	0.01	2	3038	买盘
09:43:15	15.18	-0.01	29	44022	卖盘
09:43:12	15.19	--	3	4557	买盘
09:43:09	15.19	0.01	18	27342	买盘
09:43:06	15.18	--	7	10626	卖盘
09:43:03	15.18	-0.01	0	258	卖盘
09:43:00	15.19	0.01	5	7595	买盘
09:42:57	15.18	-0.01	32	48576	卖盘
09:42:54	15.19	--	12	18228	卖盘
09:42:51	15.19	--	10	15190	卖盘
09:42:48	15.19	--	31	47089	买盘
09:42:45	15.19	0.01	13	19747	买盘
09:42:42	15.18	--	4	6072	卖盘
09:42:36	15.18	--	1	1518	卖盘
09:42:33	15.18	-0.01	26	39468	卖盘
09:42:30	15.19	0.01	17	25823	买盘
09:42:27	15.18	-0.01	9	13662	卖盘
09:42:24	15.19	0.01	25	37975	买盘
09:42:21	15.18	--	9	13662	卖盘
09:42:18	15.18	-0.01	53	80454	卖盘
09:42:12	15.19	0.01	10	15190	中性盘
09:42:09	15.18	-0.01	22	33396	卖盘
09:42:06	15.19	0.01	14	21266	买盘
09:42:00	15.18	-0.01	16	24288	中性盘
09:41:57	15.19	0.01	10	15190	买盘
09:41:54	15.18	-0.01	12	18216	卖盘
09:41:51	15.19	--	10	15190	买盘
09:41:48	15.19	--	10	15190	买盘
09:41:45	15.19	--	10	15190	买盘
09:41:42	15.19	--	80	121520	买盘
09:41:39	15.19	--	3	4557	买盘
09:41:33	15.19	0.02	66	100254	买盘
09:41:24	15.17	-0.01	29	43993	卖盘
09:41:21	15.18	--	205	311190	买盘
09:41:18	15.18	--	100	151800	买盘
09:41:12	15.18	0.01	50	75900	买盘
09:41:06	15.17	--	7	10619	买盘
09:41:03	15.17	0.01	13	19721	买盘
09:41:00	15.16	-0.01	10	15160	卖盘
09:40:57	15.17	--	7	10619	买盘
09:40:48	15.17	0.01	21	31857	买盘
09:40:45	15.16	0.01	10	15160	买盘
09:40:30	15.15	0.01	25	37875	中性盘
09:40:21	15.14	-0.02	22	33308	卖盘
09:40:18	15.16	0.01	51	77316	买盘
09:40:12	15.15	--	107	162105	买盘
09:40:09	15.15	--	6	10302	买盘
09:40:06	15.15	--	35	53025	买盘
09:40:03	15.15	--	20	30300	买盘
09:39:51	15.15	0.01	15	22725	买盘
09:39:48	15.14	--	12	18168	买盘
09:39:45	15.14	--	12	18168	买盘
09:39:39	15.14	--	25	37850	买盘
09:39:36	15.14	0.01	256	387584	买盘
09:39:30	15.13	-0.01	22	33286	卖盘
09:39:24	15.14	0.01	1	1514	买盘
09:39:21	15.13	-0.01	26	39338	卖盘
09:39:18	15.14	0.01	1	1514	买盘
09:39:12	15.13	--	164	249569	买盘
09:39:06	15.13	0.01	7	10591	买盘
09:39:00	15.12	--	3	4536	买盘
09:38:51	15.12	--	8	12096	买盘
09:38:45	15.12	--	3	4536	买盘
09:38:42	15.12	-0.01	37	55944	卖盘
09:38:36	15.13	0.01	1	1513	买盘
09:38:33	15.12	-0.01	36	54432	卖盘
09:38:30	15.13	--	3	4539	买盘
09:38:24	15.13	0.03	47	71111	买盘
09:38:18	15.1	-0.02	58	87580	卖盘
09:38:15	15.12	0.02	67	101304	买盘
09:38:09	15.1	--	77	116270	买盘
09:38:06	15.1	--	6	9060	卖盘
09:38:03	15.1	--	10	15100	卖盘
09:37:57	15.1	0.01	10	15100	中性盘
09:37:54	15.09	--	28	43157	卖盘
09:37:48	15.09	-0.01	28	42252	卖盘
09:37:45	15.1	--	50	75500	买盘
09:37:42	15.1	0.01	27	40770	买盘
09:37:39	15.09	-0.01	8	12072	卖盘
09:37:33	15.1	0.01	27	40770	买盘
09:37:27	15.09	-0.01	46	69414	卖盘
09:37:24	15.1	--	27	40770	买盘
09:37:21	15.1	--	275	415793	买盘
09:37:15	15.1	--	202	305020	买盘
09:37:12	15.1	--	1	1510	买盘
09:37:06	15.1	0.01	50	75500	买盘
09:37:03	15.09	--	44	66396	卖盘
09:37:00	15.09	--	7	10563	买盘
09:36:57	15.09	-0.01	13	19617	卖盘
09:36:54	15.1	0.01	12	18120	买盘
09:36:51	15.09	--	21	31689	卖盘
09:36:48	15.09	--	37	55833	卖盘
09:36:45	15.09	-0.01	13	19617	卖盘
09:36:39	15.1	--	2	3020	买盘
09:36:33	15.1	0.01	11	16610	买盘
09:36:30	15.09	--	14	21126	买盘
09:36:24	15.09	-0.01	42	63378	卖盘
09:36:21	15.1	0.01	10	15100	买盘
09:36:18	15.09	--	2	3018	卖盘
09:36:15	15.09	--	10	15090	卖盘
09:36:12	15.09	--	6	9054	卖盘
09:36:06	15.09	--	22	33198	卖盘
09:36:00	15.09	--	7	10563	卖盘
09:35:51	15.09	--	1	1509	卖盘
09:35:48	15.09	0.01	3	4527	买盘
09:35:45	15.08	--	3	4524	卖盘
09:35:42	15.08	--	8	12064	卖盘
09:35:39	15.08	--	3	4524	卖盘
09:35:36	15.08	0.01	1	1508	买盘
09:35:33	15.07	-0.01	2	3014	卖盘
09:35:27	15.08	0.01	1	1508	买盘
09:35:24	15.07	--	5	7535	卖盘
09:35:21	15.07	--	20	30140	卖盘
09:35:18	15.07	--	73	110011	买盘
09:35:15	15.07	--	20	30140	买盘
09:35:12	15.07	0.01	10	15070	中性盘
09:35:09	15.06	-0.02	101	152106	卖盘
09:35:06	15.08	0.01	10	15080	买盘
09:34:57	15.07	0.01	47	70829	中性盘
09:34:54	15.06	0.01	53	79818	卖盘
09:34:48	15.05	-0.03	65	97825	卖盘
09:34:45	15.08	--	28	42224	卖盘
09:34:36	15.08	-0.02	6	9048	卖盘
09:34:33	15.1	--	27	42083	卖盘
09:34:30	15.1	--	72	108916	买盘
09:34:24	15.1	--	10	15100	买盘
09:34:15	15.1	-0.01	194	292940	卖盘
09:34:09	15.11	--	30	45330	买盘
09:34:06	15.11	--	19	29676	卖盘
09:34:03	15.11	--	148	223628	卖盘
09:34:00	15.11	--	15	22665	卖盘
09:33:48	15.11	-0.01	34	51374	卖盘
09:33:45	15.12	0.01	52	78624	买盘
09:33:36	15.11	-0.01	53	80083	卖盘
09:33:33	15.12	--	4	6048	买盘
09:33:30	15.12	--	6	9072	买盘
09:33:18	15.12	--	6	9072	买盘
09:33:15	15.12	--	47	71064	买盘
09:33:09	15.12	--	10	15120	买盘
09:33:06	15.12	--	1	1512	买盘
09:33:03	15.12	-0.01	132	199584	卖盘
09:32:57	15.13	0.02	5	7565	买盘
09:32:54	15.11	-0.02	53	80083	卖盘
09:32:51	15.13	--	21	31773	买盘
09:32:48	15.13	0.01	154	233546	买盘
09:32:45	15.12	--	10	15120	买盘
09:32:42	15.12	-0.01	101	153679	卖盘
09:32:33	15.13	0.01	55	83215	买盘
09:32:30	15.12	-0.01	4	6048	卖盘
09:32:27	15.13	--	5	7565	买盘
09:32:24	15.13	0.01	1	1513	买盘
09:32:21	15.12	-0.01	13	19656	卖盘
09:32:18	15.13	--	34	51986	买盘
09:32:15	15.13	--	1	1513	买盘
09:32:12	15.13	--	1	1513	买盘
09:32:09	15.13	0.01	101	152813	买盘
09:32:06	15.12	--	2	3024	买盘
09:32:03	15.12	--	35	52920	买盘
09:31:57	15.12	-0.01	104	157248	卖盘
09:31:54	15.13	--	27	40851	买盘
09:31:51	15.13	--	16	24208	买盘
09:31:48	15.13	0.01	30	45390	买盘
09:31:45	15.12	-0.01	10	15120	卖盘
09:31:42	15.13	--	79	119527	买盘
09:31:39	15.13	0.01	52	78676	买盘
09:31:36	15.12	-0.01	37	55944	卖盘
09:31:24	15.13	0.01	3	4539	买盘
09:31:18	15.12	-0.01	27	40824	卖盘
09:31:12	15.13	0.01	2	3026	买盘
09:31:06	15.12	-0.01	18	27216	卖盘
09:31:03	15.13	--	5	7565	买盘
09:30:57	15.13	0.02	11	16643	中性盘
09:30:36	15.11	--	20	30220	卖盘
09:30:30	15.11	-0.03	7	10577	卖盘
09:30:27	15.14	--	3	4542	买盘
09:30:12	15.14	--	6	9084	买盘
09:30:09	15.14	--	21	31794	买盘
09:30:06	15.14	-0.01	49	74186	中性盘
09:30:03	15.15	--	11	16665	卖盘
09:25:03	15.15	15.15	99	149985	买盘
