成交时间	成交价	价格变动	成交量(手)	成交额(元)	性质
15:00:03	12.84	--	290	372360	买盘
14:57:03	12.84	--	0	0	买盘
14:56:54	12.84	--	150	192600	买盘
14:56:51	12.84	0.01	48	61632	买盘
14:56:48	12.83	--	20	25660	卖盘
14:56:42	12.83	-0.01	10	12830	卖盘
14:56:39	12.84	--	2	2568	买盘
14:56:33	12.84	0.01	150	192600	买盘
14:56:30	12.83	--	10	12830	卖盘
14:56:27	12.83	--	9	11547	卖盘
14:56:21	12.83	-0.01	74	94942	卖盘
14:56:06	12.84	-0.01	302	387768	卖盘
14:55:57	12.85	0.01	1	1285	买盘
14:55:45	12.84	--	3	3852	卖盘
14:55:42	12.84	-0.02	93	119412	卖盘
14:55:33	12.86	0.02	3	3858	买盘
14:55:21	12.84	--	100	128400	卖盘
14:55:18	12.84	--	38	48792	卖盘
14:55:00	12.84	-0.01	38	48792	卖盘
14:54:42	12.85	--	101	129785	买盘
14:54:36	12.85	--	7	8995	买盘
14:54:24	12.85	--	26	33410	卖盘
14:54:18	12.85	-0.01	85	109225	卖盘
14:54:15	12.86	0.01	3	3858	买盘
14:53:33	12.85	0.01	170	218450	买盘
14:53:27	12.84	-0.01	5	6420	卖盘
14:53:24	12.85	0.01	66	84810	买盘
14:53:03	12.84	--	8	10272	卖盘
14:53:00	12.84	--	50	64200	卖盘
14:52:45	12.84	--	10	12840	卖盘
14:52:30	12.84	-0.01	200	256800	卖盘
14:52:15	12.85	-0.01	2	2570	卖盘
14:52:06	12.86	0.01	40	51440	买盘
14:51:54	12.85	-0.01	9	11565	卖盘
14:51:51	12.86	0.01	25	32150	买盘
14:51:36	12.85	--	9	11565	卖盘
14:51:03	12.85	-0.01	20	25700	卖盘
14:50:33	12.86	--	36	46296	买盘
14:50:15	12.86	--	28	36008	买盘
14:50:12	12.86	--	8	10288	买盘
14:49:57	12.86	0.01	30	38580	买盘
14:49:51	12.85	--	5	6425	卖盘
14:49:48	12.85	--	24	30840	卖盘
14:49:42	12.85	-0.02	30	38550	卖盘
14:49:18	12.87	--	21	27027	买盘
14:49:15	12.87	--	30	38610	买盘
14:49:09	12.87	--	5	6435	买盘
14:49:06	12.87	--	6	7721	买盘
14:49:00	12.87	-0.01	131	169394	卖盘
14:48:51	12.88	0.01	61	78568	买盘
14:48:03	12.87	--	20	25740	卖盘
14:47:42	12.87	--	20	25740	卖盘
14:47:00	12.87	--	32	41184	卖盘
14:46:57	12.87	--	8	10296	卖盘
14:46:54	12.87	-0.01	1	1776	卖盘
14:46:45	12.88	--	77	99176	买盘
14:46:30	12.88	--	21	27048	买盘
14:46:27	12.88	0.01	11	14168	买盘
14:46:24	12.87	-0.01	2	2574	卖盘
14:46:18	12.88	0.01	10	12880	买盘
14:46:15	12.87	-0.01	10	12870	卖盘
14:46:06	12.88	0.01	50	64400	买盘
14:45:36	12.87	0.01	70	90090	买盘
14:45:33	12.86	--	6	7716	卖盘
14:45:27	12.86	-0.01	32	41152	卖盘
14:45:24	12.87	--	15	19305	买盘
14:45:12	12.87	--	20	25740	买盘
14:44:36	12.87	0.02	5	6435	买盘
14:44:09	12.85	-0.02	3	3855	卖盘
14:43:51	12.87	0.01	10	12870	买盘
14:43:36	12.86	-0.01	23	29578	卖盘
14:43:18	12.87	0.01	5	6435	买盘
14:43:06	12.86	0.01	23	29578	买盘
14:42:03	12.85	-0.01	7	8995	中性盘
14:41:03	12.86	-0.01	7	9002	中性盘
14:40:51	12.87	0.01	502	646074	买盘
14:40:33	12.86	--	40	52237	买盘
14:40:12	12.86	--	67	86650	卖盘
14:39:48	12.86	--	10	12860	卖盘
14:38:15	12.86	--	1	2083	卖盘
14:38:06	12.86	-0.01	15	19290	卖盘
14:37:42	12.87	--	5	6435	买盘
14:37:39	12.87	0.02	125	160875	中性盘
14:35:57	12.85	--	59	75815	卖盘
14:35:12	12.85	--	49	63774	买盘
14:35:09	12.85	0.01	5	6425	买盘
14:34:57	12.84	--	51	65484	买盘
14:34:42	12.84	-0.01	48	61632	卖盘
14:34:18	12.85	0.01	30	38550	买盘
14:34:15	12.84	-0.01	10	12840	卖盘
14:34:09	12.85	--	5	6425	买盘
14:33:54	12.85	-0.03	410	527325	卖盘
14:33:51	12.88	--	2	2576	买盘
14:33:27	12.88	--	38	48944	卖盘
14:33:24	12.88	-0.01	30	38640	卖盘
14:33:09	12.89	0.01	10	12890	买盘
14:33:00	12.88	--	10	12880	卖盘
14:31:27	12.88	--	16	20608	卖盘
14:30:48	12.88	--	5	6440	卖盘
14:30:33	12.88	--	20	25760	卖盘
14:29:24	12.88	--	9	11592	卖盘
14:29:21	12.88	--	15	19320	卖盘
14:29:15	12.88	-0.01	16	20608	卖盘
14:29:12	12.89	0.01	1	1289	中性盘
14:27:51	12.88	-0.01	30	38640	卖盘
14:27:33	12.89	0.02	15	19335	中性盘
14:26:45	12.87	-0.03	97	124838	卖盘
14:26:15	12.9	0.01	14	18060	中性盘
14:25:27	12.89	-0.01	5	6445	卖盘
14:25:24	12.9	--	9	11610	买盘
14:24:48	12.9	-0.01	13	16770	卖盘
14:24:09	12.91	--	10	12910	买盘
14:23:24	12.91	--	4	5164	买盘
14:23:06	12.91	-0.01	108	139428	卖盘
14:22:42	12.92	0.01	10	12920	买盘
14:21:33	12.91	-0.01	2	2582	卖盘
14:21:09	12.92	0.01	4	5168	买盘
14:21:06	12.91	-0.01	16	20656	卖盘
14:21:03	12.92	--	37	47804	买盘
14:20:51	12.92	--	5	6460	买盘
14:20:30	12.92	--	10	12920	买盘
14:20:18	12.92	--	9	11628	买盘
14:19:39	12.92	--	3	3876	买盘
14:19:36	12.92	--	2	2584	买盘
14:19:21	12.92	--	23	29716	买盘
14:19:06	12.92	0.01	187	241604	买盘
14:17:51	12.91	0.02	74	95534	买盘
14:17:45	12.89	--	7	9023	卖盘
14:17:30	12.89	-0.01	54	69606	卖盘
14:17:12	12.9	0.01	5	6450	买盘
14:17:03	12.89	-0.01	20	25780	卖盘
14:16:51	12.9	--	16	20640	买盘
14:16:39	12.9	-0.01	14	18060	卖盘
14:16:30	12.91	0.01	13	16783	买盘
14:16:21	12.9	-0.01	16	20640	卖盘
14:15:48	12.91	--	15	19365	买盘
14:15:45	12.91	0.01	5	6455	买盘
14:15:33	12.9	--	50	64500	卖盘
14:15:21	12.9	--	419	540510	买盘
14:15:12	12.9	--	15	19350	买盘
14:15:00	12.9	--	108	139320	买盘
14:14:51	12.9	0.01	15	19350	买盘
14:14:36	12.89	-0.01	4	5156	卖盘
14:14:24	12.9	--	4	5160	买盘
14:14:06	12.9	0.01	8	10320	买盘
14:12:42	12.89	--	58	75277	买盘
14:12:36	12.89	--	7	9023	买盘
14:12:27	12.89	0.01	74	95386	买盘
14:12:21	12.88	--	10	12880	卖盘
14:12:00	12.88	--	10	12880	卖盘
14:11:57	12.88	--	40	51520	卖盘
14:11:09	12.88	--	5	6440	卖盘
14:09:57	12.88	--	10	12880	卖盘
14:09:39	12.88	0.01	2	2576	买盘
14:09:24	12.87	-0.01	9	11583	卖盘
14:09:12	12.88	--	8	10304	卖盘
14:09:06	12.88	--	100	128800	卖盘
14:08:51	12.88	--	16	20608	卖盘
14:08:39	12.88	--	22	28336	买盘
14:08:30	12.88	0.01	7	9016	买盘
14:08:24	12.87	-0.01	0	296	卖盘
14:08:12	12.88	0.01	58	74704	买盘
14:07:30	12.87	-0.01	16	20592	卖盘
14:07:21	12.88	--	6	7728	买盘
14:07:15	12.88	-0.01	7	9016	卖盘
14:07:09	12.89	0.01	163	210107	买盘
14:07:06	12.88	--	97	124936	卖盘
14:06:03	12.88	--	8	10304	卖盘
14:06:00	12.88	--	2	2576	买盘
14:05:18	12.88	-0.02	38	48944	卖盘
14:05:15	12.9	0.02	43	55470	买盘
14:05:03	12.88	--	300	386400	卖盘
14:04:39	12.88	-0.02	10	12880	卖盘
14:04:36	12.9	0.01	9	11610	买盘
14:04:21	12.89	--	38	48982	买盘
14:04:00	12.89	-0.01	1	1289	中性盘
14:03:18	12.9	0.01	1	1290	买盘
14:03:12	12.89	0.01	3	3867	买盘
14:03:06	12.88	--	3	3864	买盘
14:03:00	12.88	--	2	2576	买盘
14:02:18	12.88	--	1	1288	卖盘
14:02:09	12.88	--	5	6440	卖盘
14:01:36	12.88	--	5	6440	卖盘
14:01:24	12.88	--	19	24472	卖盘
14:01:18	12.88	--	28	36064	卖盘
14:01:15	12.88	--	20	25760	卖盘
14:00:36	12.88	--	6	7728	卖盘
14:00:30	12.88	-0.03	40	51520	卖盘
14:00:15	12.91	0.03	2	2582	买盘
14:00:09	12.88	-0.03	41	52808	卖盘
13:57:36	12.91	-0.01	5	6455	中性盘
13:56:57	12.92	0.06	4	5168	中性盘
13:55:33	12.86	-0.08	96	123456	卖盘
13:55:24	12.94	--	3	3882	买盘
13:55:09	12.94	0.08	3	3882	买盘
13:54:42	12.86	-0.09	1	1286	中性盘
13:54:15	12.95	0.13	7	9065	买盘
13:54:06	12.82	-0.16	100	128200	卖盘
13:54:03	12.98	0.15	258	334884	买盘
13:53:57	12.83	-0.08	500	641500	卖盘
13:53:48	12.91	-0.04	500	645500	卖盘
13:53:42	12.95	0.01	279	361305	买盘
13:53:18	12.94	0.01	66	85404	买盘
13:53:12	12.93	-0.01	100	129300	卖盘
13:53:09	12.94	0.02	8	10352	买盘
13:53:03	12.92	-0.01	27	34884	卖盘
13:52:57	12.93	-0.01	16	20688	卖盘
13:52:36	12.94	--	30	38820	卖盘
13:52:33	12.94	--	3	3882	卖盘
13:52:27	12.94	-0.01	15	19410	卖盘
13:52:21	12.95	--	3	3885	买盘
13:52:18	12.95	--	10	12950	买盘
13:52:12	12.95	--	15	19425	买盘
13:52:06	12.95	--	25	32375	买盘
13:52:00	12.95	--	2	2590	买盘
13:51:57	12.95	--	3	3885	买盘
13:51:48	12.95	--	2	2590	买盘
13:51:36	12.95	--	30	38850	买盘
13:51:30	12.95	--	10	12950	买盘
13:51:27	12.95	0.02	50	64750	买盘
13:51:15	12.93	-0.01	24	31032	卖盘
13:51:12	12.94	--	2	2588	卖盘
13:51:06	12.94	0.01	398	515012	买盘
13:50:39	12.93	--	7	9051	卖盘
13:50:33	12.93	0.01	167	215931	买盘
13:50:24	12.92	--	6	7752	买盘
13:50:15	12.92	0.01	9	11628	买盘
13:50:03	12.91	--	11	14201	卖盘
13:49:48	12.91	-0.01	10	12910	卖盘
13:49:33	12.92	--	26	33592	买盘
13:49:27	12.92	--	50	64600	买盘
13:49:09	12.92	--	1	1292	买盘
13:49:00	12.92	0.01	5	6460	买盘
13:48:57	12.91	--	3	3873	卖盘
13:48:54	12.91	-0.01	5	6455	卖盘
13:48:33	12.92	--	10	12920	买盘
13:48:03	12.92	--	15	19380	买盘
13:47:45	12.92	--	10	12920	卖盘
13:47:42	12.92	--	1	1292	卖盘
13:47:30	12.92	0.01	90	116280	买盘
13:47:27	12.91	--	200	258200	卖盘
13:47:24	12.91	--	50	64550	卖盘
13:47:18	12.91	--	8	10328	卖盘
13:47:15	12.91	-0.01	26	33566	卖盘
13:47:09	12.92	0.01	100	129200	买盘
13:46:57	12.91	-0.01	16	20656	卖盘
13:46:27	12.92	--	58	74936	卖盘
13:46:24	12.92	--	46	59432	买盘
13:46:21	12.92	--	5	6460	买盘
13:46:12	12.92	--	27	34884	买盘
13:46:09	12.92	--	24	31008	买盘
13:46:00	12.92	--	10	12920	买盘
13:45:54	12.92	--	50	64600	买盘
13:45:36	12.92	-0.01	38	49096	卖盘
13:45:30	12.93	0.01	5	6465	买盘
13:45:24	12.92	-0.01	100	129200	卖盘
13:45:21	12.93	0.01	16	20688	买盘
13:45:00	12.92	0.01	20	25840	买盘
13:44:45	12.91	--	41	52931	买盘
13:44:33	12.91	0.01	59	76169	买盘
13:44:06	12.9	--	25	32250	买盘
13:43:54	12.9	--	14	18060	买盘
13:43:45	12.9	-0.02	69	89010	卖盘
13:43:39	12.92	-0.01	1	1292	中性盘
13:43:21	12.93	0.01	85	109905	买盘
13:42:57	12.92	0.02	2	2584	买盘
13:42:33	12.9	--	2	2580	买盘
13:42:12	12.9	--	8	10320	卖盘
13:42:00	12.9	-0.03	12	15480	卖盘
13:41:57	12.93	--	20	25860	买盘
13:41:48	12.93	--	1	1293	卖盘
13:41:45	12.93	--	51	65943	卖盘
13:41:39	12.93	-0.01	48	62064	中性盘
13:41:33	12.94	0.01	100	129400	买盘
13:41:24	12.93	--	1	1293	买盘
13:41:21	12.93	-0.01	100	129300	中性盘
13:40:42	12.94	0.05	800	1035200	买盘
13:40:36	12.89	0.04	390	502710	买盘
13:38:48	12.85	-0.01	2	2570	卖盘
13:38:30	12.86	0.01	1	1286	买盘
13:37:42	12.85	--	1	1285	卖盘
13:37:27	12.85	0.03	48	61680	买盘
13:37:24	12.82	0.01	7	8974	中性盘
13:36:57	12.81	-0.01	124	158844	卖盘
13:36:15	12.82	-0.01	25	32050	卖盘
13:36:12	12.83	--	11	14113	买盘
13:35:57	12.83	-0.02	315	404145	卖盘
13:35:48	12.85	--	52	66820	卖盘
13:35:24	12.85	-0.01	2	2570	卖盘
13:34:51	12.86	0.01	48	61728	中性盘
13:33:48	12.85	-0.03	15	19275	卖盘
13:33:27	12.88	0.03	20	25760	买盘
13:33:09	12.85	--	30	38550	买盘
13:33:00	12.85	--	2	2570	买盘
13:32:57	12.85	-0.03	64	82240	卖盘
13:32:39	12.88	0.02	10	12880	买盘
13:32:33	12.86	--	45	57870	卖盘
13:31:36	12.86	--	13	16718	卖盘
13:31:30	12.86	--	131	168466	买盘
13:30:27	12.86	0.01	50	64300	买盘
13:30:18	12.85	--	1	1285	卖盘
13:30:03	12.85	--	10	12850	卖盘
13:29:27	12.85	-0.01	10	12850	卖盘
13:28:15	12.86	0.01	50	64300	买盘
13:28:03	12.85	--	10	12850	卖盘
13:27:42	12.85	--	20	25700	卖盘
13:27:33	12.85	-0.01	4	5140	卖盘
13:27:30	12.86	--	2	2572	买盘
13:26:45	12.86	0.01	3	3858	买盘
13:26:12	12.85	--	16	20560	卖盘
13:26:03	12.85	--	15	19275	卖盘
13:25:51	12.85	-0.01	13	16705	卖盘
13:25:27	12.86	--	2	2572	买盘
13:25:21	12.86	0.03	5	6430	买盘
13:22:18	12.83	-0.01	96	123168	卖盘
13:22:00	12.84	--	8	10272	卖盘
13:21:18	12.84	-0.01	10	12840	卖盘
13:20:39	12.85	--	22	28270	买盘
13:20:36	12.85	-0.01	132	169620	卖盘
13:20:24	12.86	--	26	33436	买盘
13:20:03	12.86	--	58	74588	卖盘
13:19:45	12.86	-0.02	32	41152	卖盘
13:18:36	12.88	--	6	7728	买盘
13:18:27	12.88	0.02	3	3864	买盘
13:18:15	12.86	-0.02	60	77160	卖盘
13:17:36	12.88	--	4	5152	买盘
13:17:33	12.88	0.02	30	38640	买盘
13:17:09	12.86	--	10	12860	买盘
13:15:21	12.86	-0.01	117	151233	卖盘
13:14:57	12.87	--	8	10296	卖盘
13:14:48	12.87	--	23	29601	卖盘
13:14:15	12.87	--	93	119691	卖盘
13:14:06	12.87	-0.01	8	10296	卖盘
13:14:00	12.88	0.01	20	25760	买盘
13:13:15	12.87	--	15	19819	卖盘
13:13:09	12.87	0.02	90	115830	买盘
13:13:00	12.85	--	16	20560	卖盘
13:12:24	12.85	0.01	8	10280	买盘
13:11:51	12.84	-0.01	39	50076	卖盘
13:11:27	12.85	--	40	51400	买盘
13:11:24	12.85	--	10	12850	买盘
13:11:18	12.85	--	20	25700	买盘
13:11:09	12.85	0.02	50	64250	买盘
13:10:12	12.83	--	5	6415	卖盘
13:09:33	12.83	--	4	5132	卖盘
13:09:24	12.83	-0.02	11	14113	卖盘
13:09:15	12.85	--	33	42405	买盘
13:08:03	12.85	-0.02	39	50115	卖盘
13:06:45	12.87	--	11	14157	买盘
13:06:27	12.87	-0.01	13	16731	卖盘
13:05:03	12.88	--	3	3864	买盘
13:04:42	12.88	0.01	1	1288	买盘
13:04:12	12.87	0.02	11	14157	买盘
13:01:54	12.85	--	20	25700	卖盘
13:00:06	12.85	0.02	14	17990	买盘
13:00:03	12.83	-0.02	6	7698	卖盘
11:30:03	12.85	--	0	0	买盘
11:29:39	12.85	--	32	41120	卖盘
11:29:18	12.85	0.02	2	2570	买盘
11:28:45	12.83	--	14	17962	买盘
11:27:39	12.83	--	20	25660	买盘
11:27:36	12.83	0.01	200	256600	买盘
11:27:21	12.82	-0.01	10	12820	卖盘
11:27:18	12.83	--	20	25660	买盘
11:26:54	12.83	0.01	5	6415	买盘
11:25:51	12.82	-0.01	4	5128	卖盘
11:25:36	12.83	--	9	11547	买盘
11:25:27	12.83	--	61	78263	卖盘
11:24:51	12.83	0.01	42	53886	买盘
11:24:00	12.82	--	10	12820	卖盘
11:23:54	12.82	--	30	38460	卖盘
11:23:33	12.82	--	6	7692	买盘
11:23:15	12.82	--	20	25640	买盘
11:23:03	12.82	--	12	15384	买盘
11:23:00	12.82	--	10	12820	买盘
11:22:45	12.82	-0.01	157	201274	卖盘
11:22:33	12.83	-0.02	26	33358	卖盘
11:22:24	12.85	--	12	15420	卖盘
11:22:00	12.85	--	20	25700	卖盘
11:21:27	12.85	--	7	8995	卖盘
11:20:27	12.85	-0.01	49	62965	卖盘
11:19:57	12.86	--	19	24434	买盘
11:19:48	12.86	-0.02	87	111882	卖盘
11:19:33	12.88	0.02	9	11592	买盘
11:19:12	12.86	--	25	32150	卖盘
11:18:39	12.86	-0.01	1	1286	卖盘
11:18:27	12.87	-0.01	133	171171	卖盘
11:18:18	12.88	--	10	12880	买盘
11:18:09	12.88	--	70	90160	买盘
11:17:09	12.88	--	5	6440	买盘
11:16:45	12.88	0.01	6	7728	买盘
11:16:15	12.87	--	99	127412	买盘
11:16:12	12.87	--	11	14157	买盘
11:16:09	12.87	--	77	99099	买盘
11:15:21	12.87	--	3	3860	买盘
11:15:03	12.87	0.01	10	12870	买盘
11:15:00	12.86	--	8	10288	卖盘
11:14:42	12.86	--	16	20576	买盘
11:14:33	12.86	--	48	61728	买盘
11:14:15	12.86	--	5	6430	买盘
11:14:06	12.86	--	30	38580	买盘
11:13:39	12.86	0.01	35	45010	买盘
11:13:30	12.85	--	100	128500	卖盘
11:13:24	12.85	--	119	152915	卖盘
11:13:03	12.85	-0.01	18	23130	卖盘
11:12:54	12.86	0.01	24	30864	买盘
11:12:33	12.85	-0.01	7	8995	卖盘
11:12:30	12.86	0.01	20	25720	买盘
11:12:21	12.85	--	5	6425	卖盘
11:12:18	12.85	--	60	77100	买盘
11:12:12	12.85	--	50	64250	买盘
11:12:09	12.85	0.02	10	12850	买盘
11:12:03	12.83	-0.02	3	3849	卖盘
11:12:00	12.85	0.03	35	44975	买盘
11:11:48	12.82	-0.03	680	871760	卖盘
11:11:42	12.85	--	45	57825	买盘
11:11:39	12.85	--	26	33410	买盘
11:11:30	12.85	--	37	47545	买盘
11:11:24	12.85	0.01	34	43690	买盘
11:11:18	12.84	-0.01	35	44940	卖盘
11:11:09	12.85	--	1007	1293995	买盘
11:11:00	12.85	--	1012	1300420	买盘
11:10:54	12.85	0.01	500	642500	买盘
11:10:51	12.84	-0.01	27	34668	卖盘
11:10:39	12.85	--	8	10280	买盘
11:10:36	12.85	0.01	2	2570	买盘
11:10:18	12.84	-0.01	32	41088	卖盘
11:10:12	12.85	--	500	642500	买盘
11:09:51	12.85	--	544	699040	买盘
11:09:33	12.85	--	500	642500	买盘
11:09:30	12.85	0.01	10	12850	买盘
11:09:21	12.84	-0.01	47	60348	卖盘
11:09:15	12.85	0.01	591	759435	买盘
11:09:06	12.84	0.03	190	243960	买盘
11:08:57	12.81	--	27	34587	卖盘
11:08:51	12.81	--	10	12810	卖盘
11:08:48	12.81	-0.01	23	29463	卖盘
11:08:27	12.82	--	15	19230	卖盘
11:08:21	12.82	-0.01	17	21794	卖盘
11:07:57	12.83	0.01	9	11547	买盘
11:07:51	12.82	-0.01	19	24358	卖盘
11:07:27	12.83	0.01	19	24377	买盘
11:07:21	12.82	--	39	49998	卖盘
11:06:54	12.82	--	10	12820	卖盘
11:06:42	12.82	-0.01	1	1282	卖盘
11:06:12	12.83	--	101	129583	卖盘
11:05:45	12.83	--	7	8981	卖盘
11:04:27	12.83	-0.01	3	3849	卖盘
11:04:21	12.84	-0.02	3	3852	卖盘
11:03:54	12.86	0.02	11	14146	买盘
11:03:06	12.84	--	139	178476	中性盘
11:02:51	12.84	0.01	588	754992	中性盘
11:02:33	12.83	--	5	6415	买盘
11:02:30	12.83	-0.01	84	107772	卖盘
11:02:15	12.84	-0.01	11	14124	卖盘
11:02:09	12.85	--	5	6425	买盘
11:01:39	12.85	--	3	3855	买盘
11:01:24	12.85	-0.02	33	42405	卖盘
11:01:12	12.87	--	13	16731	买盘
11:01:03	12.87	--	50	64349	买盘
11:00:51	12.87	--	5	6435	买盘
11:00:15	12.87	-0.01	1261	1622907	买盘
10:59:42	12.88	0.05	11	14168	买盘
10:59:39	12.83	-0.01	5	6415	卖盘
10:59:18	12.84	-0.03	43	55212	卖盘
10:59:15	12.87	--	20	25740	买盘
10:59:12	12.87	--	50	64349	买盘
10:58:06	12.87	0.04	30	38610	中性盘
10:57:45	12.83	0.02	1	1283	中性盘
10:57:33	12.81	-0.07	89	114009	卖盘
10:57:27	12.88	0.06	2	2576	买盘
10:56:54	12.82	-0.03	37	47434	卖盘
10:56:30	12.85	-0.04	20	25700	中性盘
10:56:03	12.89	0.06	4	5156	买盘
10:56:00	12.83	--	1	1283	卖盘
10:55:54	12.83	-0.06	3	3849	中性盘
10:54:57	12.89	--	1	1289	买盘
10:54:39	12.89	--	4	5156	买盘
10:54:12	12.89	-0.01	20	25780	买盘
10:53:21	12.9	--	5	6450	买盘
10:53:06	12.9	0.02	31	39990	买盘
10:53:03	12.88	-0.01	3	3864	卖盘
10:52:57	12.89	--	12	15468	卖盘
10:52:45	12.89	--	47	60583	卖盘
10:52:39	12.89	-0.01	14	18046	卖盘
10:52:33	12.9	--	3285	4237650	卖盘
10:52:30	12.9	--	214	276060	卖盘
10:52:24	12.9	0.01	110	141900	买盘
10:52:18	12.89	-0.01	3	3867	卖盘
10:52:15	12.9	0.01	13	16770	买盘
10:52:12	12.89	--	65	83785	卖盘
10:52:06	12.89	--	10	12890	卖盘
10:52:03	12.89	--	20	25780	卖盘
10:52:00	12.89	0.02	161	207529	买盘
10:51:57	12.87	-0.01	9	11583	卖盘
10:51:54	12.88	0.01	10	12880	买盘
10:51:42	12.87	0.04	161	207207	买盘
10:51:30	12.83	--	2	2566	卖盘
10:51:27	12.83	0.03	125	160375	买盘
10:51:24	12.8	--	2	2560	卖盘
10:51:12	12.8	--	30	38400	卖盘
10:51:09	12.8	--	14	17920	卖盘
10:51:06	12.8	0.02	195	249600	买盘
10:51:03	12.78	--	10	12780	卖盘
10:51:00	12.78	-0.01	100	127800	卖盘
10:50:57	12.79	--	16	20464	买盘
10:50:54	12.79	-0.01	37	47323	卖盘
10:50:42	12.8	0.02	2	2560	买盘
10:50:15	12.78	-0.02	700	894600	卖盘
10:50:06	12.8	0.01	2	2560	买盘
10:49:48	12.79	-0.01	10	12790	卖盘
10:49:45	12.8	--	17	21760	买盘
10:49:39	12.8	--	10	12800	买盘
10:49:33	12.8	--	10	12800	买盘
10:49:27	12.8	0.01	9	11520	买盘
10:49:24	12.79	-0.01	100	127899	卖盘
10:49:21	12.8	--	10	12800	买盘
10:49:12	12.8	--	4	5120	买盘
10:49:09	12.8	0.01	9	11520	买盘
10:48:54	12.79	-0.02	941	1204805	卖盘
10:48:48	12.81	0.01	10	12810	买盘
10:48:42	12.8	-0.02	120	153600	卖盘
10:48:30	12.82	0.02	4	5128	买盘
10:48:27	12.8	-0.01	200	256000	卖盘
10:48:24	12.81	-0.01	2	2562	卖盘
10:48:21	12.82	--	50	64100	买盘
10:48:06	12.82	0.01	4	5128	买盘
10:47:54	12.81	-0.01	47	60207	卖盘
10:47:39	12.82	0.01	4	5128	买盘
10:47:30	12.81	--	30	38430	卖盘
10:47:27	12.81	-0.01	36	46116	卖盘
10:47:18	12.82	0.01	9	11538	买盘
10:47:00	12.81	-0.01	19	24339	卖盘
10:46:54	12.82	--	20	25640	买盘
10:46:27	12.82	-0.01	4	5128	卖盘
10:46:06	12.83	0.02	10	12830	买盘
10:45:15	12.81	-0.01	16	20496	卖盘
10:45:12	12.82	0.01	2	2564	卖盘
10:45:06	12.81	--	11	14091	卖盘
10:45:03	12.81	--	89	114009	卖盘
10:44:54	12.81	--	145	185745	卖盘
10:44:51	12.81	--	133	170373	卖盘
10:44:33	12.81	-0.01	47	60207	卖盘
10:44:03	12.82	--	54	69228	卖盘
10:43:57	12.82	--	30	38460	卖盘
10:43:42	12.82	--	1	1282	卖盘
10:43:33	12.82	-0.01	56	71792	卖盘
10:43:24	12.83	--	44	56759	买盘
10:43:06	12.83	0.01	10	12830	买盘
10:43:03	12.82	-0.01	16	20512	卖盘
10:42:51	12.83	--	35	45880	卖盘
10:42:45	12.83	--	20	25660	卖盘
10:42:42	12.83	--	1	1283	卖盘
10:42:27	12.83	--	26	33358	卖盘
10:42:12	12.83	--	36	46188	卖盘
10:42:09	12.83	--	73	93659	卖盘
10:41:54	12.83	--	16	20528	卖盘
10:41:51	12.83	--	2	2566	卖盘
10:41:36	12.83	-0.01	10	12830	卖盘
10:41:33	12.84	0.01	1	1284	买盘
10:41:24	12.83	--	16	20528	卖盘
10:41:00	12.83	--	50	64150	卖盘
10:40:57	12.83	--	60	76980	卖盘
10:40:42	12.83	-0.01	60	76980	卖盘
10:40:27	12.84	0.01	6	7704	买盘
10:40:24	12.83	-0.01	10	12830	卖盘
10:40:21	12.84	--	10	12840	买盘
10:40:15	12.84	--	8	10272	买盘
10:40:12	12.84	--	19	24396	卖盘
10:40:09	12.84	-0.01	71	91164	卖盘
10:39:57	12.85	--	48	61680	买盘
10:39:18	12.85	0.01	24	30840	买盘
10:38:51	12.84	0.01	5	6420	买盘
10:38:18	12.83	-0.01	9	11547	卖盘
10:38:12	12.84	--	10	12840	买盘
10:37:42	12.84	0.01	3	3852	买盘
10:37:33	12.83	-0.01	30	38490	卖盘
10:37:30	12.84	0.01	20	25680	买盘
10:37:27	12.83	--	80	102640	卖盘
10:37:09	12.83	--	10	12830	卖盘
10:37:00	12.83	--	7	8981	卖盘
10:36:33	12.83	--	10	12830	卖盘
10:36:27	12.83	--	85	109055	卖盘
10:36:21	12.83	--	10	12830	卖盘
10:36:03	12.83	-0.01	36	46188	卖盘
10:35:54	12.84	0.01	32	41088	买盘
10:35:39	12.83	--	6	7698	卖盘
10:35:36	12.83	--	56	72155	卖盘
10:35:30	12.83	-0.01	6	7698	卖盘
10:35:06	12.84	--	32	41088	卖盘
10:35:00	12.84	--	70	89880	卖盘
10:34:48	12.84	--	20	25680	卖盘
10:34:39	12.84	-0.01	36	46224	卖盘
10:34:21	12.85	--	34	43690	卖盘
10:34:09	12.85	--	1	1285	卖盘
10:33:54	12.85	--	21	26985	卖盘
10:33:24	12.85	--	18	23130	卖盘
10:33:18	12.85	--	1	1285	卖盘
10:33:12	12.85	--	109	140065	卖盘
10:32:57	12.85	--	15	19275	卖盘
10:32:51	12.85	--	36	46260	卖盘
10:32:45	12.85	--	1	1285	卖盘
10:32:36	12.85	--	116	149060	买盘
10:32:21	12.85	--	97	124645	卖盘
10:32:18	12.85	--	51	65535	卖盘
10:32:09	12.85	--	98	125930	卖盘
10:31:57	12.85	-0.02	96	123360	卖盘
10:31:39	12.87	0.01	3	3860	买盘
10:31:27	12.86	-0.01	2	2572	卖盘
10:31:06	12.87	0.01	7	9009	买盘
10:30:57	12.86	--	13	16718	卖盘
10:30:54	12.86	--	20	25720	卖盘
10:30:36	12.86	0.01	149	191614	买盘
10:30:21	12.85	--	70	89950	卖盘
10:30:06	12.85	0.01	31	39835	买盘
10:29:54	12.84	--	3	3852	卖盘
10:29:18	12.84	-0.01	30	38520	卖盘
10:28:33	12.85	--	10	12850	买盘
10:28:30	12.85	--	9	11565	买盘
10:28:09	12.85	0.01	10	12850	买盘
10:28:00	12.84	--	2	2568	卖盘
10:27:03	12.84	--	3	3852	买盘
10:26:36	12.84	--	100	128400	买盘
10:26:21	12.84	--	10	12840	买盘
10:26:06	12.84	0.01	5	6420	买盘
10:25:30	12.83	-0.01	32	41056	卖盘
10:25:18	12.84	0.01	1	1284	买盘
10:24:48	12.83	--	14	17962	买盘
10:24:45	12.83	--	86	110338	卖盘
10:24:36	12.83	--	6	7698	卖盘
10:24:33	12.83	0.01	48	61584	买盘
10:24:21	12.82	-0.01	1	1282	卖盘
10:24:06	12.83	--	5	6415	买盘
10:24:00	12.83	--	20	25660	买盘
10:23:45	12.83	-0.01	32	41056	卖盘
10:23:42	12.84	0.01	68	87312	买盘
10:23:33	12.83	-0.01	2	2566	卖盘
10:22:54	12.84	0.01	39	50076	中性盘
10:22:24	12.83	0.01	3	3849	买盘
10:22:21	12.82	-0.01	81	103842	卖盘
10:22:12	12.83	--	7	8981	卖盘
10:22:09	12.83	--	2	2566	卖盘
10:21:57	12.83	--	52	66716	卖盘
10:21:30	12.83	-0.02	7	8981	卖盘
10:21:24	12.85	0.01	2	2570	买盘
10:20:48	12.84	0.01	10	12840	中性盘
10:19:51	12.83	--	11	14113	卖盘
10:19:36	12.83	0.01	36	46188	中性盘
10:19:15	12.82	-0.01	133	170506	卖盘
10:18:57	12.83	--	13	16679	卖盘
10:18:48	12.83	--	73	93659	卖盘
10:18:30	12.83	-0.01	85	109055	卖盘
10:18:27	12.84	-0.01	9	11556	卖盘
10:17:54	12.85	-0.01	5	6425	卖盘
10:17:33	12.86	0.01	10	12860	中性盘
10:17:18	12.85	-0.01	36	46260	卖盘
10:17:06	12.86	--	7	9002	卖盘
10:16:18	12.86	0.01	1	1286	中性盘
10:15:51	12.85	--	40	51400	卖盘
10:15:45	12.85	-0.01	20	25700	卖盘
10:15:39	12.86	0.01	10	12860	中性盘
10:15:27	12.85	--	8	10280	卖盘
10:15:21	12.85	--	6	7710	卖盘
10:15:15	12.85	--	36	46260	卖盘
10:14:36	12.85	-0.02	15	19275	卖盘
10:13:51	12.87	0.02	5	6435	买盘
10:13:45	12.85	-0.02	87	111795	卖盘
10:12:30	12.87	0.02	4	5148	买盘
10:12:27	12.85	-0.01	246	316110	卖盘
10:12:21	12.86	--	7	9002	卖盘
10:12:15	12.86	-0.01	20	25720	卖盘
10:11:57	12.87	0.01	1	1287	中性盘
10:11:15	12.86	--	4	5144	卖盘
10:11:03	12.86	-0.04	113	145318	卖盘
10:10:57	12.9	--	5	6450	买盘
10:10:45	12.9	--	1	1290	买盘
10:10:18	12.9	0.05	13	16770	中性盘
10:09:57	12.85	-0.05	478	614230	卖盘
10:09:51	12.9	0.01	8	10320	买盘
10:09:21	12.89	--	3	3867	买盘
10:09:00	12.89	--	2	2578	买盘
10:08:57	12.89	0.02	20	25780	买盘
10:08:54	12.87	-0.01	20	25740	卖盘
10:08:45	12.88	--	41	52808	卖盘
10:08:33	12.88	-0.01	10	12880	卖盘
10:08:24	12.89	0.01	14	18046	买盘
10:08:03	12.88	--	6	7728	买盘
10:07:57	12.88	0.02	30	38640	买盘
10:07:48	12.86	-0.02	72	92592	卖盘
10:07:45	12.88	--	26	33488	买盘
10:07:33	12.88	--	30	38640	买盘
10:07:09	12.88	--	10	12880	买盘
10:07:03	12.88	0.03	9	11592	买盘
10:06:45	12.85	-0.01	19	24415	卖盘
10:06:36	12.86	0.01	33	42438	买盘
10:06:30	12.85	-0.01	16	20817	卖盘
10:06:15	12.86	--	48	61728	卖盘
10:06:03	12.86	--	10	12860	买盘
10:05:51	12.86	0.01	5	6430	买盘
10:05:48	12.85	--	170	218450	卖盘
10:05:42	12.85	--	20	25700	卖盘
10:05:39	12.85	--	10	12850	卖盘
10:05:33	12.85	--	9	11565	卖盘
10:05:12	12.85	--	53	68105	卖盘
10:05:09	12.85	--	170	218450	卖盘
10:05:03	12.85	-0.01	20	25700	卖盘
10:05:00	12.86	0.01	8	10288	买盘
10:04:48	12.85	-0.01	11	14135	卖盘
10:04:45	12.86	--	10	12860	买盘
10:04:39	12.86	--	59	75874	卖盘
10:04:36	12.86	--	46	59156	卖盘
10:04:21	12.86	--	10	12860	卖盘
10:04:18	12.86	--	100	128600	卖盘
10:03:15	12.86	--	37	47582	买盘
10:03:09	12.86	--	55	70730	买盘
10:02:51	12.86	--	12	15432	买盘
10:02:45	12.86	--	95	122170	卖盘
10:02:42	12.86	--	15	19290	卖盘
10:01:48	12.86	--	21	27006	买盘
10:01:30	12.86	--	20	25720	买盘
10:01:18	12.86	--	59	75874	卖盘
10:01:12	12.86	--	30	38580	卖盘
10:01:06	12.86	-0.04	40	51440	卖盘
10:01:00	12.9	--	6	7740	买盘
10:00:54	12.9	0.04	20	25800	买盘
10:00:24	12.86	-0.02	14	18004	卖盘
10:00:12	12.88	0.02	10	12880	中性盘
09:59:39	12.86	0.01	5	6430	中性盘
09:59:03	12.85	--	180	231300	卖盘
09:58:57	12.85	-0.05	63	80955	卖盘
09:58:51	12.9	0.05	8	10320	买盘
09:58:30	12.85	-0.03	109	140065	卖盘
09:58:24	12.88	--	5	6440	卖盘
09:58:18	12.88	--	3	3864	买盘
09:58:12	12.88	0.01	10	12880	买盘
09:58:00	12.87	0.01	16	20592	买盘
09:57:42	12.86	0.01	3	3858	中性盘
09:57:15	12.85	--	76	97660	卖盘
09:56:54	12.85	--	27	34695	卖盘
09:56:48	12.85	--	27	34695	卖盘
09:56:42	12.85	--	8	10280	买盘
09:56:36	12.85	--	11	14135	买盘
09:56:27	12.85	0.01	3	3855	买盘
09:56:18	12.84	-0.01	3	3852	卖盘
09:56:06	12.85	0.01	10	12850	买盘
09:56:03	12.84	--	41	52644	买盘
09:55:57	12.84	--	79	101436	卖盘
09:55:42	12.84	-0.01	20	25680	卖盘
09:55:30	12.85	--	5	6425	买盘
09:55:27	12.85	0.01	10	12850	买盘
09:55:21	12.84	-0.01	10	12840	卖盘
09:55:18	12.85	0.01	3	3855	买盘
09:55:12	12.84	-0.01	87	111708	卖盘
09:55:09	12.85	--	5	6425	买盘
09:55:03	12.85	--	1	1285	买盘
09:54:57	12.85	--	1	1285	卖盘
09:54:51	12.85	--	9	11565	买盘
09:54:48	12.85	--	18	23130	卖盘
09:54:24	12.85	0.01	22	28270	中性盘
09:54:09	12.84	-0.01	280	359520	卖盘
09:54:03	12.85	-0.01	80	102800	卖盘
09:54:00	12.86	--	3	3858	卖盘
09:53:57	12.86	--	10	12860	卖盘
09:53:54	12.86	0.01	5	6430	买盘
09:53:48	12.85	-0.01	1	1285	卖盘
09:53:45	12.86	0.01	20	25720	买盘
09:53:24	12.85	-0.01	3	3855	卖盘
09:53:15	12.86	--	15	19290	卖盘
09:53:12	12.86	0.01	1	1286	卖盘
09:53:06	12.85	--	11	14135	买盘
09:53:03	12.85	--	20	25700	买盘
09:53:00	12.85	--	19	24415	卖盘
09:52:57	12.85	--	211	271135	卖盘
09:52:54	12.85	-0.01	2	2570	卖盘
09:52:51	12.86	--	5	6430	买盘
09:52:39	12.86	--	49	63014	卖盘
09:52:27	12.86	-0.01	10	12860	卖盘
09:52:09	12.87	0.02	4	5148	买盘
09:52:00	12.85	-0.02	100	128500	卖盘
09:51:51	12.87	--	14	18018	卖盘
09:51:45	12.87	--	4	5148	卖盘
09:51:39	12.87	0.01	61	78507	卖盘
09:51:27	12.86	--	112	144032	买盘
09:51:21	12.86	--	5	6430	买盘
09:51:18	12.86	-0.02	84	108024	卖盘
09:51:15	12.88	--	30	38640	买盘
09:51:12	12.88	0.02	30	38640	买盘
09:51:09	12.86	-0.01	19	24434	卖盘
09:51:03	12.87	--	110	141570	卖盘
09:50:42	12.87	-0.01	20	25740	卖盘
09:50:39	12.88	0.01	33	42504	买盘
09:50:33	12.87	--	7	9009	卖盘
09:50:06	12.87	-0.01	25	32174	卖盘
09:50:00	12.88	0.01	20	25760	买盘
09:49:51	12.87	--	19	24453	卖盘
09:49:45	12.87	-0.01	100	128699	卖盘
09:49:42	12.88	0.01	25	32200	买盘
09:49:36	12.87	--	31	39897	卖盘
09:49:33	12.87	-0.01	5	6435	卖盘
09:49:15	12.88	--	13	16744	买盘
09:49:09	12.88	0.01	3	3864	买盘
09:49:06	12.87	-0.01	37	47619	卖盘
09:49:03	12.88	--	74	95312	卖盘
09:48:39	12.88	--	9	11592	卖盘
09:48:36	12.88	-0.02	40	51520	卖盘
09:48:18	12.9	--	2	2580	买盘
09:48:09	12.9	0.02	53	68370	买盘
09:48:00	12.88	--	16	20608	卖盘
09:47:57	12.88	--	20	25760	卖盘
09:47:18	12.88	-0.02	87	112056	卖盘
09:47:09	12.9	--	20	25800	卖盘
09:47:06	12.9	-0.01	10	12900	卖盘
09:46:21	12.91	--	20	25820	买盘
09:46:03	12.91	0.01	5	6455	买盘
09:45:57	12.9	-0.01	6	7740	中性盘
09:45:36	12.91	0.01	8	10328	买盘
09:45:33	12.9	0.01	4	5160	买盘
09:45:27	12.89	--	1	1289	卖盘
09:45:24	12.89	-0.01	1	1289	卖盘
09:45:09	12.9	0.02	4	5160	中性盘
09:44:21	12.88	--	10	12880	卖盘
09:44:15	12.88	0.01	70	90160	中性盘
09:43:42	12.87	-0.02	106	136422	卖盘
09:43:39	12.89	-0.02	55	70895	买盘
09:43:33	12.91	0.01	320	413120	中性盘
09:43:24	12.9	--	50	64500	卖盘
09:43:18	12.9	--	41	52890	卖盘
09:43:15	12.9	--	20	25800	卖盘
09:43:03	12.9	--	92	118680	买盘
09:43:00	12.9	--	3	3870	买盘
09:42:54	12.9	--	7	9030	买盘
09:42:48	12.9	-0.01	85	109650	卖盘
09:42:24	12.91	--	13	16783	买盘
09:42:21	12.91	-0.01	33	42603	卖盘
09:41:57	12.92	--	12	15504	卖盘
09:41:54	12.92	--	2	2584	卖盘
09:41:45	12.92	--	67	86564	买盘
09:41:39	12.92	--	10	12920	买盘
09:41:33	12.92	0.02	3	3876	买盘
09:41:18	12.9	0.01	19	24510	买盘
09:41:09	12.89	0.01	1	1289	中性盘
09:40:42	12.88	--	5	6440	买盘
09:40:33	12.88	-0.01	80	103040	卖盘
09:40:30	12.89	--	7	9023	买盘
09:40:18	12.89	--	5	6445	买盘
09:40:06	12.89	--	10	12890	买盘
09:40:03	12.89	0.01	35	45115	买盘
09:40:00	12.88	--	1	1288	卖盘
09:39:54	12.88	-0.01	10	12880	卖盘
09:39:42	12.89	0.02	10	12890	买盘
09:39:09	12.87	-0.01	20	25740	卖盘
09:39:03	12.88	-0.01	5	6440	卖盘
09:39:00	12.89	--	2	2578	买盘
09:38:48	12.89	--	13	16757	买盘
09:38:45	12.89	0.01	25	32225	买盘
09:38:42	12.88	--	1	1288	买盘
09:38:39	12.88	-0.01	33	42504	卖盘
09:38:36	12.89	--	10	12890	买盘
09:38:30	12.89	--	16	20624	买盘
09:38:24	12.89	-0.01	56	72184	卖盘
09:38:21	12.9	--	57	73530	买盘
09:38:18	12.9	--	28	36120	买盘
09:38:12	12.9	--	12	15480	买盘
09:38:09	12.9	--	6	7740	买盘
09:38:06	12.9	-0.02	260	335400	卖盘
09:37:51	12.92	--	1	1292	买盘
09:37:48	12.92	-0.02	27	34884	卖盘
09:37:33	12.94	0.02	7	9058	买盘
09:37:15	12.92	--	13	16796	买盘
09:37:09	12.92	0.02	7	9044	买盘
09:37:06	12.9	-0.02	30	38700	卖盘
09:37:03	12.92	--	4	5168	买盘
09:37:00	12.92	0.01	16	20672	买盘
09:36:57	12.91	-0.01	10	12910	卖盘
09:36:48	12.92	--	8	10336	买盘
09:36:36	12.92	--	6	7752	买盘
09:36:33	12.92	--	57	73644	买盘
09:36:21	12.92	--	5	6460	买盘
09:36:12	12.92	--	52	67184	买盘
09:36:09	12.92	0.01	35	45220	中性盘
09:35:48	12.91	-0.04	3	3873	卖盘
09:35:12	12.95	0.04	80	103600	买盘
09:35:03	12.91	0.01	10	12910	中性盘
09:34:48	12.9	-0.01	20	25800	卖盘
09:34:42	12.91	-0.01	20	25820	卖盘
09:34:36	12.92	-0.03	20	25840	中性盘
09:34:18	12.95	0.02	77	99715	买盘
09:34:15	12.93	--	53	68529	买盘
09:34:03	12.93	--	5	6465	买盘
09:33:57	12.93	-0.02	44	56892	卖盘
09:33:51	12.95	--	1	1295	买盘
09:33:33	12.95	--	27	34965	卖盘
09:33:24	12.95	-0.02	6	7770	卖盘
09:33:12	12.97	--	79	102463	买盘
09:32:27	12.97	0.04	5	6485	买盘
09:32:21	12.93	-0.04	4	5172	卖盘
09:32:18	12.97	-0.03	14	18158	买盘
09:32:12	13.0	0.01	79	102700	买盘
09:32:06	12.99	0.02	62	80538	买盘
09:32:03	12.97	--	40	51880	卖盘
09:32:00	12.97	-0.01	17	22049	中性盘
09:31:57	12.98	--	73	94754	买盘
09:31:42	12.98	-0.01	58	75284	中性盘
09:31:39	12.99	0.02	176	228624	买盘
09:31:36	12.97	--	39	50583	买盘
09:31:30	12.97	--	46	59662	买盘
09:31:27	12.97	--	5	6485	中性盘
09:31:24	12.97	-0.01	15	19455	卖盘
09:31:21	12.98	--	28	36344	买盘
09:31:15	12.98	--	1	1298	买盘
09:31:09	12.98	0.01	20	25960	买盘
09:31:00	12.97	0.01	167	216599	卖盘
09:30:57	12.96	--	21	27216	买盘
09:30:54	12.96	--	29	37584	买盘
09:30:45	12.96	0.04	243	314928	买盘
09:30:42	12.92	-0.02	6	7752	卖盘
09:30:36	12.94	0.02	22	28468	买盘
09:30:21	12.92	0.01	57	73644	买盘
09:30:18	12.91	--	162	209142	买盘
09:30:15	12.91	0.03	60	77460	买盘
09:30:12	12.88	-0.03	1	1288	中性盘
09:30:06	12.91	--	91	117481	买盘
09:30:03	12.91	--	0	0	买盘
09:25:03	12.91	12.91	55	71005	买盘
