成交时间	成交价	价格变动	成交量(手)	成交额(元)	性质
15:00:03	52.79	0.01	980	5173525	买盘
14:57:03	52.78	-0.01	68	358904	卖盘
14:57:00	52.79	--	35	184765	买盘
14:56:57	52.79	--	2	10558	买盘
14:56:54	52.79	--	21	110859	买盘
14:56:48	52.79	-0.01	29	153091	卖盘
14:56:42	52.8	0.01	1	5280	买盘
14:56:39	52.79	0.01	15	79185	买盘
14:56:36	52.78	-0.01	17	89726	卖盘
14:56:33	52.79	--	17	89743	买盘
14:56:30	52.79	--	3	15837	买盘
14:56:27	52.79	--	100	527900	买盘
14:56:24	52.79	0.02	7	36953	买盘
14:56:21	52.77	-0.02	10	52770	卖盘
14:56:15	52.79	0.01	7	36953	买盘
14:56:12	52.78	-0.01	10	52780	卖盘
14:56:09	52.79	--	9	47511	买盘
14:56:06	52.79	--	69	364251	卖盘
14:56:03	52.79	--	4	21116	卖盘
14:55:57	52.79	0.01	14	73906	买盘
14:55:54	52.78	-0.01	9	47502	卖盘
14:55:51	52.79	--	53	279787	买盘
14:55:48	52.79	0.01	34	179486	买盘
14:55:45	52.78	--	10	52780	卖盘
14:55:36	52.78	--	5	26390	卖盘
14:55:33	52.78	--	2	10556	卖盘
14:55:27	52.78	0.01	38	200564	买盘
14:55:21	52.77	--	5	26385	卖盘
14:55:15	52.77	-0.01	5	26385	卖盘
14:55:12	52.78	0.01	3	15834	卖盘
14:55:09	52.77	-0.01	21	110817	卖盘
14:55:06	52.78	0.01	48	253344	买盘
14:54:57	52.77	--	10	52770	卖盘
14:54:51	52.77	--	5	26385	卖盘
14:54:48	52.77	--	37	195249	卖盘
14:54:45	52.77	-0.01	14	73878	卖盘
14:54:42	52.78	0.01	17	89726	买盘
14:54:39	52.77	--	10	52770	卖盘
14:54:36	52.77	--	3	15831	卖盘
14:54:33	52.77	-0.01	31	163587	卖盘
14:54:30	52.78	0.01	12	63336	买盘
14:54:27	52.77	--	33	174141	卖盘
14:54:24	52.77	-0.01	4	21108	卖盘
14:54:15	52.78	--	4	21112	买盘
14:54:12	52.78	--	10	52780	买盘
14:54:09	52.78	--	6	31668	买盘
14:54:03	52.78	--	24	126672	买盘
14:54:00	52.78	--	5	26390	买盘
14:53:54	52.78	--	15	79170	卖盘
14:53:48	52.78	-0.01	20	105560	卖盘
14:53:42	52.79	0.01	11	58069	买盘
14:53:39	52.78	0.01	35	184730	买盘
14:53:36	52.77	--	20	105540	买盘
14:53:30	52.77	--	4	21108	卖盘
14:53:27	52.77	0.01	26	137202	买盘
14:53:24	52.76	-0.01	52	274352	卖盘
14:53:18	52.77	--	19	100263	卖盘
14:53:15	52.77	--	15	79155	卖盘
14:53:12	52.77	0.01	6	31662	买盘
14:53:03	52.76	-0.01	16	84416	卖盘
14:53:00	52.77	--	17	89709	买盘
14:52:54	52.77	-0.01	13	68601	卖盘
14:52:42	52.78	--	4	21112	买盘
14:52:33	52.78	--	20	105560	买盘
14:52:30	52.78	0.01	2	10556	买盘
14:52:27	52.77	-0.01	9	47493	卖盘
14:52:21	52.78	--	2	10556	买盘
14:52:18	52.78	0.02	4	21112	买盘
14:52:12	52.76	-0.02	17	89692	卖盘
14:52:09	52.78	--	8	42224	卖盘
14:52:06	52.78	--	1	5278	卖盘
14:52:03	52.78	--	1	5278	买盘
14:52:00	52.78	0.02	7	36946	买盘
14:51:57	52.76	--	4	24849	买盘
14:51:54	52.76	--	5	27910	卖盘
14:51:48	52.76	--	5	30125	买盘
14:51:45	52.76	--	44	233674	卖盘
14:51:36	52.76	--	45	237420	卖盘
14:51:30	52.76	-0.02	19	103989	卖盘
14:51:24	52.78	0.02	13	68614	买盘
14:51:21	52.76	0.01	56	295456	买盘
14:51:18	52.75	-0.01	5	26375	卖盘
14:51:12	52.76	0.01	36	189936	买盘
14:51:06	52.75	-0.02	21	110775	卖盘
14:50:51	52.77	0.02	1	5277	买盘
14:50:48	52.75	-0.01	22	116050	卖盘
14:50:45	52.76	-0.01	21	113750	卖盘
14:50:42	52.77	0.01	16	84432	买盘
14:50:39	52.76	--	8	42208	卖盘
14:50:36	52.76	--	9	47484	卖盘
14:50:30	52.76	-0.01	23	121348	卖盘
14:50:27	52.77	--	3	15831	买盘
14:50:21	52.77	--	26	137202	卖盘
14:50:18	52.77	-0.01	7	36939	卖盘
14:50:12	52.78	0.01	3	15834	买盘
14:50:09	52.77	-0.01	3	15831	卖盘
14:50:00	52.78	--	4	21112	买盘
14:49:51	52.78	-0.03	11	58058	卖盘
14:49:42	52.81	0.03	3	15843	买盘
14:49:33	52.78	-0.02	8	42224	卖盘
14:49:27	52.8	-0.03	50	264000	卖盘
14:49:24	52.83	--	2	10566	买盘
14:49:06	52.83	--	26	137358	买盘
14:49:00	52.83	--	38	200754	买盘
14:48:51	52.83	-0.02	66	348678	卖盘
14:48:45	52.85	0.02	2	10570	买盘
14:48:36	52.83	--	5	26415	卖盘
14:48:21	52.83	0.01	29	153207	买盘
14:48:15	52.82	--	1	5282	买盘
14:48:06	52.82	0.01	1	5282	买盘
14:48:03	52.81	-0.01	13	68653	卖盘
14:48:00	52.82	0.01	1	5282	买盘
14:47:57	52.81	-0.02	1	5281	卖盘
14:47:54	52.83	0.02	89	470187	买盘
14:47:51	52.81	--	3	15843	卖盘
14:47:48	52.81	-0.02	5	26405	卖盘
14:47:42	52.83	--	1	5283	买盘
14:47:30	52.83	0.03	10	52830	中性盘
14:47:24	52.8	-0.07	4	21120	卖盘
14:47:18	52.87	0.06	6	31722	买盘
14:47:09	52.81	0.01	16	84496	中性盘
14:47:03	52.8	-0.07	25	132000	卖盘
14:47:00	52.87	0.05	9	47583	买盘
14:46:57	52.82	0.01	1	5282	卖盘
14:46:51	52.81	--	55	290455	卖盘
14:46:39	52.81	--	1	5281	卖盘
14:46:33	52.81	0.01	1	5281	卖盘
14:46:24	52.8	--	5	26400	卖盘
14:46:21	52.8	--	28	147840	卖盘
14:46:09	52.8	--	131	691680	卖盘
14:46:03	52.8	-0.03	2	10560	卖盘
14:45:57	52.83	0.02	27	142641	买盘
14:45:51	52.81	--	9	47529	卖盘
14:45:45	52.81	-0.02	12	63372	卖盘
14:45:06	52.83	-0.04	20	105660	卖盘
14:45:03	52.87	-0.01	3	15861	中性盘
14:44:51	52.88	0.01	7	37016	买盘
14:44:48	52.87	-0.01	18	95166	卖盘
14:44:39	52.88	--	1	5288	买盘
14:44:36	52.88	--	12	63456	卖盘
14:44:24	52.88	-0.01	38	200944	卖盘
14:44:21	52.89	0.01	3	15867	买盘
14:44:18	52.88	--	8	42304	买盘
14:44:15	52.88	--	8	42304	买盘
14:44:09	52.88	--	1	5288	买盘
14:44:06	52.88	-0.01	2	10576	卖盘
14:44:03	52.89	0.01	2	10578	买盘
14:43:57	52.88	-0.01	2	10576	卖盘
14:43:54	52.89	0.01	6	31734	买盘
14:43:51	52.88	--	1	5288	卖盘
14:43:42	52.88	-0.01	10	52880	卖盘
14:43:33	52.89	--	1	5289	卖盘
14:43:21	52.89	0.01	2	10578	中性盘
14:43:18	52.88	0.01	13	68744	买盘
14:43:12	52.87	-0.01	236	1247732	卖盘
14:43:03	52.88	--	10	52880	卖盘
14:42:57	52.88	-0.01	4	21152	卖盘
14:42:54	52.89	--	10	52890	买盘
14:42:51	52.89	-0.01	10	52890	中性盘
14:42:27	52.9	0.03	6	31740	买盘
14:42:21	52.87	-0.01	2	10574	卖盘
14:42:12	52.88	-0.02	1	5288	买盘
14:42:09	52.9	0.01	101	534290	买盘
14:42:06	52.89	--	1	5289	买盘
14:42:00	52.89	-0.01	10	52890	买盘
14:41:57	52.9	0.02	20	105800	买盘
14:41:54	52.88	-0.01	3	15864	买盘
14:41:51	52.89	--	12	63468	中性盘
14:41:45	52.89	0.02	17	89913	买盘
14:41:42	52.87	-0.02	52	274924	卖盘
14:41:39	52.89	--	21	111069	买盘
14:41:36	52.89	--	9	47601	买盘
14:41:30	52.89	0.01	5	26445	买盘
14:41:24	52.88	0.01	19	100472	买盘
14:41:21	52.87	--	18	95166	买盘
14:41:18	52.87	--	5	26435	买盘
14:41:15	52.87	0.02	50	264350	买盘
14:41:09	52.85	-0.02	20	105700	中性盘
14:41:00	52.87	0.06	25	132175	买盘
14:40:57	52.81	-0.03	10	52810	卖盘
14:40:45	52.84	0.04	1	5284	买盘
14:40:36	52.8	--	40	211200	卖盘
14:40:27	52.8	0.04	15	79200	买盘
14:40:21	52.76	--	102	538152	卖盘
14:40:18	52.76	-0.02	5	26380	卖盘
14:40:15	52.78	-0.02	52	274456	中性盘
14:39:54	52.8	0.01	9	47520	买盘
14:39:51	52.79	-0.01	2	10558	卖盘
14:39:48	52.8	--	2	10560	卖盘
14:39:33	52.8	--	4	21120	卖盘
14:39:30	52.8	0.01	56	295680	买盘
14:39:18	52.79	--	3	15837	卖盘
14:39:12	52.79	--	4	21116	卖盘
14:39:03	52.79	0.01	1	5279	买盘
14:38:57	52.78	-0.01	5	26390	中性盘
14:38:45	52.79	-0.01	15	79185	中性盘
14:38:27	52.8	0.01	50	264000	买盘
14:38:24	52.79	0.03	6	31674	买盘
14:38:18	52.76	-0.03	1	5276	卖盘
14:38:15	52.79	--	9	47511	买盘
14:38:03	52.79	--	1	5279	买盘
14:38:00	52.79	--	6	31674	卖盘
14:37:48	52.79	0.06	4	21116	买盘
14:37:39	52.73	--	1	5273	卖盘
14:37:33	52.73	--	9	47457	卖盘
14:37:24	52.73	--	25	131825	买盘
14:36:57	52.73	--	2	10546	买盘
14:36:54	52.73	--	2	10546	买盘
14:36:51	52.73	-0.01	4	21092	买盘
14:36:45	52.74	-0.06	10	52740	卖盘
14:36:39	52.8	--	7	36960	买盘
14:36:33	52.8	--	2	10560	买盘
14:36:30	52.8	--	37	195360	卖盘
14:36:18	52.8	--	5	26400	卖盘
14:36:15	52.8	--	79	417120	买盘
14:36:00	52.8	--	1	5280	买盘
14:35:42	52.8	0.08	12	63360	买盘
14:35:39	52.72	0.01	3	15816	买盘
14:35:30	52.71	--	14	73794	卖盘
14:35:27	52.71	--	0	105	买盘
14:35:24	52.71	--	3	15813	买盘
14:35:18	52.71	0.01	4	21084	买盘
14:35:12	52.7	--	2	10540	卖盘
14:35:09	52.7	--	1	5270	买盘
14:35:06	52.7	--	3	15810	买盘
14:35:03	52.7	--	3	15810	买盘
14:35:00	52.7	--	2	10540	买盘
14:34:57	52.7	--	6	31620	买盘
14:34:51	52.7	--	5	26350	买盘
14:34:45	52.7	0.01	5	26350	买盘
14:34:39	52.69	--	49	261816	买盘
14:34:33	52.69	0.04	55	289795	买盘
14:34:30	52.65	-0.04	12	63180	卖盘
14:34:24	52.69	--	5	26345	买盘
14:34:21	52.69	0.03	79	416251	买盘
14:34:18	52.66	-0.01	43	230598	卖盘
14:34:15	52.67	0.01	0	1106	买盘
14:34:06	52.66	-0.01	1	5266	卖盘
14:33:54	52.67	-0.01	2	14694	卖盘
14:33:51	52.68	--	6	31608	卖盘
14:33:42	52.68	--	4	22178	买盘
14:33:36	52.68	--	1	9429	卖盘
14:33:33	52.68	-0.01	1	5268	卖盘
14:33:27	52.69	--	1	5269	卖盘
14:33:24	52.69	0.01	5	26345	中性盘
14:33:18	52.68	-0.01	2	10536	卖盘
14:33:12	52.69	0.01	3	15807	中性盘
14:33:03	52.68	-0.02	0	1106	中性盘
14:32:45	52.7	--	8	42160	买盘
14:32:27	52.7	-0.02	106	563784	卖盘
14:32:21	52.72	-0.01	4	21088	卖盘
14:32:18	52.73	0.02	14	73822	买盘
14:32:12	52.71	--	4	21084	卖盘
14:32:09	52.71	-0.02	9	47439	卖盘
14:32:00	52.73	--	20	105460	卖盘
14:31:54	52.73	-0.03	1	5273	卖盘
14:31:51	52.76	--	1	5276	买盘
14:31:45	52.76	0.03	3	15828	买盘
14:31:42	52.73	-0.03	4	21092	卖盘
14:31:36	52.76	0.03	5	26380	买盘
14:31:30	52.73	--	10	52730	卖盘
14:31:24	52.73	--	1	5273	卖盘
14:31:18	52.73	-0.03	11	58003	卖盘
14:31:06	52.76	--	1	5276	买盘
14:30:54	52.76	0.05	3	15828	买盘
14:30:51	52.71	--	1	5376	买盘
14:30:45	52.71	--	3	15813	买盘
14:30:39	52.71	--	65	347780	卖盘
14:30:30	52.71	-0.07	10	52710	卖盘
14:30:27	52.78	0.07	1	5278	买盘
14:30:24	52.71	--	6	31626	卖盘
14:30:12	52.71	--	2	10542	卖盘
14:30:06	52.71	0.01	16	84441	买盘
14:30:03	52.7	--	40	210800	卖盘
14:29:54	52.7	-0.01	21	110670	中性盘
14:29:51	52.71	0.05	15	79065	买盘
14:29:48	52.66	-0.04	17	89522	卖盘
14:29:45	52.7	--	5	26350	中性盘
14:29:39	52.7	-0.1	10	52700	卖盘
14:29:30	52.8	-0.04	72	380160	卖盘
14:29:27	52.84	--	1	5284	买盘
14:29:24	52.84	--	2	10568	买盘
14:29:12	52.84	--	27	142668	卖盘
14:29:09	52.84	--	1	5284	卖盘
14:29:03	52.84	--	5	26420	卖盘
14:29:00	52.84	-0.01	16	84544	卖盘
14:28:57	52.85	--	26	137410	买盘
14:28:54	52.85	--	1	5285	买盘
14:28:33	52.85	--	44	232540	卖盘
14:28:21	52.85	-0.03	205	1083425	卖盘
14:28:00	52.88	-0.02	3	15864	卖盘
14:27:54	52.9	--	20	105800	买盘
14:27:48	52.9	0.01	5	26450	买盘
14:27:45	52.89	-0.01	2	10578	卖盘
14:27:39	52.9	--	5	26450	买盘
14:27:33	52.9	--	6	31740	买盘
14:27:21	52.9	--	3	15870	卖盘
14:27:03	52.9	--	12	63480	卖盘
14:27:00	52.9	-0.01	2	10580	卖盘
14:26:54	52.91	0.01	4	21164	买盘
14:26:42	52.9	0.01	17	89930	买盘
14:26:33	52.89	--	10	52890	买盘
14:26:09	52.89	-0.01	4	21156	卖盘
14:26:03	52.9	0.01	13	68770	买盘
14:25:45	52.89	--	3	15867	卖盘
14:25:42	52.89	--	2	10578	卖盘
14:25:39	52.89	0.03	1	5289	买盘
14:25:27	52.86	--	9	47574	卖盘
14:25:21	52.86	--	6	31716	卖盘
14:25:18	52.86	--	3	15858	卖盘
14:25:09	52.86	-0.04	10	52860	卖盘
14:25:03	52.9	0.04	1	5290	买盘
14:25:00	52.86	-0.03	10	52860	卖盘
14:24:54	52.89	--	1	5289	卖盘
14:24:51	52.89	--	4	21156	卖盘
14:24:48	52.89	0.01	2	10578	买盘
14:24:45	52.88	-0.01	2	10576	卖盘
14:24:42	52.89	--	2	10578	买盘
14:24:39	52.89	--	3	15867	中性盘
14:24:27	52.89	-0.01	1	5289	卖盘
14:24:21	52.9	--	1	5290	买盘
14:24:12	52.9	--	30	158700	中性盘
14:24:00	52.9	--	1	5290	买盘
14:23:57	52.9	--	1	5290	买盘
14:23:48	52.9	--	2	10580	买盘
14:23:45	52.9	-0.01	1	5290	卖盘
14:23:36	52.91	--	59	312169	买盘
14:23:33	52.91	0.01	2	10582	买盘
14:23:27	52.9	--	1	5290	卖盘
14:23:15	52.9	--	8	42320	卖盘
14:23:12	52.9	-0.02	33	174570	卖盘
14:23:09	52.92	0.02	10	52920	买盘
14:23:06	52.9	-0.01	3	15870	卖盘
14:23:00	52.91	0.01	1	5291	中性盘
14:22:54	52.9	--	2	10580	卖盘
14:22:51	52.9	-0.02	100	529000	卖盘
14:22:48	52.92	0.02	1	5292	买盘
14:22:42	52.9	-0.01	1	5290	卖盘
14:22:33	52.91	0.01	4	21164	中性盘
14:22:30	52.9	--	54	285660	卖盘
14:22:27	52.9	--	10	52900	卖盘
14:22:18	52.9	--	10	52900	卖盘
14:22:09	52.9	--	18	95220	卖盘
14:22:06	52.9	--	1	5290	卖盘
14:22:03	52.9	--	5	26450	卖盘
14:21:45	52.9	--	6	31740	买盘
14:21:42	52.9	0.05	1	5290	买盘
14:21:33	52.85	-0.03	54	285390	卖盘
14:21:09	52.88	-0.04	13	68744	卖盘
14:21:06	52.92	0.02	33	174636	买盘
14:21:03	52.9	-0.02	2	10580	卖盘
14:21:00	52.92	--	4	21168	买盘
14:20:54	52.92	--	11	58212	买盘
14:20:51	52.92	0.02	4	21168	买盘
14:20:30	52.9	--	1	5290	卖盘
14:20:21	52.9	0.02	3	15870	买盘
14:20:18	52.88	-0.02	14	74032	卖盘
14:20:09	52.9	--	12	63480	买盘
14:20:06	52.9	--	8	42320	买盘
14:19:57	52.9	--	6	31740	买盘
14:19:36	52.9	--	19	100510	卖盘
14:19:30	52.9	--	10	52900	卖盘
14:19:27	52.9	-0.02	9	47610	卖盘
14:19:24	52.92	--	2	10584	卖盘
14:19:18	52.92	-0.01	54	285768	卖盘
14:19:09	52.93	--	1	5293	买盘
14:19:06	52.93	0.01	34	179962	买盘
14:18:57	52.92	--	1	5292	卖盘
14:18:51	52.92	--	5	26460	买盘
14:18:45	52.92	0.01	98	518616	买盘
14:18:39	52.91	--	7	37037	卖盘
14:18:33	52.91	0.01	4	21164	卖盘
14:18:30	52.9	--	30	158700	卖盘
14:18:27	52.9	-0.02	5	26450	卖盘
14:18:24	52.92	0.01	22	116424	买盘
14:18:21	52.91	0.01	19	100529	买盘
14:18:12	52.9	-0.01	18	95220	卖盘
14:18:09	52.91	0.01	2	10582	买盘
14:18:00	52.9	--	1	5290	买盘
14:17:57	52.9	--	1	5290	买盘
14:17:54	52.9	-0.01	5	26450	卖盘
14:17:48	52.91	0.01	1	5291	买盘
14:17:45	52.9	--	7	37030	卖盘
14:17:33	52.9	--	27	142830	买盘
14:17:27	52.9	--	4	21160	买盘
14:17:18	52.9	--	1	5290	买盘
14:17:15	52.9	--	102	539580	买盘
14:17:12	52.9	--	80	423200	买盘
14:17:06	52.9	--	26	137540	买盘
14:16:51	52.9	0.01	41	216890	买盘
14:16:48	52.89	0.01	50	264450	买盘
14:16:45	52.88	0.03	2	10576	买盘
14:16:36	52.85	--	5	26425	卖盘
14:16:27	52.85	-0.02	3	15855	卖盘
14:16:24	52.87	0.02	1	5287	买盘
14:16:21	52.85	--	1	5285	卖盘
14:16:09	52.85	--	2	10570	卖盘
14:15:57	52.85	0.01	7	36995	买盘
14:15:54	52.84	-0.01	1	5284	卖盘
14:15:51	52.85	--	3	15855	买盘
14:15:42	52.85	--	1	5285	买盘
14:15:36	52.85	-0.01	5	26425	买盘
14:15:27	52.86	-0.01	14	74004	卖盘
14:15:18	52.87	0.02	12	63444	买盘
14:15:03	52.85	0.02	6	31710	买盘
14:15:00	52.83	0.02	10	52830	买盘
14:14:57	52.81	-0.02	26	137306	卖盘
14:14:42	52.83	--	14	73962	买盘
14:14:12	52.83	--	16	84528	卖盘
14:13:54	52.83	--	7	36981	卖盘
14:13:48	52.83	--	1	5283	卖盘
14:13:45	52.83	--	17	89811	买盘
14:13:39	52.83	-0.02	3	15849	中性盘
14:13:27	52.85	--	5	26425	买盘
14:13:15	52.85	--	56	295960	买盘
14:13:09	52.85	0.12	1	5285	买盘
14:12:54	52.73	--	7	36911	卖盘
14:12:51	52.73	0.01	4	21092	中性盘
14:12:45	52.72	-0.01	60	316320	卖盘
14:12:30	52.73	0.01	6	31637	买盘
14:12:27	52.72	--	1	5272	卖盘
14:12:21	52.72	--	12	63264	卖盘
14:12:12	52.72	0.04	31	163432	买盘
14:12:09	52.68	--	3	15804	卖盘
14:12:00	52.68	--	2	10536	卖盘
14:11:54	52.68	--	2	10536	买盘
14:11:48	52.68	--	1	5268	买盘
14:11:45	52.68	--	5	26340	买盘
14:11:39	52.68	--	7	36876	买盘
14:11:27	52.68	0.03	12	63216	买盘
14:11:24	52.65	--	1	5265	买盘
14:11:21	52.65	--	1	5265	中性盘
14:10:57	52.65	0.09	2	10530	买盘
14:10:39	52.56	--	2	10512	卖盘
14:10:36	52.56	--	10	52560	买盘
14:10:33	52.56	--	28	147168	买盘
14:10:30	52.56	0.01	30	157680	买盘
14:10:24	52.55	-0.01	13	68315	卖盘
14:10:18	52.56	--	7	36792	买盘
14:10:15	52.56	--	2	10512	买盘
14:10:12	52.56	--	4	21024	卖盘
14:10:06	52.56	-0.06	103	541368	卖盘
14:10:00	52.62	-0.06	13	68406	卖盘
14:09:57	52.68	0.08	1	5268	买盘
14:09:48	52.6	-0.08	49	257740	卖盘
14:09:39	52.68	--	2	10536	买盘
14:09:33	52.68	-0.04	56	295008	卖盘
14:09:24	52.72	0.04	2	10544	中性盘
14:09:21	52.68	-0.09	60	316080	卖盘
14:09:15	52.77	0.07	3	15831	买盘
14:09:12	52.7	-0.01	30	158100	卖盘
14:09:06	52.71	-0.02	20	105420	卖盘
14:08:57	52.73	-0.01	1	5273	买盘
14:08:51	52.74	-0.03	1	5274	中性盘
14:08:45	52.77	--	2	10554	买盘
14:08:42	52.77	0.04	33	174141	买盘
14:08:36	52.73	-0.04	9	47457	卖盘
14:08:18	52.77	--	25	131925	买盘
14:08:12	52.77	-0.01	11	58047	卖盘
14:08:06	52.78	--	6	31668	卖盘
14:08:03	52.78	--	15	79170	卖盘
14:08:00	52.78	-0.02	32	168896	卖盘
14:07:57	52.8	0.02	1	5280	买盘
14:07:39	52.78	0.04	3	15834	买盘
14:07:33	52.74	-0.06	5	26370	卖盘
14:07:24	52.8	0.05	4	21120	买盘
14:07:21	52.75	-0.03	60	316500	卖盘
14:07:06	52.78	--	2	10556	卖盘
14:06:51	52.78	--	1	5278	买盘
14:06:48	52.78	--	2	10556	买盘
14:06:30	52.78	--	4	21112	买盘
14:06:21	52.78	--	2	10556	买盘
14:06:18	52.78	--	4	21112	买盘
14:06:15	52.78	-0.02	170	897260	卖盘
14:06:12	52.8	--	3	15840	买盘
14:06:09	52.8	-0.04	25	132000	卖盘
14:06:00	52.84	0.04	1	5284	买盘
14:05:54	52.8	--	11	58080	卖盘
14:05:30	52.8	--	1	5280	卖盘
14:05:27	52.8	0.01	9	47520	买盘
14:05:24	52.79	-0.01	7	36953	卖盘
14:05:18	52.8	0.01	82	432960	买盘
14:05:15	52.79	--	1	5279	买盘
14:05:12	52.79	0.01	2	10558	中性盘
14:05:06	52.78	-0.02	3	15834	卖盘
14:05:03	52.8	0.02	10	52800	买盘
14:04:54	52.78	-0.02	2	10556	卖盘
14:04:45	52.8	--	1	5280	买盘
14:04:39	52.8	--	3	15840	买盘
14:04:30	52.8	--	13	68640	买盘
14:04:21	52.8	-0.05	9	47520	卖盘
14:04:18	52.85	--	9	47565	买盘
14:04:06	52.85	--	1	5285	买盘
14:04:03	52.85	--	15	79275	买盘
14:03:57	52.85	0.05	7	36995	买盘
14:03:54	52.8	-0.04	150	792000	卖盘
14:03:51	52.84	-0.01	5	26420	卖盘
14:03:33	52.85	--	5	26425	卖盘
14:03:30	52.85	--	1	5285	卖盘
14:03:18	52.85	--	2	10570	卖盘
14:03:12	52.85	--	2	10570	卖盘
14:03:09	52.85	--	1	5285	卖盘
14:03:03	52.85	--	20	105700	卖盘
14:03:00	52.85	0.01	51	269535	买盘
14:02:54	52.84	--	7	36988	卖盘
14:02:39	52.84	--	2	10568	卖盘
14:02:30	52.84	--	6	31704	买盘
14:02:27	52.84	--	3	15852	卖盘
14:02:12	52.84	--	2	10568	买盘
14:02:06	52.84	-0.01	8	42272	卖盘
14:01:57	52.85	--	3	15855	买盘
14:01:51	52.85	--	9	47565	卖盘
14:01:42	52.85	-0.01	1	5285	卖盘
14:01:36	52.86	--	2	10572	卖盘
14:01:18	52.86	-0.01	3	15858	卖盘
14:01:12	52.87	-0.01	9	47583	卖盘
14:01:03	52.88	--	33	174504	卖盘
14:01:00	52.88	--	5	26440	卖盘
14:00:51	52.88	--	5	26440	卖盘
14:00:39	52.88	--	6	31728	卖盘
14:00:36	52.88	-0.02	11	58168	卖盘
14:00:33	52.9	--	19	100510	卖盘
14:00:27	52.9	--	3	15870	卖盘
14:00:24	52.9	--	16	84640	卖盘
14:00:21	52.9	--	26	137540	卖盘
14:00:18	52.9	--	12	63480	卖盘
14:00:15	52.9	--	16	84640	卖盘
14:00:12	52.9	--	24	126960	卖盘
14:00:06	52.9	-0.02	1	5290	卖盘
13:59:57	52.92	--	1	5292	买盘
13:59:54	52.92	--	2	10584	买盘
13:59:51	52.92	--	10	52920	买盘
13:59:42	52.92	-0.02	6	31752	中性盘
13:59:21	52.94	0.02	10	52940	买盘
13:59:15	52.92	--	1	5292	卖盘
13:59:12	52.92	--	9	47628	卖盘
13:59:09	52.92	0.02	90	476280	买盘
13:59:00	52.9	-0.04	2	10580	卖盘
13:58:51	52.94	0.02	10	52940	卖盘
13:58:48	52.92	--	16	84672	买盘
13:58:45	52.92	--	55	291060	卖盘
13:58:42	52.92	--	1	5292	卖盘
13:58:39	52.92	--	28	148176	卖盘
13:58:36	52.92	-0.02	2	10584	卖盘
13:58:30	52.94	0.02	2	10588	买盘
13:58:21	52.92	--	31	164052	买盘
13:58:03	52.92	0.02	1	5292	买盘
13:58:00	52.9	--	1	5290	卖盘
13:57:48	52.9	-0.02	1	5290	买盘
13:57:42	52.92	0.05	2	10584	买盘
13:57:36	52.87	-0.05	60	317220	卖盘
13:57:33	52.92	--	2	10584	买盘
13:57:21	52.92	0.04	7	37044	买盘
13:57:18	52.88	-0.04	3	15864	卖盘
13:57:12	52.92	0.04	12	63504	买盘
13:57:06	52.88	--	5	26440	卖盘
13:57:00	52.88	--	4	21152	中性盘
13:56:54	52.88	--	2	10576	买盘
13:56:48	52.88	--	1	5288	买盘
13:56:45	52.88	0.01	2	10576	买盘
13:56:36	52.87	--	7	37009	买盘
13:56:27	52.87	--	1	5287	买盘
13:56:18	52.87	--	7	37009	买盘
13:56:06	52.87	0.02	10	52870	买盘
13:55:54	52.85	--	6	31710	买盘
13:55:42	52.85	--	6	31710	买盘
13:55:30	52.85	--	2	10570	买盘
13:55:24	52.85	-0.02	3	15855	中性盘
13:55:12	52.87	0.03	8	42296	买盘
13:55:03	52.84	-0.02	107	565388	卖盘
13:54:57	52.86	-0.01	11	58146	卖盘
13:54:48	52.87	--	10	52870	买盘
13:54:42	52.87	-0.01	12	63444	卖盘
13:54:33	52.88	-0.02	7	37016	卖盘
13:54:30	52.9	--	1	5290	买盘
13:54:27	52.9	--	1	5290	买盘
13:54:24	52.9	0.02	1	5290	买盘
13:54:15	52.88	-0.04	2	10576	卖盘
13:54:03	52.92	--	4	21168	买盘
13:54:00	52.92	0.02	12	63504	中性盘
13:53:39	52.9	0.04	5	26450	卖盘
13:53:33	52.86	0.02	2	10572	中性盘
13:53:27	52.84	-0.02	500	2642000	卖盘
13:53:24	52.86	--	5	26430	卖盘
13:53:21	52.86	-0.09	1	5286	卖盘
13:53:15	52.95	--	1	5295	买盘
13:53:00	52.95	0.14	1	5295	买盘
13:52:54	52.81	0.01	6	31686	中性盘
13:52:30	52.8	--	91	480480	买盘
13:52:27	52.8	--	22	116160	买盘
13:52:24	52.8	--	30	158400	买盘
13:52:21	52.8	--	6	31680	买盘
13:52:18	52.8	--	7	36960	买盘
13:52:15	52.8	--	13	68640	买盘
13:52:09	52.8	--	99	522720	买盘
13:52:06	52.8	--	58	306240	买盘
13:52:00	52.8	--	4	21120	买盘
13:51:57	52.8	-0.16	245	1293600	卖盘
13:51:48	52.96	-0.01	1	5296	中性盘
13:51:39	52.97	0.01	27	143019	买盘
13:51:30	52.96	--	3	15888	买盘
13:51:27	52.96	0.01	2	10592	买盘
13:51:18	52.95	--	2	10590	卖盘
13:51:15	52.95	0.03	1	5295	中性盘
13:51:06	52.92	-0.03	21	111132	卖盘
13:51:03	52.95	--	1	5295	中性盘
13:51:00	52.95	--	5	26475	买盘
13:50:54	52.95	--	20	105900	买盘
13:50:51	52.95	--	15	79425	买盘
13:50:27	52.95	--	2	10590	买盘
13:50:24	52.95	0.03	6	31770	买盘
13:50:18	52.92	--	7	37044	买盘
13:50:15	52.92	--	2	10584	买盘
13:50:12	52.92	--	1	5292	中性盘
13:50:03	52.92	--	12	63504	卖盘
13:50:00	52.92	-0.02	7	37044	卖盘
13:49:57	52.94	-0.01	5	26470	中性盘
13:49:48	52.95	--	5	26475	买盘
13:49:45	52.95	0.04	32	169440	买盘
13:49:42	52.91	-0.04	12	63491	卖盘
13:49:33	52.95	--	8	42360	买盘
13:49:27	52.95	--	15	79425	买盘
13:49:21	52.95	--	3	15885	买盘
13:49:15	52.95	--	3	15885	买盘
13:48:54	52.95	0.05	4	21180	买盘
13:48:45	52.9	-0.05	1	5290	中性盘
13:48:42	52.95	0.05	100	529500	买盘
13:48:36	52.9	--	43	227470	买盘
13:48:27	52.9	0.02	100	529000	买盘
13:48:12	52.88	--	31	163928	买盘
13:48:09	52.88	--	1	5288	买盘
13:48:06	52.88	--	1	5288	买盘
13:48:03	52.88	--	10	52880	买盘
13:47:57	52.88	-0.02	2	10576	中性盘
13:47:33	52.9	0.06	10	52900	买盘
13:47:30	52.84	--	10	52840	买盘
13:47:21	52.84	-0.06	11	58124	卖盘
13:47:18	52.9	--	1	5290	买盘
13:47:12	52.9	--	1	5290	买盘
13:47:03	52.9	--	100	529000	买盘
13:47:00	52.9	--	30	158700	买盘
13:46:57	52.9	--	5	26450	买盘
13:46:48	52.9	0.02	3	15870	买盘
13:46:42	52.88	-0.02	1	5288	卖盘
13:46:36	52.9	0.04	1	5290	买盘
13:46:27	52.86	0.02	1	5286	卖盘
13:46:00	52.84	-0.06	2	10568	卖盘
13:45:54	52.9	0.06	2	10580	买盘
13:45:51	52.84	-0.06	4	21136	卖盘
13:45:48	52.9	--	1	5290	买盘
13:45:45	52.9	--	2	10580	买盘
13:45:42	52.9	--	19	100510	买盘
13:45:39	52.9	--	6	31740	买盘
13:45:36	52.9	0.01	4	21160	买盘
13:45:21	52.89	0.05	6	31734	买盘
13:45:18	52.84	-0.05	2	10568	卖盘
13:45:15	52.89	--	8	42312	买盘
13:45:03	52.89	--	6	31734	买盘
13:45:00	52.89	--	6	31734	买盘
13:44:42	52.89	--	3	15867	买盘
13:44:36	52.89	--	1	5289	买盘
13:44:15	52.89	0.07	5	26445	买盘
13:44:06	52.82	--	2	10564	买盘
13:43:48	52.82	--	21	110922	买盘
13:43:36	52.82	--	5	26410	买盘
13:43:30	52.82	--	6	31692	买盘
13:43:24	52.82	--	1	5282	买盘
13:43:18	52.82	--	1	5282	买盘
13:43:12	52.82	0.01	14	73948	中性盘
13:43:00	52.81	--	2	10562	卖盘
13:42:57	52.81	-0.01	12	63372	卖盘
13:42:54	52.82	0.01	4	21128	买盘
13:42:48	52.81	--	5	26405	卖盘
13:42:42	52.81	-0.01	1	5281	卖盘
13:42:36	52.82	--	2	10564	买盘
13:42:30	52.82	--	3	15846	买盘
13:42:27	52.82	--	1	5282	买盘
13:42:21	52.82	--	5	26410	卖盘
13:42:12	52.82	-0.07	7	36974	卖盘
13:42:09	52.89	--	5	26445	买盘
13:41:57	52.89	0.01	50	264450	买盘
13:41:54	52.88	--	10	52880	卖盘
13:41:42	52.88	-0.01	1	5288	卖盘
13:41:27	52.89	--	5	26445	买盘
13:41:24	52.89	--	10	52890	买盘
13:41:09	52.89	-0.01	1	5289	卖盘
13:40:57	52.9	0.01	5	26450	买盘
13:40:54	52.89	--	4	21156	买盘
13:40:39	52.89	--	4	21156	卖盘
13:40:24	52.89	--	2	10578	卖盘
13:40:03	52.89	0.01	17	89913	买盘
13:40:00	52.88	-0.01	33	174504	卖盘
13:39:42	52.89	--	11	58179	买盘
13:39:39	52.89	--	9	47601	卖盘
13:39:06	52.89	--	8	42312	卖盘
13:39:00	52.89	--	1	5289	卖盘
13:38:54	52.89	--	11	58179	买盘
13:38:48	52.89	--	4	21156	卖盘
13:38:45	52.89	--	8	42312	买盘
13:38:09	52.89	--	4	21156	卖盘
13:38:03	52.89	-0.01	2	10578	卖盘
13:38:00	52.9	0.01	2	10580	买盘
13:37:54	52.89	--	8	42312	卖盘
13:37:51	52.89	--	2	10578	卖盘
13:37:42	52.89	-0.01	1	5289	卖盘
13:37:27	52.9	--	1	5290	买盘
13:36:51	52.9	-0.01	20	105800	卖盘
13:36:36	52.91	0.01	1	5291	买盘
13:36:30	52.9	--	9	47610	卖盘
13:36:27	52.9	--	50	264500	卖盘
13:36:24	52.9	--	10	52900	卖盘
13:36:15	52.9	0.01	18	95220	买盘
13:36:09	52.89	-0.01	13	68757	卖盘
13:36:06	52.9	--	22	116380	卖盘
13:35:57	52.9	--	1	5290	买盘
13:35:45	52.9	--	1	5290	买盘
13:35:39	52.9	--	1	5290	买盘
13:35:27	52.9	0.01	1	5290	中性盘
13:35:15	52.89	--	2	10578	卖盘
13:35:09	52.89	0.01	18	95202	买盘
13:35:03	52.88	-0.01	2	10576	卖盘
13:34:54	52.89	--	10	52890	买盘
13:34:51	52.89	-0.02	2	10578	卖盘
13:34:45	52.91	--	9	47619	买盘
13:34:36	52.91	--	1	5291	买盘
13:34:30	52.91	--	3	15872	买盘
13:34:24	52.91	--	30	158730	中性盘
13:33:27	52.91	0.03	3	15872	买盘
13:33:12	52.88	-0.03	2	10576	卖盘
13:33:00	52.91	-0.01	3	15872	卖盘
13:32:57	52.92	--	1	5292	买盘
13:32:45	52.92	--	10	52920	卖盘
13:32:36	52.92	--	10	52920	卖盘
13:32:33	52.92	0.01	32	169344	买盘
13:32:30	52.91	-0.01	1	5291	卖盘
13:32:18	52.92	--	1	5292	买盘
13:32:12	52.92	--	28	148176	卖盘
13:32:06	52.92	--	1	5292	卖盘
13:32:00	52.92	-0.03	1	5292	中性盘
13:31:54	52.95	0.04	80	423600	买盘
13:31:51	52.91	--	2	10582	卖盘
13:31:39	52.91	--	7	37037	买盘
13:31:21	52.91	-0.02	3	15872	中性盘
13:31:09	52.93	0.05	1	5293	买盘
13:31:03	52.88	-0.05	4	21152	卖盘
13:30:42	52.93	--	3	15879	买盘
13:30:39	52.93	--	1	5293	买盘
13:30:36	52.93	-0.01	3	15879	卖盘
13:30:33	52.94	-0.01	18	95292	中性盘
13:30:24	52.95	--	6	31770	买盘
13:30:12	52.95	--	19	100605	买盘
13:30:06	52.95	--	9	47655	买盘
13:29:54	52.95	--	22	116490	买盘
13:29:51	52.95	0.02	9	47655	买盘
13:29:48	52.93	--	3	15879	卖盘
13:29:45	52.93	--	2	10586	卖盘
13:29:33	52.93	--	14	74102	卖盘
13:29:27	52.93	--	2	10586	卖盘
13:29:18	52.93	0.05	280	1482040	买盘
13:29:06	52.88	--	1	5288	买盘
13:29:03	52.88	--	3	15864	买盘
13:28:57	52.88	--	24	126912	买盘
13:28:51	52.88	--	1	5288	买盘
13:28:45	52.88	0.03	1	5288	买盘
13:28:36	52.85	--	3	15855	卖盘
13:28:27	52.85	0.08	78	412230	买盘
13:27:57	52.77	-0.08	20	105540	卖盘
13:27:54	52.85	--	9	47565	卖盘
13:27:45	52.85	--	54	285390	买盘
13:27:24	52.85	0.08	5	26425	买盘
13:27:18	52.77	-0.08	4	21108	卖盘
13:27:12	52.85	--	56	295960	买盘
13:27:03	52.85	--	5	26425	买盘
13:26:57	52.85	--	3	15855	卖盘
13:26:54	52.85	--	10	52850	卖盘
13:26:51	52.85	--	10	52850	卖盘
13:26:48	52.85	--	5	26425	卖盘
13:26:45	52.85	--	5	26425	卖盘
13:26:39	52.85	--	4	21140	卖盘
13:26:36	52.85	--	1	5285	卖盘
13:26:33	52.85	0.12	62	327670	买盘
13:26:30	52.73	-0.07	6	31637	卖盘
13:26:24	52.8	-0.05	1	5280	中性盘
13:26:21	52.85	0.05	118	623630	买盘
13:26:09	52.8	--	7	36960	卖盘
13:26:03	52.8	-0.01	10	52800	卖盘
13:25:39	52.81	-0.04	9	47529	卖盘
13:25:36	52.85	--	1	5285	买盘
13:25:33	52.85	--	6	31710	买盘
13:25:24	52.85	--	5	26425	买盘
13:25:21	52.85	--	13	68705	卖盘
13:25:15	52.85	--	2	10570	卖盘
13:25:00	52.85	--	15	79275	卖盘
13:24:24	52.85	--	67	354095	卖盘
13:24:12	52.85	--	1	5285	卖盘
13:24:06	52.85	--	14	73990	买盘
13:23:54	52.85	--	9	47565	买盘
13:23:42	52.85	-0.04	48	253680	卖盘
13:23:39	52.89	--	2	10578	卖盘
13:23:36	52.89	0.04	5	26445	买盘
13:23:09	52.85	--	2	10570	卖盘
13:23:03	52.85	--	31	163835	卖盘
13:23:00	52.85	-0.03	4	21140	卖盘
13:22:54	52.88	--	2	10576	买盘
13:22:48	52.88	0.03	21	111048	买盘
13:22:45	52.85	--	1	5285	卖盘
13:22:18	52.85	-0.04	9	47565	卖盘
13:22:15	52.89	0.04	1	5289	买盘
13:22:00	52.85	--	20	105700	买盘
13:21:57	52.85	0.02	5	26425	买盘
13:21:54	52.83	--	5	26415	买盘
13:21:48	52.83	--	3	15849	卖盘
13:21:39	52.83	-0.02	2	10566	中性盘
13:21:27	52.85	0.09	67	354095	买盘
13:21:24	52.76	-0.06	65	342940	卖盘
13:20:54	52.82	0.06	1	5282	中性盘
13:20:18	52.76	--	9	47484	卖盘
13:20:06	52.76	-0.13	3	15828	卖盘
13:20:03	52.89	--	1	5289	买盘
13:19:51	52.89	-0.01	3	15867	卖盘
13:19:27	52.9	--	14	74060	卖盘
13:19:21	52.9	-0.04	20	105800	卖盘
13:19:15	52.94	--	1	5294	买盘
13:19:09	52.94	--	4	21176	卖盘
13:19:00	52.94	-0.01	4	21176	卖盘
13:18:45	52.95	-0.01	12	63540	卖盘
13:18:39	52.96	0.01	1	5296	中性盘
13:18:33	52.95	-0.02	1	5295	卖盘
13:18:30	52.97	--	1	5297	买盘
13:18:27	52.97	--	1	5297	买盘
13:18:21	52.97	--	2	10594	买盘
13:18:18	52.97	--	16	84752	买盘
13:18:15	52.97	--	19	100643	卖盘
13:18:12	52.97	--	1	5297	卖盘
13:18:09	52.97	--	1	5297	卖盘
13:17:57	52.97	-0.01	9	47673	卖盘
13:17:54	52.98	0.01	46	243708	买盘
13:17:51	52.97	--	2	10594	卖盘
13:17:45	52.97	--	7	37079	卖盘
13:17:42	52.97	--	12	63564	卖盘
13:17:39	52.97	0.03	38	201286	买盘
13:17:36	52.94	-0.03	2	10588	卖盘
13:17:33	52.97	--	2	10594	买盘
13:17:21	52.97	-0.01	9	47673	卖盘
13:17:15	52.98	0.01	1	5298	买盘
13:17:12	52.97	-0.01	8	42376	卖盘
13:17:09	52.98	--	15	79470	买盘
13:16:51	52.98	--	10	52980	卖盘
13:16:48	52.98	--	10	52980	卖盘
13:16:39	52.98	0.01	2	10596	中性盘
13:16:36	52.97	-0.02	8	42376	卖盘
13:16:33	52.99	0.01	3	15897	买盘
13:16:18	52.98	--	1	5298	卖盘
13:16:15	52.98	0.01	11	58278	买盘
13:16:12	52.97	--	1	5297	卖盘
13:16:09	52.97	--	24	127128	卖盘
13:16:06	52.97	--	6	31782	卖盘
13:16:03	52.97	0.03	5	26485	买盘
13:16:00	52.94	-0.03	3	15882	卖盘
13:15:51	52.97	--	1	5297	买盘
13:15:42	52.97	--	2	10594	买盘
13:15:39	52.97	-0.03	2	10594	中性盘
13:15:36	53.0	0.02	134	710200	买盘
13:15:33	52.98	--	115	609270	买盘
13:15:24	52.98	0.01	2	10596	买盘
13:15:21	52.97	-0.01	51	270147	卖盘
13:15:18	52.98	--	37	196026	买盘
13:15:15	52.98	0.01	8	42384	买盘
13:15:12	52.97	-0.01	5	26485	卖盘
13:15:09	52.98	0.01	14	74172	买盘
13:15:06	52.97	--	19	100643	卖盘
13:14:57	52.97	--	2	10594	卖盘
13:14:54	52.97	--	5	26485	卖盘
13:14:51	52.97	0.03	55	291335	买盘
13:14:42	52.94	-0.01	11	58234	卖盘
13:14:33	52.95	0.01	5	26475	买盘
13:14:30	52.94	-0.01	10	52940	卖盘
13:14:21	52.95	--	9	47655	买盘
13:14:18	52.95	0.01	2	10590	买盘
13:14:12	52.94	-0.01	6	31764	卖盘
13:14:09	52.95	--	2	10590	买盘
13:14:06	52.95	0.01	2	10590	买盘
13:14:03	52.94	--	1	5294	卖盘
13:14:00	52.94	--	2	10588	卖盘
13:13:57	52.94	--	1	5294	卖盘
13:13:54	52.94	--	2	10588	卖盘
13:13:51	52.94	--	5	26470	卖盘
13:13:48	52.94	--	5	26470	卖盘
13:13:45	52.94	--	37	195878	买盘
13:13:42	52.94	0.02	4	21176	买盘
13:13:39	52.92	--	4	21168	卖盘
13:13:36	52.92	-0.02	12	63504	卖盘
13:13:33	52.94	0.01	4	21176	买盘
13:13:27	52.93	-0.01	35	185255	中性盘
13:13:24	52.94	--	14	74116	卖盘
13:13:21	52.94	-0.01	1	5294	卖盘
13:13:18	52.95	0.01	6	31770	中性盘
13:13:09	52.94	-0.01	5	26470	卖盘
13:13:03	52.95	--	2	10590	买盘
13:13:00	52.95	--	3	15885	买盘
13:12:54	52.95	0.01	1	5295	买盘
13:12:48	52.94	--	15	79410	买盘
13:12:45	52.94	--	14	74116	买盘
13:12:42	52.94	--	33	174702	买盘
13:12:39	52.94	0.01	20	105880	买盘
13:12:36	52.93	-0.01	3	15879	卖盘
13:12:33	52.94	0.02	3	15882	买盘
13:12:21	52.92	0.01	5	26460	买盘
13:12:09	52.91	--	2	10582	卖盘
13:12:06	52.91	0.01	20	105820	买盘
13:12:03	52.9	--	5	26450	买盘
13:12:00	52.9	--	16	84640	买盘
13:11:57	52.9	--	27	142830	买盘
13:11:54	52.9	0.01	1	5290	买盘
13:11:42	52.89	-0.01	2	10578	中性盘
13:11:39	52.9	0.01	102	539580	买盘
13:11:33	52.89	0.01	3	15867	买盘
13:11:27	52.88	--	6	31728	买盘
13:11:24	52.88	0.01	1	5288	买盘
13:11:12	52.87	0.03	39	206193	买盘
13:11:06	52.84	-0.01	2	10568	卖盘
13:11:00	52.85	-0.02	8	42280	中性盘
13:10:54	52.87	0.05	11	58157	买盘
13:10:48	52.82	-0.04	5	26410	买盘
13:10:45	52.86	0.15	52	274872	买盘
13:10:42	52.71	-0.09	2	10542	卖盘
13:10:39	52.8	--	1	5280	买盘
13:10:30	52.8	0.1	17	89760	买盘
13:10:18	52.7	0.01	1	5270	中性盘
13:09:51	52.69	0.04	1	5269	买盘
13:09:33	52.65	--	2	10530	买盘
13:09:24	52.65	0.07	1	5265	买盘
13:09:12	52.58	--	22	115676	买盘
13:09:06	52.58	0.01	5	26290	买盘
13:09:03	52.57	--	1	5257	卖盘
13:08:54	52.57	-0.01	1	5257	卖盘
13:08:51	52.58	--	2	10516	买盘
13:08:39	52.58	--	4	21032	买盘
13:08:36	52.58	--	2	10516	买盘
13:08:33	52.58	--	3	15774	买盘
13:08:30	52.58	--	1	5258	买盘
13:08:21	52.58	--	2	10516	买盘
13:08:18	52.58	--	1	5258	买盘
13:08:15	52.58	0.01	7	36806	买盘
13:08:12	52.57	-0.01	3	15771	卖盘
13:08:09	52.58	--	12	63096	买盘
13:08:00	52.58	--	2	10516	买盘
13:07:57	52.58	--	23	120934	卖盘
13:07:39	52.58	--	9	47322	卖盘
13:07:36	52.58	--	1	5258	卖盘
13:07:30	52.58	--	4	21032	卖盘
13:07:27	52.58	--	4	21032	卖盘
13:07:21	52.58	-0.01	26	136708	卖盘
13:07:18	52.59	0.01	4	21036	买盘
13:07:15	52.58	--	5	26290	卖盘
13:07:00	52.58	-0.02	3	15774	卖盘
13:06:51	52.6	--	4	21040	买盘
13:06:48	52.6	-0.05	2	10520	卖盘
13:06:36	52.65	--	1	5265	买盘
13:06:33	52.65	--	2	10530	买盘
13:06:30	52.65	--	1	5265	买盘
13:06:12	52.65	--	4	21060	买盘
13:06:00	52.65	--	2	10530	买盘
13:05:42	52.65	-0.04	1	5265	卖盘
13:05:33	52.69	--	1	5269	买盘
13:05:30	52.69	-0.01	1	5269	中性盘
13:04:54	52.7	-0.03	27	142290	卖盘
13:04:51	52.73	0.03	1	5273	买盘
13:04:18	52.7	0.05	38	200260	买盘
13:04:09	52.65	-0.01	1	5265	卖盘
13:03:57	52.66	0.02	8	42128	买盘
13:03:51	52.64	-0.02	4	21056	卖盘
13:03:45	52.66	0.01	1	5266	买盘
13:03:42	52.65	--	1	5265	买盘
13:03:39	52.65	--	4	21060	卖盘
13:03:18	52.65	0.09	7	36855	买盘
13:03:00	52.56	-0.01	4	21024	卖盘
13:02:57	52.57	0.01	2	10514	中性盘
13:02:51	52.56	--	3	15768	卖盘
13:02:48	52.56	--	19	99864	买盘
13:02:39	52.56	--	1	5256	买盘
13:02:33	52.56	--	2	10512	买盘
13:02:21	52.56	0.01	36	189216	买盘
13:02:15	52.55	--	16	84080	卖盘
13:02:12	52.55	--	6	31530	中性盘
13:02:00	52.55	--	4	21020	买盘
13:01:39	52.55	--	3	15765	买盘
13:01:30	52.55	-0.01	1	5255	中性盘
13:00:48	52.56	--	1	5256	买盘
13:00:45	52.56	--	2	10512	买盘
13:00:18	52.56	0.08	1	5256	买盘
13:00:15	52.48	--	6	31487	卖盘
13:00:09	52.48	--	20	104960	卖盘
13:00:06	52.48	-0.02	65	341120	卖盘
13:00:03	52.5	0.02	10	52500	买盘
11:30:03	52.48	--	1	5248	卖盘
11:30:00	52.48	--	7	36736	买盘
11:29:45	52.48	0.01	10	52480	买盘
11:29:39	52.47	-0.01	51	267597	卖盘
11:29:33	52.48	--	10	52480	买盘
11:29:30	52.48	--	1	5248	买盘
11:29:21	52.48	--	1	5248	买盘
11:29:18	52.48	--	21	110208	卖盘
11:29:09	52.48	--	5	26240	卖盘
11:29:06	52.48	-0.02	1	5248	卖盘
11:29:03	52.5	0.01	20	105000	买盘
11:29:00	52.49	--	1	5249	买盘
11:28:54	52.49	-0.01	3	15747	买盘
11:28:51	52.5	0.01	4	21000	买盘
11:28:48	52.49	-0.01	8	41992	卖盘
11:28:45	52.5	--	4	21000	买盘
11:28:42	52.5	--	39	204750	买盘
11:28:33	52.5	--	3	15750	买盘
11:28:21	52.5	--	4	21000	买盘
11:28:18	52.5	--	2	10500	买盘
11:28:12	52.5	--	2	10500	买盘
11:28:09	52.5	--	5	26250	买盘
11:28:03	52.5	--	10	52500	买盘
11:28:00	52.5	-0.05	24	126000	卖盘
11:27:57	52.55	-0.01	5	26275	卖盘
11:27:42	52.56	--	5	26280	买盘
11:27:36	52.56	-0.01	4	21024	卖盘
11:27:21	52.57	--	4	21028	买盘
11:27:15	52.57	--	2	10514	买盘
11:27:12	52.57	--	4	21028	买盘
11:27:09	52.57	--	1	5257	买盘
11:26:54	52.57	--	1	5257	买盘
11:26:51	52.57	--	21	110397	买盘
11:26:48	52.57	-0.08	14	73598	卖盘
11:26:39	52.65	0.08	8	42120	买盘
11:26:33	52.57	-0.09	1	5257	卖盘
11:26:15	52.66	0.09	1	5266	买盘
11:26:12	52.57	0.01	5	26285	中性盘
11:25:51	52.56	--	4	21024	买盘
11:25:45	52.56	--	1	5256	买盘
11:25:36	52.56	--	4	21024	买盘
11:25:27	52.56	0.01	1	5256	中性盘
11:25:24	52.55	-0.01	34	178670	卖盘
11:25:21	52.56	--	20	105120	买盘
11:25:09	52.56	--	2	10512	买盘
11:25:06	52.56	--	3	15768	买盘
11:25:03	52.56	--	3	15768	买盘
11:25:00	52.56	0.01	1	5256	买盘
11:24:57	52.55	-0.01	15	78825	卖盘
11:24:54	52.56	--	5	26280	买盘
11:24:42	52.56	--	5	26280	买盘
11:24:27	52.56	--	2	10512	卖盘
11:24:18	52.56	-0.12	2	10512	中性盘
11:24:00	52.68	0.14	1	5268	买盘
11:23:51	52.54	--	8	42032	买盘
11:23:48	52.54	-0.14	11	57794	卖盘
11:23:45	52.68	0.14	55	289740	买盘
11:23:39	52.54	-0.11	3	15762	卖盘
11:23:36	52.65	0.06	10	52650	买盘
11:23:30	52.59	0.06	29	152511	买盘
11:23:09	52.53	0.03	1	5253	买盘
11:22:57	52.5	0.03	25	131250	买盘
11:22:45	52.47	0.01	4	20988	买盘
11:22:42	52.46	--	6	31476	买盘
11:22:39	52.46	--	1	5246	买盘
11:22:30	52.46	--	10	52460	买盘
11:22:18	52.46	0.06	12	62952	买盘
11:22:15	52.4	--	6	31440	卖盘
11:22:03	52.4	-0.03	43	225320	中性盘
11:22:00	52.43	0.04	1	5243	买盘
11:21:57	52.39	-0.01	9	47151	卖盘
11:21:51	52.4	--	9	47160	买盘
11:21:45	52.4	--	2	10480	买盘
11:21:42	52.4	--	2	10480	买盘
11:21:36	52.4	-0.06	57	298680	卖盘
11:21:30	52.46	0.04	10	52460	买盘
11:21:27	52.42	-0.01	2	10484	买盘
11:21:24	52.43	--	8	41944	卖盘
11:21:15	52.43	-0.03	20	104860	卖盘
11:21:12	52.46	--	30	157380	卖盘
11:21:09	52.46	--	8	41968	卖盘
11:21:06	52.46	-0.01	3	15738	卖盘
11:21:03	52.47	--	9	47223	卖盘
11:20:51	52.47	-0.03	5	26235	卖盘
11:20:42	52.5	--	1	5250	中性盘
11:20:36	52.5	--	1	5250	卖盘
11:20:33	52.5	-0.04	3	15750	卖盘
11:20:18	52.54	--	6	31524	卖盘
11:20:12	52.54	-0.05	10	52540	卖盘
11:20:06	52.59	--	1	5259	买盘
11:20:00	52.59	-0.01	1	5259	买盘
11:19:57	52.6	-0.02	1	5260	卖盘
11:19:51	52.62	0.07	1	5262	买盘
11:19:48	52.55	-0.07	11	57805	卖盘
11:19:39	52.62	0.02	2	10524	买盘
11:19:30	52.6	-0.02	1	5260	卖盘
11:19:15	52.62	--	20	105240	卖盘
11:19:12	52.62	-0.01	8	42096	卖盘
11:19:09	52.63	--	5	26315	卖盘
11:18:57	52.63	--	7	36841	卖盘
11:18:54	52.63	--	3	15789	卖盘
11:18:51	52.63	-0.02	20	105260	卖盘
11:18:48	52.65	--	3	15795	卖盘
11:18:45	52.65	-0.03	5	26325	卖盘
11:18:39	52.68	0.03	6	31608	买盘
11:18:36	52.65	--	5	26325	卖盘
11:18:27	52.65	--	1	5265	卖盘
11:18:24	52.65	0.02	8	42120	买盘
11:18:18	52.63	0.01	6	31578	买盘
11:18:09	52.62	0.04	32	168384	买盘
11:18:06	52.58	--	10	52580	卖盘
11:18:03	52.58	--	5	26290	卖盘
11:17:57	52.58	0.01	18	94644	买盘
11:17:54	52.57	--	47	247079	卖盘
11:17:36	52.57	-0.01	14	73598	卖盘
11:17:24	52.58	0.01	5	26290	中性盘
11:17:18	52.57	-0.01	5	26285	卖盘
11:17:12	52.58	0.01	2	10516	买盘
11:17:06	52.57	-0.01	6	31542	卖盘
11:17:00	52.58	-0.04	4	21032	中性盘
11:16:33	52.62	0.05	5	26310	中性盘
11:16:30	52.57	-0.08	31	162967	卖盘
11:16:27	52.65	0.02	1	5265	买盘
11:16:24	52.63	-0.01	2	10526	卖盘
11:16:18	52.64	0.02	8	42112	中性盘
11:16:03	52.62	-0.03	3	15786	卖盘
11:15:57	52.65	--	1	5265	买盘
11:15:48	52.65	--	42	221130	买盘
11:15:42	52.65	--	2	10530	买盘
11:15:33	52.65	0.07	4	21060	买盘
11:15:27	52.58	-0.07	13	68354	卖盘
11:15:21	52.65	0.01	3	15795	买盘
11:15:18	52.64	-0.01	1	5264	卖盘
11:15:06	52.65	0.01	1	5265	中性盘
11:14:54	52.64	-0.01	13	68432	卖盘
11:14:48	52.65	--	2	10530	卖盘
11:14:36	52.65	--	1	5265	卖盘
11:14:03	52.65	--	2	10530	买盘
11:13:57	52.65	--	2	10530	买盘
11:13:45	52.65	0.01	4	21060	买盘
11:13:42	52.64	0.02	2	10528	中性盘
11:13:27	52.62	0.04	2	10524	买盘
11:13:12	52.58	-0.04	16	84128	卖盘
11:13:09	52.62	0.02	1	5262	买盘
11:12:57	52.6	0.02	1	5260	买盘
11:12:36	52.58	--	9	47322	买盘
11:12:33	52.58	--	3	15774	买盘
11:12:21	52.58	0.01	1	5258	买盘
11:12:12	52.57	0.02	24	126168	买盘
11:12:09	52.55	--	6	31530	买盘
11:12:03	52.55	-0.01	13	68315	卖盘
11:11:57	52.56	--	1	5256	买盘
11:11:54	52.56	0.01	10	52560	买盘
11:11:42	52.55	--	2	10510	买盘
11:11:33	52.55	--	8	42040	买盘
11:11:30	52.55	0.01	2	10510	买盘
11:11:24	52.54	--	2	10508	卖盘
11:11:18	52.54	--	2	10508	买盘
11:11:15	52.54	0.07	1	5254	买盘
11:11:06	52.47	0.01	7	36729	中性盘
11:11:00	52.46	--	10	52460	卖盘
11:10:54	52.46	0.01	11	57706	买盘
11:10:51	52.45	-0.01	3	15735	卖盘
11:10:45	52.46	0.01	3	15738	买盘
11:10:42	52.45	-0.01	2	10490	卖盘
11:10:39	52.46	--	5	26230	买盘
11:10:33	52.46	0.02	5	26230	中性盘
11:10:27	52.44	--	2	10488	中性盘
11:10:21	52.44	0.01	1	5244	买盘
11:10:18	52.43	-0.07	41	214963	卖盘
11:10:09	52.5	--	1	5250	买盘
11:10:03	52.5	0.05	1	5250	买盘
11:10:00	52.45	-0.05	14	73430	卖盘
11:09:45	52.5	--	8	42000	买盘
11:09:36	52.5	-0.02	7	36750	卖盘
11:09:33	52.52	0.02	4	21008	买盘
11:09:24	52.5	--	2	10500	卖盘
11:09:18	52.5	0.02	1	5250	卖盘
11:09:15	52.48	0.03	1	5248	买盘
11:09:12	52.45	-0.03	3	15735	卖盘
11:09:09	52.48	0.02	1	5248	中性盘
11:09:03	52.46	--	4	20984	中性盘
11:09:00	52.46	-0.02	1	5246	卖盘
11:08:57	52.48	--	6	31487	买盘
11:08:48	52.48	--	1	5248	买盘
11:08:45	52.48	-0.01	1	5248	买盘
11:08:42	52.49	-0.03	1	5249	卖盘
11:08:33	52.52	0.02	22	115544	买盘
11:08:27	52.5	--	2	10500	买盘
11:08:18	52.5	-0.01	9	47250	卖盘
11:08:12	52.51	-0.01	9	47259	卖盘
11:08:09	52.52	0.01	1	5252	中性盘
11:08:06	52.51	--	3	15753	卖盘
11:08:03	52.51	--	4	21004	卖盘
11:07:39	52.51	--	4	21004	卖盘
11:07:33	52.51	--	8	42008	卖盘
11:07:24	52.51	--	1	5251	卖盘
11:07:21	52.51	0.01	14	73514	卖盘
11:07:15	52.5	--	5	26250	买盘
11:07:12	52.5	--	196	1029000	买盘
11:07:00	52.5	--	1	5250	买盘
11:06:57	52.5	-0.01	38	199500	卖盘
11:06:51	52.51	-0.05	40	210040	卖盘
11:06:48	52.56	0.04	1	5256	买盘
11:06:42	52.52	0.02	6	31512	中性盘
11:06:18	52.5	-0.06	10	52500	卖盘
11:06:12	52.56	0.04	14	73584	买盘
11:06:09	52.52	0.02	1	5252	买盘
11:06:06	52.5	-0.02	11	57750	卖盘
11:06:03	52.52	--	1	5252	买盘
11:06:00	52.52	--	5	26260	买盘
11:05:54	52.52	0.02	9	47268	买盘
11:05:45	52.5	-0.02	10	52500	卖盘
11:05:42	52.52	0.02	13	68276	中性盘
11:05:36	52.5	-0.05	18	94500	卖盘
11:05:33	52.55	0.05	15	78825	买盘
11:05:24	52.5	-0.05	5	26250	卖盘
11:05:21	52.55	0.05	1	5255	买盘
11:05:09	52.5	-0.05	2	10500	卖盘
11:05:06	52.55	0.05	32	168160	买盘
11:05:00	52.5	--	1	5250	卖盘
11:04:57	52.5	--	4	21000	买盘
11:04:48	52.5	--	1	5250	买盘
11:04:45	52.5	0.04	5	26250	买盘
11:04:33	52.46	0.01	27	141642	买盘
11:04:18	52.45	0.04	7	36715	买盘
11:04:12	52.41	-0.04	4	20964	卖盘
11:04:09	52.45	--	10	52450	买盘
11:04:00	52.45	--	1	5245	买盘
11:03:57	52.45	0.04	1	5245	买盘
11:03:54	52.41	-0.04	24	125783	卖盘
11:03:51	52.45	--	2	10490	买盘
11:03:45	52.45	-0.04	44	230780	卖盘
11:03:42	52.49	-0.01	6	31494	卖盘
11:03:33	52.5	--	89	467250	卖盘
11:03:30	52.5	-0.05	117	614250	卖盘
11:03:18	52.55	-0.02	38	199690	卖盘
11:03:15	52.57	--	11	57827	卖盘
11:03:12	52.57	-0.01	2	10514	卖盘
11:03:03	52.58	--	2	10516	卖盘
11:03:00	52.58	--	3	15774	卖盘
11:02:57	52.58	-0.02	6	31548	卖盘
11:02:42	52.6	--	2	10520	卖盘
11:02:39	52.6	-0.01	62	326120	卖盘
11:02:36	52.61	-0.04	5	26305	卖盘
11:02:30	52.65	--	2	10530	买盘
11:02:18	52.65	--	4	21060	卖盘
11:02:12	52.65	-0.04	1	5265	卖盘
11:02:09	52.69	--	1	5269	买盘
11:02:00	52.69	-0.01	5	31350	卖盘
11:01:48	52.7	0.01	1	5270	买盘
11:01:45	52.69	--	5	26345	卖盘
11:01:42	52.69	-0.02	5	26345	卖盘
11:01:39	52.71	0.02	2	10542	买盘
11:01:36	52.69	-0.01	52	274251	卖盘
11:01:33	52.7	-0.02	5	26350	卖盘
11:01:30	52.72	0.02	1	5272	中性盘
11:01:24	52.7	-0.05	5	26350	卖盘
11:01:03	52.75	0.05	1	5275	买盘
11:00:57	52.7	--	1	5270	买盘
11:00:54	52.7	0.01	2	10540	买盘
11:00:39	52.69	--	1	5269	卖盘
11:00:36	52.69	0.09	49	258181	买盘
11:00:21	52.6	--	5	26300	卖盘
11:00:09	52.6	--	4	21040	卖盘
11:00:00	52.6	0.04	119	629885	买盘
10:59:57	52.56	-0.03	37	194472	卖盘
10:59:54	52.59	--	3	15777	买盘
10:59:48	52.59	0.02	1	5259	买盘
10:59:42	52.57	0.01	2	10514	买盘
10:59:39	52.56	-0.01	5	26280	卖盘
10:59:36	52.57	--	1	5257	中性盘
10:59:33	52.57	--	1	5257	卖盘
10:59:30	52.57	--	2	10514	买盘
10:59:27	52.57	0.01	1	5257	买盘
10:59:24	52.56	-0.01	1	5256	卖盘
10:59:18	52.57	0.01	16	84112	买盘
10:59:15	52.56	--	20	105120	买盘
10:59:06	52.56	--	8	42048	买盘
10:59:03	52.56	0.01	1	5256	中性盘
10:58:45	52.55	-0.01	15	78825	卖盘
10:58:42	52.56	0.01	11	57816	买盘
10:58:39	52.55	--	1	5255	卖盘
10:58:36	52.55	-0.01	11	57805	卖盘
10:58:30	52.56	0.01	2	10512	买盘
10:58:27	52.55	-0.01	11	57805	卖盘
10:58:24	52.56	-0.01	1	5256	卖盘
10:58:21	52.57	0.01	10	52570	买盘
10:58:18	52.56	-0.01	1	5256	卖盘
10:58:15	52.57	--	1	5257	买盘
10:58:12	52.57	--	6	31542	买盘
10:58:09	52.57	--	3	15771	买盘
10:58:03	52.57	--	1	5257	买盘
10:58:00	52.57	--	24	126168	买盘
10:57:57	52.57	--	3	15771	买盘
10:57:54	52.57	-0.03	140	735980	卖盘
10:57:51	52.6	-0.07	89	469455	卖盘
10:57:39	52.67	--	129	679443	买盘
10:57:36	52.67	-0.01	19	100073	中性盘
10:57:24	52.68	--	42	221256	买盘
10:57:00	52.68	--	2	10536	买盘
10:56:45	52.68	--	1	5268	买盘
10:56:42	52.68	0.05	10	52680	买盘
10:56:33	52.63	--	6	31578	卖盘
10:56:24	52.63	-0.05	19	99997	卖盘
10:56:21	52.68	0.05	1	5268	中性盘
10:56:09	52.63	--	5	26315	卖盘
10:56:03	52.63	0.03	5	26315	中性盘
10:55:21	52.6	0.01	1	9205	买盘
10:55:18	52.59	-0.01	6	31554	卖盘
10:55:15	52.6	--	0	1315	卖盘
10:55:12	52.6	--	1	5260	卖盘
10:55:09	52.6	--	29	156485	买盘
10:55:06	52.6	--	2	10520	买盘
10:55:03	52.6	--	105	552300	买盘
10:55:00	52.6	--	5	26300	买盘
10:54:54	52.6	0.01	3	15780	买盘
10:54:51	52.59	-0.01	35	184065	卖盘
10:54:48	52.6	--	2	10520	买盘
10:54:45	52.6	--	6	31560	买盘
10:54:42	52.6	--	2	10520	买盘
10:54:39	52.6	--	20	105200	买盘
10:54:36	52.6	-0.08	136	716675	卖盘
10:54:24	52.68	--	6	35559	买盘
10:54:21	52.68	--	5	26340	买盘
10:54:18	52.68	--	11	57948	买盘
10:54:12	52.68	-0.02	27	142236	卖盘
10:54:03	52.7	0.02	33	173910	买盘
10:54:00	52.68	--	5	26340	买盘
10:53:57	52.68	--	3	15804	买盘
10:53:51	52.68	0.01	4	21072	买盘
10:53:48	52.67	--	1	5267	买盘
10:53:45	52.67	-0.01	0	1316	卖盘
10:53:42	52.68	0.01	10	52680	买盘
10:53:30	52.67	0.01	6	35552	买盘
10:53:24	52.66	--	100	526600	买盘
10:53:21	52.66	--	3	15797	买盘
10:53:18	52.66	--	1	5266	买盘
10:53:12	52.66	--	14	75040	卖盘
10:53:09	52.66	--	3	19747	买盘
10:53:06	52.66	0.05	5	26330	买盘
10:53:00	52.61	-0.05	2	10522	中性盘
10:52:54	52.66	--	2	10532	买盘
10:52:45	52.66	0.06	6	31595	买盘
10:52:42	52.6	--	36	189360	卖盘
10:52:39	52.6	0.01	4	21040	买盘
10:52:36	52.59	-0.01	26	136734	中性盘
10:52:33	52.6	0.05	7	36820	买盘
10:52:27	52.55	--	8	42040	卖盘
10:52:21	52.55	--	12	63060	买盘
10:52:18	52.55	-0.03	29	152395	卖盘
10:52:12	52.58	0.02	5	26290	中性盘
10:52:06	52.56	-0.03	7	36792	卖盘
10:52:03	52.59	-0.01	2	10518	卖盘
10:51:57	52.6	--	7	36820	买盘
10:51:48	52.6	--	9	47340	卖盘
10:51:45	52.6	-0.01	5	26300	卖盘
10:51:42	52.61	--	1	5261	买盘
10:51:36	52.61	-0.01	87	457707	卖盘
10:51:33	52.62	-0.04	10	52620	卖盘
10:51:30	52.66	-0.01	1	5266	中性盘
10:51:18	52.67	--	5	26335	买盘
10:51:12	52.67	--	11	57937	买盘
10:51:06	52.67	-0.01	5	26335	中性盘
10:50:45	52.68	-0.01	11	57948	卖盘
10:50:27	52.69	-0.01	7	36883	卖盘
10:50:24	52.7	--	63	332010	买盘
10:50:12	52.7	--	17	90696	卖盘
10:50:06	52.7	-0.03	3	19973	卖盘
10:50:03	52.73	0.03	1	5273	买盘
10:50:00	52.7	-0.02	50	263500	卖盘
10:49:57	52.72	--	24	126528	卖盘
10:49:54	52.72	-0.01	4	21088	卖盘
10:49:51	52.73	--	1	5273	买盘
10:49:39	52.73	--	17	89641	卖盘
10:49:30	52.73	-0.02	5	26365	卖盘
10:49:18	52.75	--	10	52750	卖盘
10:49:09	52.75	-0.01	12	63300	卖盘
10:49:06	52.76	-0.01	2	10552	买盘
10:48:57	52.77	--	1	5277	买盘
10:48:54	52.77	--	20	105540	卖盘
10:48:45	52.77	--	3	15831	卖盘
10:48:42	52.77	--	2	10554	卖盘
10:48:39	52.77	--	2	10554	卖盘
10:48:30	52.77	0.01	11	58047	买盘
10:48:27	52.76	-0.01	4	21104	卖盘
10:48:24	52.77	--	2	10554	买盘
10:48:09	52.77	0.01	8	42216	买盘
10:48:03	52.76	--	2	10552	买盘
10:48:00	52.76	-0.01	5	26380	买盘
10:47:57	52.77	0.01	5	26385	买盘
10:47:54	52.76	-0.01	6	31656	卖盘
10:47:48	52.77	0.01	2	10554	买盘
10:47:42	52.76	-0.01	2	10552	卖盘
10:47:21	52.77	--	2	10554	买盘
10:47:06	52.77	-0.01	2	10554	卖盘
10:46:54	52.78	0.01	4	21112	中性盘
10:46:51	52.77	-0.01	8	42216	卖盘
10:46:33	52.78	0.01	3	15834	中性盘
10:46:12	52.77	-0.01	6	31662	卖盘
10:46:06	52.78	--	1	5278	卖盘
10:45:54	52.78	-0.09	52	274456	卖盘
10:45:42	52.87	--	9	47583	买盘
10:45:36	52.87	0.05	2	10574	买盘
10:45:30	52.82	--	2	10564	买盘
10:45:24	52.82	-0.05	1	5282	卖盘
10:45:12	52.87	-0.01	1	5287	卖盘
10:45:00	52.88	--	1	5288	买盘
10:44:57	52.88	--	5	26440	卖盘
10:44:54	52.88	-0.02	1	5288	卖盘
10:44:51	52.9	0.03	12	63480	买盘
10:44:45	52.87	--	3	15861	买盘
10:44:42	52.87	-0.03	9	47583	中性盘
10:44:30	52.9	0.02	5	26450	买盘
10:44:21	52.88	-0.02	2	10576	中性盘
10:44:09	52.9	0.02	2	10580	买盘
10:44:00	52.88	0.08	11	58168	买盘
10:43:57	52.8	-0.09	4	21120	卖盘
10:43:54	52.89	0.01	1	5289	卖盘
10:43:45	52.88	0.08	10	52880	买盘
10:43:42	52.8	--	5	26400	卖盘
10:43:36	52.8	0.02	27	142560	买盘
10:43:30	52.78	--	10	52780	卖盘
10:43:27	52.78	0.02	5	26390	中性盘
10:43:18	52.76	0.01	11	58036	卖盘
10:43:03	52.75	--	5	26375	卖盘
10:43:00	52.75	--	24	126600	卖盘
10:42:57	52.75	--	6	31650	卖盘
10:42:51	52.75	--	18	94950	中性盘
10:42:39	52.75	--	1	5275	中性盘
10:42:24	52.75	-0.02	1	5275	卖盘
10:42:15	52.77	-0.01	1	5277	中性盘
10:42:00	52.78	0.03	6	31668	买盘
10:41:57	52.75	-0.03	10	52750	卖盘
10:41:48	52.78	--	2	10556	买盘
10:41:39	52.78	-0.01	14	73892	卖盘
10:41:30	52.79	--	1	5279	买盘
10:41:27	52.79	-0.01	1	5279	卖盘
10:41:24	52.8	0.01	2	10560	买盘
10:41:09	52.79	-0.01	1	5279	卖盘
10:41:06	52.8	--	2	10560	买盘
10:41:03	52.8	--	1	5280	买盘
10:41:00	52.8	--	1	5280	买盘
10:40:54	52.8	--	1	5280	买盘
10:40:51	52.8	--	5	26400	买盘
10:40:48	52.8	--	9	47520	买盘
10:40:45	52.8	--	10	52800	买盘
10:40:42	52.8	--	1	5280	买盘
10:40:33	52.8	--	2	10560	买盘
10:40:30	52.8	--	10	52800	买盘
10:40:27	52.8	--	14	73920	买盘
10:40:21	52.8	--	4	21120	买盘
10:40:15	52.8	--	12	63360	买盘
10:40:12	52.8	--	3	15840	买盘
10:39:57	52.8	--	60	316800	买盘
10:39:51	52.8	--	3	15840	买盘
10:39:48	52.8	0.01	56	295680	买盘
10:39:45	52.79	--	1	5279	卖盘
10:39:39	52.79	--	1	5279	买盘
10:39:36	52.79	0.01	13	68627	买盘
10:39:24	52.78	--	5	26390	买盘
10:39:21	52.78	--	5	26390	买盘
10:39:18	52.78	-0.01	4	21112	卖盘
10:39:15	52.79	--	20	105580	买盘
10:39:12	52.79	0.01	4	21116	买盘
10:39:06	52.78	--	8	42224	卖盘
10:38:57	52.78	--	2	10556	买盘
10:38:54	52.78	0.01	2	10556	买盘
10:38:51	52.77	-0.01	1	5277	卖盘
10:38:48	52.78	0.02	7	36946	买盘
10:38:45	52.76	--	1	5276	卖盘
10:38:33	52.76	-0.02	5	26380	中性盘
10:38:24	52.78	-0.01	1	5278	中性盘
10:38:12	52.79	0.04	1	5279	买盘
10:38:09	52.75	-0.03	1	5275	卖盘
10:38:03	52.78	-0.01	2	10556	中性盘
10:37:57	52.79	--	4	21116	买盘
10:37:51	52.79	0.06	1	5279	买盘
10:37:48	52.73	-0.03	2	10546	卖盘
10:37:42	52.76	0.03	1	5276	买盘
10:37:39	52.73	--	4	21092	卖盘
10:37:18	52.73	--	29	152917	买盘
10:37:12	52.73	0.03	2	10546	买盘
10:36:57	52.7	-0.03	26	137020	卖盘
10:36:51	52.73	0.03	16	84368	买盘
10:36:48	52.7	--	2	10540	卖盘
10:36:42	52.7	0.01	44	231880	买盘
10:36:36	52.69	0.01	1	5269	买盘
10:36:33	52.68	--	1	5268	买盘
10:36:30	52.68	-0.02	4	21072	卖盘
10:36:18	52.7	0.1	67	353090	买盘
10:36:06	52.6	-0.1	3	15780	卖盘
10:35:57	52.7	--	2	10540	买盘
10:35:51	52.7	--	5	26350	买盘
10:35:45	52.7	0.01	1	5270	买盘
10:35:42	52.69	0.09	1	5269	中性盘
10:35:39	52.6	-0.01	9	47340	卖盘
10:35:36	52.61	-0.09	21	110481	卖盘
10:35:33	52.7	--	14	73780	卖盘
10:35:30	52.7	--	17	89590	买盘
10:35:24	52.7	0.1	1	5270	买盘
10:35:21	52.6	-0.1	7	36820	卖盘
10:35:18	52.7	--	5	26350	买盘
10:35:12	52.7	--	13	68510	卖盘
10:35:09	52.7	-0.01	18	94860	卖盘
10:35:06	52.71	--	3	15813	卖盘
10:35:03	52.71	0.01	27	142317	中性盘
10:35:00	52.7	-0.01	5	26350	卖盘
10:34:51	52.71	-0.02	8	42168	卖盘
10:34:48	52.73	--	7	36911	卖盘
10:34:45	52.73	--	1	5273	卖盘
10:34:42	52.73	-0.03	1	5273	卖盘
10:34:36	52.76	-0.01	33	174108	卖盘
10:34:33	52.77	--	2	10554	买盘
10:34:30	52.77	--	7	36939	卖盘
10:34:24	52.77	-0.01	21	110817	卖盘
10:34:21	52.78	0.01	4	21112	买盘
10:34:18	52.77	-0.01	85	448545	卖盘
10:34:09	52.78	--	27	142506	卖盘
10:34:06	52.78	--	26	137228	卖盘
10:34:03	52.78	--	1	5278	卖盘
10:34:00	52.78	--	10	52780	卖盘
10:33:54	52.78	-0.01	28	147784	卖盘
10:33:51	52.79	-0.01	1	5279	卖盘
10:33:45	52.8	--	2	10560	买盘
10:33:42	52.8	--	12	63360	买盘
10:33:39	52.8	-0.02	63	332640	卖盘
10:33:36	52.82	--	19	100358	卖盘
10:33:33	52.82	--	1	5282	卖盘
10:33:27	52.82	--	2	10564	卖盘
10:33:24	52.82	--	3	15846	卖盘
10:33:09	52.82	--	3	15846	卖盘
10:33:06	52.82	-0.01	15	79230	卖盘
10:33:00	52.83	0.01	6	31698	买盘
10:32:57	52.82	-0.01	39	205998	卖盘
10:32:51	52.83	0.01	1	5283	买盘
10:32:48	52.82	--	2	10564	卖盘
10:32:42	52.82	--	1	5282	卖盘
10:32:39	52.82	--	10	52820	卖盘
10:32:36	52.82	-0.02	19	100358	卖盘
10:32:33	52.84	-0.04	21	110964	买盘
10:32:27	52.88	0.05	2	10576	买盘
10:32:24	52.83	-0.02	5	26415	卖盘
10:32:21	52.85	0.01	12	63420	买盘
10:32:18	52.84	--	2	10568	卖盘
10:32:09	52.84	--	1	5284	卖盘
10:31:51	52.84	-0.04	5	26420	卖盘
10:31:45	52.88	--	7	37016	卖盘
10:31:42	52.88	-0.03	5	26440	卖盘
10:31:39	52.91	--	2	10582	买盘
10:31:18	52.91	0.07	1	5291	买盘
10:31:12	52.84	-0.07	55	290620	卖盘
10:30:57	52.91	--	5	26455	买盘
10:30:45	52.91	0.03	27	142857	买盘
10:30:42	52.88	--	11	58168	卖盘
10:30:36	52.88	-0.06	20	105760	卖盘
10:30:18	52.94	0.06	29	153526	买盘
10:30:09	52.88	-0.03	3	15864	卖盘
10:30:00	52.91	--	1	5291	买盘
10:29:51	52.91	0.03	21	111111	买盘
10:29:48	52.88	-0.02	2	10576	卖盘
10:29:39	52.9	--	4	21160	买盘
10:29:36	52.9	--	34	179860	卖盘
10:29:24	52.9	--	10	52900	卖盘
10:29:18	52.9	-0.01	10	52900	卖盘
10:29:15	52.91	--	1	5291	买盘
10:29:12	52.91	-0.02	14	74074	卖盘
10:29:06	52.93	--	2	10586	卖盘
10:29:03	52.93	0.03	2	10586	买盘
10:28:57	52.9	-0.02	65	343850	卖盘
10:28:48	52.92	0.02	8	42336	中性盘
10:28:30	52.9	-0.04	7	37030	卖盘
10:28:27	52.94	--	10	52940	买盘
10:28:12	52.94	--	1	5294	卖盘
10:28:09	52.94	-0.01	43	227642	卖盘
10:27:54	52.95	0.01	21	111195	中性盘
10:27:48	52.94	--	10	52940	卖盘
10:27:39	52.94	-0.03	2	10588	卖盘
10:27:36	52.97	0.01	10	52970	买盘
10:27:30	52.96	--	8	42368	买盘
10:27:21	52.96	--	4	21184	买盘
10:27:18	52.96	--	40	211840	卖盘
10:27:15	52.96	--	4	21184	卖盘
10:27:09	52.96	-0.01	2	10592	卖盘
10:27:06	52.97	--	1	5297	买盘
10:27:00	52.97	0.01	22	116534	买盘
10:26:57	52.96	-0.01	6	31776	卖盘
10:26:51	52.97	0.01	9	47673	买盘
10:26:48	52.96	--	3	15888	卖盘
10:26:45	52.96	-0.01	1	5296	中性盘
10:26:42	52.97	0.01	2	10594	中性盘
10:26:39	52.96	-0.03	2	10592	卖盘
10:26:36	52.99	0.03	31	164269	买盘
10:26:30	52.96	--	5	26480	买盘
10:26:27	52.96	--	5	26480	买盘
10:26:24	52.96	--	4	21184	买盘
10:26:21	52.96	--	3	15888	买盘
10:26:03	52.96	0.08	169	895024	买盘
10:26:00	52.88	-0.02	11	58168	卖盘
10:25:57	52.9	--	8	42320	买盘
10:25:51	52.9	-0.03	6	31740	卖盘
10:25:48	52.93	0.07	4	21172	买盘
10:25:30	52.86	-0.04	8	42288	卖盘
10:25:27	52.9	0.04	26	137540	买盘
10:25:15	52.86	0.01	101	533886	卖盘
10:25:00	52.85	0.03	1	5285	买盘
10:24:48	52.82	-0.03	5	26410	卖盘
10:24:45	52.85	0.02	1	5285	买盘
10:24:36	52.83	0.01	19	100377	中性盘
10:24:27	52.82	--	1	5282	卖盘
10:24:12	52.82	--	5	26410	买盘
10:24:09	52.82	0.01	5	26410	买盘
10:24:03	52.81	-0.07	26	137306	卖盘
10:24:00	52.88	0.06	20	105760	买盘
10:23:57	52.82	-0.01	4	21128	卖盘
10:23:54	52.83	--	20	105660	买盘
10:23:51	52.83	--	13	68679	买盘
10:23:42	52.83	--	2	10566	买盘
10:23:39	52.83	--	7	36981	卖盘
10:23:27	52.83	-0.02	7	36981	卖盘
10:23:18	52.85	--	11	58135	买盘
10:23:06	52.85	--	19	100415	卖盘
10:23:03	52.85	-0.02	2	10570	中性盘
10:22:45	52.87	0.04	5	26435	买盘
10:22:36	52.83	--	12	63396	卖盘
10:22:33	52.83	-0.02	2	10566	卖盘
10:22:30	52.85	--	1	5285	买盘
10:22:27	52.85	0.01	1	5285	买盘
10:22:24	52.84	-0.01	10	52840	卖盘
10:22:21	52.85	-0.03	3	15855	卖盘
10:22:15	52.88	--	12	63456	买盘
10:22:00	52.88	-0.01	18	95184	卖盘
10:21:57	52.89	-0.01	4	21156	中性盘
10:21:51	52.9	0.02	13	68770	买盘
10:21:48	52.88	--	5	26440	卖盘
10:21:45	52.88	-0.01	3	15864	卖盘
10:21:39	52.89	0.01	4	21156	中性盘
10:21:21	52.88	-0.02	7	37016	卖盘
10:21:18	52.9	--	1	5290	买盘
10:21:03	52.9	0.02	5	26450	买盘
10:21:00	52.88	-0.02	2	10576	中性盘
10:20:57	52.9	0.05	7	37030	买盘
10:20:54	52.85	-0.01	2	10570	中性盘
10:20:45	52.86	0.04	2	10572	买盘
10:20:27	52.82	-0.04	4	21128	卖盘
10:20:21	52.86	0.03	1	5286	买盘
10:20:12	52.83	0.01	6	31698	买盘
10:20:09	52.82	--	4	21128	中性盘
10:19:57	52.82	0.01	10	52820	买盘
10:19:51	52.81	--	4	21124	卖盘
10:19:48	52.81	--	2	10562	卖盘
10:19:45	52.81	-0.01	3	15843	卖盘
10:19:42	52.82	0.02	1	5282	买盘
10:19:39	52.8	-0.02	24	126720	卖盘
10:19:33	52.82	--	10	52820	卖盘
10:19:27	52.82	-0.01	21	110922	卖盘
10:19:21	52.83	--	9	47547	买盘
10:19:18	52.83	--	3	15849	买盘
10:19:15	52.83	-0.02	4	21132	卖盘
10:19:03	52.85	--	2	10570	中性盘
10:18:57	52.85	--	5	26425	买盘
10:18:48	52.85	-0.01	2	10570	卖盘
10:18:45	52.86	-0.01	5	26430	卖盘
10:18:39	52.87	-0.01	2	10574	卖盘
10:18:33	52.88	0.01	5	26440	买盘
10:18:30	52.87	-0.01	1	5287	卖盘
10:18:21	52.88	-0.02	3	15864	卖盘
10:18:18	52.9	0.02	1	5290	买盘
10:18:09	52.88	-0.02	4	21152	卖盘
10:18:03	52.9	--	10	52900	买盘
10:17:54	52.9	-0.03	51	269790	卖盘
10:17:48	52.93	-0.03	4	21172	卖盘
10:17:45	52.96	0.03	1	5296	买盘
10:17:42	52.93	--	20	105860	卖盘
10:17:15	52.93	--	2	10586	卖盘
10:17:00	52.93	0.02	1	5293	中性盘
10:16:54	52.91	--	11	58200	卖盘
10:16:42	52.91	-0.02	15	79365	卖盘
10:16:39	52.93	0.02	22	116446	买盘
10:16:36	52.91	-0.02	1	5291	卖盘
10:16:33	52.93	--	1	5293	买盘
10:16:30	52.93	0.02	22	116446	买盘
10:16:27	52.91	-0.02	2	10582	卖盘
10:16:21	52.93	--	5	26465	买盘
10:16:18	52.93	--	6	31758	买盘
10:16:15	52.93	--	1	5293	买盘
10:16:12	52.93	--	4	21172	卖盘
10:16:09	52.93	-0.04	6	31758	卖盘
10:16:03	52.97	0.06	4	21188	中性盘
10:16:00	52.91	-0.07	2	10582	卖盘
10:15:57	52.98	0.01	6	31787	买盘
10:15:54	52.97	--	1	5297	中性盘
10:15:48	52.97	--	2	10594	卖盘
10:15:45	52.97	--	9	47673	买盘
10:15:33	52.97	0.07	6	31782	买盘
10:15:30	52.9	0.04	9	47610	买盘
10:15:27	52.86	--	23	121578	卖盘
10:15:21	52.86	--	5	26430	卖盘
10:15:15	52.86	-0.04	6	31716	卖盘
10:15:12	52.9	0.04	6	31740	买盘
10:15:09	52.86	0.06	41	216726	买盘
10:15:03	52.8	-0.02	5	26400	卖盘
10:15:00	52.82	--	1	5282	买盘
10:14:57	52.82	-0.01	10	52820	买盘
10:14:54	52.83	-0.03	7	36981	卖盘
10:14:51	52.86	0.06	6	31716	买盘
10:14:48	52.8	-0.1	86	454080	卖盘
10:14:45	52.9	--	3	15870	中性盘
10:14:42	52.9	0.07	60	317400	买盘
10:14:39	52.83	--	37	195471	买盘
10:14:36	52.83	-0.03	61	322263	卖盘
10:14:33	52.86	-0.04	24	126864	卖盘
10:14:27	52.9	--	6	31740	买盘
10:14:24	52.9	0.03	5	26450	买盘
10:14:21	52.87	-0.03	3	15861	卖盘
10:14:18	52.9	0.02	11	58190	买盘
10:14:15	52.88	-0.02	5	26440	卖盘
10:14:12	52.9	--	1	5290	买盘
10:14:03	52.9	--	40	211600	卖盘
10:14:00	52.9	-0.07	12	63480	卖盘
10:13:51	52.97	0.07	1	5297	买盘
10:13:48	52.9	--	12	63480	卖盘
10:13:45	52.9	-0.08	5	26450	卖盘
10:13:42	52.98	0.02	19	100662	买盘
10:13:39	52.96	-0.02	16	84736	卖盘
10:13:36	52.98	0.07	8	42384	买盘
10:13:27	52.91	-0.05	5	26455	卖盘
10:13:21	52.96	-0.03	1	5296	卖盘
10:13:18	52.99	0.03	6	31794	买盘
10:13:12	52.96	0.05	5	26480	买盘
10:13:06	52.91	-0.09	3	15872	卖盘
10:13:03	53.0	--	3	15900	买盘
10:13:00	53.0	--	10	53000	买盘
10:12:57	53.0	--	9	47700	买盘
10:12:51	53.0	0.1	2	10600	中性盘
10:12:48	52.9	-0.1	15	79350	卖盘
10:12:45	53.0	-0.01	1	5300	卖盘
10:12:39	53.01	--	8	42408	买盘
10:12:36	53.01	--	53	280953	卖盘
10:12:30	53.01	--	5	26505	卖盘
10:12:24	53.01	--	6	31806	卖盘
10:12:21	53.01	--	15	79515	卖盘
10:12:15	53.01	0.02	684	3625884	买盘
10:12:12	52.99	-0.01	12	63588	买盘
10:12:09	53.0	-0.01	6	31800	卖盘
10:12:06	53.01	0.02	9	47709	买盘
10:12:03	52.99	--	10	52990	买盘
10:12:00	52.99	-0.02	8	42392	卖盘
10:11:54	53.01	--	6	31806	买盘
10:11:51	53.01	0.06	1	5301	买盘
10:11:45	52.95	--	9	47655	买盘
10:11:42	52.95	-0.06	1	5295	买盘
10:11:39	53.01	0.05	110	583110	买盘
10:11:30	52.96	0.01	36	190656	买盘
10:11:24	52.95	-0.01	21	111195	中性盘
10:11:15	52.96	--	13	68848	买盘
10:11:12	52.96	0.06	1	5296	买盘
10:11:06	52.9	-0.06	5	26450	卖盘
10:10:57	52.96	0.03	6	31776	买盘
10:10:54	52.93	0.03	1	5293	买盘
10:10:51	52.9	--	3	15870	卖盘
10:10:45	52.9	--	1	5290	卖盘
10:10:42	52.9	--	2	10580	买盘
10:10:33	52.9	0.04	4	21160	买盘
10:10:30	52.86	-0.04	3	15858	卖盘
10:10:24	52.9	0.04	42	222180	买盘
10:10:21	52.86	--	4	21144	买盘
10:10:18	52.86	--	3	15858	买盘
10:10:15	52.86	-0.02	11	58146	买盘
10:10:12	52.88	0.05	2	10576	中性盘
10:10:06	52.83	-0.01	31	163773	卖盘
10:10:03	52.84	-0.04	18	95112	卖盘
10:10:00	52.88	--	4	21152	买盘
10:09:57	52.88	-0.01	9	47592	卖盘
10:09:54	52.89	-0.01	4	21156	卖盘
10:09:51	52.9	--	3	15870	买盘
10:09:45	52.9	--	1	5290	买盘
10:09:39	52.9	-0.01	11	58190	卖盘
10:09:36	52.91	0.01	1	5291	买盘
10:09:33	52.9	-0.01	1	5290	卖盘
10:09:30	52.91	--	3	15872	买盘
10:09:12	52.91	-0.05	3	15872	卖盘
10:09:09	52.96	--	10	52960	买盘
10:09:06	52.96	-0.01	2	10592	卖盘
10:09:03	52.97	--	6	31782	买盘
10:08:57	52.97	-0.01	43	227771	卖盘
10:08:54	52.98	--	3	15893	买盘
10:08:51	52.98	--	9	47682	卖盘
10:08:39	52.98	-0.03	5	26490	卖盘
10:08:36	53.01	0.01	11	58311	买盘
10:08:33	53.0	-0.01	4	21200	卖盘
10:08:30	53.01	--	1	5301	卖盘
10:08:27	53.01	-0.01	5	26505	卖盘
10:08:18	53.02	-0.04	16	84832	卖盘
10:08:06	53.06	--	59	313054	买盘
10:08:03	53.06	--	32	169792	买盘
10:07:54	53.06	--	29	153874	买盘
10:07:51	53.06	--	1	5306	买盘
10:07:48	53.06	0.02	1	5306	买盘
10:07:45	53.04	-0.02	11	58344	卖盘
10:07:42	53.06	0.02	8	42448	买盘
10:07:39	53.04	-0.02	1	5304	中性盘
10:07:36	53.06	--	4	21224	买盘
10:07:33	53.06	0.04	3	15918	买盘
10:07:30	53.02	--	2	10604	卖盘
10:07:27	53.02	-0.04	5	26510	中性盘
10:07:24	53.06	0.05	30	159180	买盘
10:07:15	53.01	--	4	21204	买盘
10:07:12	53.01	0.01	1	5301	买盘
10:07:03	53.0	--	127	673100	买盘
10:06:57	53.0	0.03	40	212000	买盘
10:06:54	52.97	-0.02	4	21188	卖盘
10:06:51	52.99	0.02	2	10598	买盘
10:06:48	52.97	-0.02	11	58267	中性盘
10:06:42	52.99	0.04	22	116578	买盘
10:06:39	52.95	-0.03	33	174735	卖盘
10:06:36	52.98	0.01	52	275496	买盘
10:06:33	52.97	--	5	26485	买盘
10:06:30	52.97	--	22	116534	买盘
10:06:27	52.97	--	2	10594	买盘
10:06:21	52.97	--	1	5297	买盘
10:06:18	52.97	--	2	10594	卖盘
10:06:15	52.97	0.02	1	5297	卖盘
10:06:12	52.95	-0.02	5	26475	卖盘
10:06:06	52.97	0.02	6	31782	买盘
10:06:00	52.95	--	1	5295	卖盘
10:05:57	52.95	--	8	42360	买盘
10:05:54	52.95	0.02	2	10590	买盘
10:05:48	52.93	0.03	3	15879	中性盘
10:05:24	52.9	--	29	153410	卖盘
10:05:21	52.9	--	5	26450	卖盘
10:05:18	52.9	0.01	41	216890	买盘
10:05:15	52.89	-0.01	11	58179	买盘
10:05:09	52.9	0.01	21	111090	买盘
10:05:06	52.89	--	10	52890	卖盘
10:04:57	52.89	--	3	15867	卖盘
10:04:54	52.89	--	10	52890	卖盘
10:04:45	52.89	-0.01	5	26445	卖盘
10:04:36	52.9	0.01	65	343850	买盘
10:04:33	52.89	--	11	58179	买盘
10:04:27	52.89	0.01	3	15867	买盘
10:04:24	52.88	0.05	6	31728	卖盘
10:04:21	52.83	--	35	184905	卖盘
10:04:15	52.83	-0.05	3	15849	卖盘
10:04:09	52.88	-0.01	2	10576	买盘
10:03:57	52.89	--	20	105780	买盘
10:03:51	52.89	--	3	15867	买盘
10:03:48	52.89	0.08	4	21156	买盘
10:03:45	52.81	-0.08	3	15843	卖盘
10:03:39	52.89	0.08	42	222138	买盘
10:03:30	52.81	-0.07	5	26405	中性盘
10:03:18	52.88	0.07	66	349008	买盘
10:03:15	52.81	0.01	11	58091	买盘
10:03:12	52.8	-0.01	8	42240	卖盘
10:03:09	52.81	--	12	63372	买盘
10:03:06	52.81	--	7	36967	买盘
10:02:57	52.81	--	1	5281	买盘
10:02:54	52.81	-0.02	11	58091	卖盘
10:02:48	52.83	--	4	21132	买盘
10:02:45	52.83	--	1	5283	买盘
10:02:42	52.83	-0.05	24	126792	卖盘
10:02:39	52.88	-0.01	1	5288	中性盘
10:02:36	52.89	0.06	20	105780	买盘
10:02:27	52.83	-0.07	1	5283	卖盘
10:02:18	52.9	0.09	1	5290	买盘
10:02:09	52.81	-0.09	2	10562	卖盘
10:02:06	52.9	0.08	6	31740	买盘
10:01:54	52.82	-0.08	5	26410	卖盘
10:01:39	52.9	0.09	14	74060	买盘
10:01:33	52.81	-0.01	2	10562	卖盘
10:01:24	52.82	0.01	8	42256	买盘
10:01:21	52.81	--	2	10562	卖盘
10:01:18	52.81	-0.01	4	21124	卖盘
10:01:09	52.82	0.01	1	5282	买盘
10:01:06	52.81	-0.01	5	26405	卖盘
10:01:03	52.82	--	20	105640	买盘
10:01:00	52.82	-0.01	5	26410	买盘
10:00:57	52.83	-0.07	9	47547	卖盘
10:00:54	52.9	0.07	10	52900	买盘
10:00:45	52.83	-0.06	14	73962	卖盘
10:00:39	52.89	--	15	79335	卖盘
10:00:36	52.89	0.06	86	454854	买盘
10:00:27	52.83	-0.03	3	15849	卖盘
10:00:24	52.86	-0.03	25	132150	卖盘
10:00:18	52.89	-0.01	2	10578	中性盘
10:00:12	52.9	--	5	26450	买盘
10:00:09	52.9	--	30	158700	买盘
09:59:57	52.9	--	5	26450	买盘
09:59:54	52.9	-0.06	31	163990	卖盘
09:59:51	52.96	0.05	22	116512	买盘
09:59:48	52.91	--	10	52910	买盘
09:59:45	52.91	-0.05	49	259258	卖盘
09:59:42	52.96	0.05	1	5296	买盘
09:59:39	52.91	-0.07	11	58200	中性盘
09:59:27	52.98	0.08	6	31787	买盘
09:59:21	52.9	-0.08	1	5290	买盘
09:59:18	52.98	0.08	5	26490	买盘
09:59:15	52.9	-0.08	2	10580	卖盘
09:59:09	52.98	--	2	10596	买盘
09:59:00	52.98	--	5	26490	中性盘
09:58:57	52.98	0.18	20	105960	买盘
09:58:54	52.8	--	1	5280	买盘
09:58:51	52.8	-0.1	49	258720	卖盘
09:58:48	52.9	-0.09	4	21160	中性盘
09:58:45	52.99	0.19	2	10598	买盘
09:58:36	52.8	-0.06	43	227040	卖盘
09:58:33	52.86	0.06	3	15858	买盘
09:58:30	52.8	--	15	79200	卖盘
09:58:27	52.8	-0.06	39	205920	卖盘
09:58:24	52.86	--	8	42288	买盘
09:58:21	52.86	--	9	47574	买盘
09:58:18	52.86	--	1	5286	买盘
09:58:15	52.86	--	10	52860	买盘
09:58:12	52.86	--	7	37002	买盘
09:58:06	52.86	-0.05	4	21144	卖盘
09:58:03	52.91	0.03	1	5291	卖盘
09:57:57	52.88	-0.12	27	142776	中性盘
09:57:54	53.0	0.09	23	121900	买盘
09:57:51	52.91	-0.07	5	26455	卖盘
09:57:48	52.98	-0.02	1	5298	中性盘
09:57:36	53.0	-0.01	138	731400	卖盘
09:57:33	53.01	-0.05	22	120809	卖盘
09:57:30	53.06	0.05	15	79590	买盘
09:57:27	53.01	-0.05	20	107133	卖盘
09:57:24	53.06	0.02	19	100814	买盘
09:57:21	53.04	-0.04	48	254592	卖盘
09:57:18	53.08	-0.01	6	31848	卖盘
09:57:15	53.09	0.03	41	217669	买盘
09:57:12	53.06	-0.02	23	122038	卖盘
09:57:09	53.08	--	39	207012	买盘
09:57:06	53.08	0.02	21	111468	买盘
09:57:03	53.06	-0.01	15	79590	卖盘
09:57:00	53.07	-0.01	12	63684	中性盘
09:56:57	53.08	0.08	144	764352	买盘
09:56:51	53.0	-0.05	1	5300	卖盘
09:56:48	53.05	0.05	14	74270	买盘
09:56:42	53.0	0.09	56	296800	买盘
09:56:36	52.91	0.01	2	10582	买盘
09:56:33	52.9	--	1	5290	卖盘
09:56:30	52.9	0.05	80	423200	买盘
09:56:27	52.85	--	8	42280	买盘
09:56:24	52.85	--	5	26425	买盘
09:56:15	52.85	0.05	11	58135	买盘
09:56:12	52.8	0.02	43	227040	买盘
09:56:09	52.78	--	9	47502	买盘
09:56:06	52.78	--	35	184730	买盘
09:56:03	52.78	-0.01	39	205842	中性盘
09:55:57	52.79	--	7	36953	买盘
09:55:54	52.79	0.05	34	179486	买盘
09:55:51	52.74	-0.05	7	36918	中性盘
09:55:48	52.79	0.05	10	52790	买盘
09:55:45	52.74	--	25	131850	买盘
09:55:42	52.74	--	44	232056	买盘
09:55:36	52.74	0.04	8	42192	买盘
09:55:33	52.7	--	30	158100	卖盘
09:55:30	52.7	--	17	89590	卖盘
09:55:27	52.7	0.04	96	505920	买盘
09:55:24	52.66	--	16	84256	卖盘
09:55:21	52.66	--	29	152714	卖盘
09:55:18	52.66	--	4	21064	卖盘
09:55:15	52.66	--	25	131650	卖盘
09:55:12	52.66	--	60	315960	卖盘
09:55:06	52.66	--	18	94788	卖盘
09:55:03	52.66	--	31	163246	卖盘
09:55:00	52.66	0.13	44	231703	买盘
09:54:57	52.53	-0.13	7	36771	卖盘
09:54:51	52.66	--	50	263300	买盘
09:54:48	52.66	0.13	1	5266	买盘
09:54:45	52.53	-0.13	3	15759	卖盘
09:54:42	52.66	--	12	63191	买盘
09:54:39	52.66	--	5	26330	买盘
09:54:36	52.66	-0.04	8	42128	卖盘
09:54:27	52.7	-0.04	7	36890	卖盘
09:54:21	52.74	--	15	79110	买盘
09:54:18	52.74	-0.05	29	152946	卖盘
09:54:15	52.79	0.05	1	5279	买盘
09:54:12	52.74	-0.05	2	10548	卖盘
09:54:09	52.79	--	6	31674	卖盘
09:54:06	52.79	-0.01	2	10558	卖盘
09:54:03	52.8	0.01	5	26400	买盘
09:54:00	52.79	-0.01	3	15837	买盘
09:53:51	52.8	0.14	1	5280	买盘
09:53:42	52.66	0.16	2	10532	卖盘
09:53:39	52.5	--	58	304500	卖盘
09:53:36	52.5	-0.16	172	903000	卖盘
09:53:33	52.66	0.04	1	5266	买盘
09:53:24	52.62	--	2	10524	中性盘
09:53:18	52.62	0.12	10	52620	买盘
09:53:15	52.5	-0.06	27	141750	卖盘
09:53:12	52.56	0.17	185	972360	买盘
09:53:09	52.39	-0.01	104	544856	卖盘
09:53:06	52.4	--	2	10480	卖盘
09:53:03	52.4	-0.1	12	62880	卖盘
09:53:00	52.5	0.11	11	57750	买盘
09:52:57	52.39	-0.1	2	10478	卖盘
09:52:54	52.49	0.1	8	41992	买盘
09:52:51	52.39	0.01	20	104780	中性盘
09:52:48	52.38	-0.01	10	52380	卖盘
09:52:45	52.39	0.04	5	26195	买盘
09:52:42	52.35	-0.04	15	78525	卖盘
09:52:39	52.39	0.01	5	26195	买盘
09:52:36	52.38	0.06	1	5238	买盘
09:52:33	52.32	0.02	11	57552	卖盘
09:52:27	52.3	-0.06	99	517770	卖盘
09:52:24	52.36	-0.03	2	10472	中性盘
09:52:21	52.39	0.07	35	183365	买盘
09:52:18	52.32	--	5	26160	卖盘
09:52:15	52.32	0.01	4	20928	买盘
09:52:12	52.31	0.01	10	52310	买盘
09:52:09	52.3	-0.02	71	371330	卖盘
09:52:06	52.32	--	25	130800	卖盘
09:52:03	52.32	--	75	392400	买盘
09:52:00	52.32	-0.08	8	41856	卖盘
09:51:57	52.4	0.08	19	99560	买盘
09:51:54	52.32	-0.03	7	36624	卖盘
09:51:48	52.35	0.04	2	10470	买盘
09:51:45	52.31	--	2	10462	卖盘
09:51:42	52.31	--	23	120313	卖盘
09:51:39	52.31	--	37	193547	卖盘
09:51:36	52.31	--	24	125544	卖盘
09:51:33	52.31	-0.09	3	15693	卖盘
09:51:30	52.4	0.09	47	246280	买盘
09:51:27	52.31	-0.14	18	94158	卖盘
09:51:24	52.45	0.05	1	5245	买盘
09:51:21	52.4	-0.05	4	20960	卖盘
09:51:15	52.45	-0.05	1	5245	买盘
09:51:09	52.5	0.1	3	15750	买盘
09:51:06	52.4	-0.1	13	68120	卖盘
09:51:03	52.5	-0.01	3	15750	买盘
09:51:00	52.51	-0.05	2	10502	买盘
09:50:57	52.56	-0.03	4	21024	中性盘
09:50:54	52.59	--	2	10518	买盘
09:50:51	52.59	-0.01	423	2224557	卖盘
09:50:45	52.6	--	5	26300	卖盘
09:50:42	52.6	--	4	21040	买盘
09:50:39	52.6	--	5	26300	买盘
09:50:36	52.6	--	6	31560	买盘
09:50:33	52.6	0.09	2	10520	买盘
09:50:30	52.51	-0.09	224	1176224	卖盘
09:50:27	52.6	--	4	21040	买盘
09:50:21	52.6	--	3	15780	买盘
09:50:18	52.6	0.05	26	136760	买盘
09:50:15	52.55	-0.05	30	157650	卖盘
09:50:12	52.6	--	14	73640	买盘
09:50:09	52.6	--	51	268260	买盘
09:50:06	52.6	--	10	52600	买盘
09:50:03	52.6	--	3	15780	买盘
09:49:57	52.6	-0.06	109	573340	卖盘
09:49:54	52.66	0.03	7	36862	买盘
09:49:48	52.63	-0.07	1	5263	卖盘
09:49:45	52.7	--	11	57970	买盘
09:49:42	52.7	--	5	26350	买盘
09:49:36	52.7	--	3	15810	买盘
09:49:30	52.7	--	1	5270	买盘
09:49:27	52.7	--	2	10540	卖盘
09:49:15	52.7	--	1	5270	卖盘
09:49:12	52.7	0.11	29	152830	买盘
09:49:09	52.59	0.03	9	47331	中性盘
09:49:06	52.56	-0.06	23	120888	卖盘
09:49:00	52.62	0.04	1	5262	中性盘
09:48:51	52.58	-0.04	33	173514	卖盘
09:48:48	52.62	--	11	57882	卖盘
09:48:45	52.62	--	4	21048	卖盘
09:48:42	52.62	0.04	1	5262	中性盘
09:48:39	52.58	--	10	52580	卖盘
09:48:36	52.58	--	10	52580	卖盘
09:48:33	52.58	--	1	5258	卖盘
09:48:30	52.58	--	3	15774	卖盘
09:48:27	52.58	--	9	47322	卖盘
09:48:24	52.58	0.03	7	36806	中性盘
09:48:21	52.55	--	12	63060	卖盘
09:48:18	52.55	--	19	99845	卖盘
09:48:12	52.55	--	8	42040	卖盘
09:48:09	52.55	--	11	57805	卖盘
09:48:06	52.55	--	24	126120	卖盘
09:48:00	52.55	--	9	47295	卖盘
09:47:57	52.55	-0.05	13	68315	卖盘
09:47:54	52.6	0.05	8	42080	买盘
09:47:48	52.55	-0.01	27	141885	卖盘
09:47:45	52.56	-0.14	22	115632	卖盘
09:47:42	52.7	--	1	5270	买盘
09:47:39	52.7	--	2	10540	买盘
09:47:33	52.7	-0.05	13	68510	卖盘
09:47:30	52.75	--	13	68575	买盘
09:47:27	52.75	0.05	4	21100	买盘
09:47:24	52.7	-0.05	20	105400	卖盘
09:47:21	52.75	--	28	147700	买盘
09:47:18	52.75	--	14	73850	买盘
09:47:15	52.75	--	16	84400	买盘
09:47:12	52.75	-0.03	28	152922	卖盘
09:47:09	52.78	0.03	2	10556	中性盘
09:47:06	52.75	--	4	21152	卖盘
09:47:03	52.75	--	8	42200	卖盘
09:47:00	52.75	--	10	52750	卖盘
09:46:57	52.75	-0.01	5	26375	卖盘
09:46:51	52.76	0.01	6	31656	买盘
09:46:48	52.75	--	5	26375	卖盘
09:46:36	52.75	--	15	79125	卖盘
09:46:27	52.75	--	17	89675	买盘
09:46:18	52.75	0.05	2	10550	买盘
09:46:15	52.7	-0.05	9	47430	卖盘
09:46:12	52.75	0.05	5	26375	买盘
09:46:09	52.7	-0.04	1	5270	卖盘
09:46:03	52.74	0.04	3	15822	买盘
09:46:00	52.7	-0.02	302	1591540	卖盘
09:45:57	52.72	--	3	15816	卖盘
09:45:54	52.72	--	11	57992	卖盘
09:45:51	52.72	--	3	15816	卖盘
09:45:48	52.72	0.04	14	73808	买盘
09:45:45	52.68	-0.02	51	268668	卖盘
09:45:42	52.7	0.05	54	284580	买盘
09:45:36	52.65	-0.03	7	36855	卖盘
09:45:33	52.68	--	25	131700	买盘
09:45:27	52.68	-0.02	5	26340	买盘
09:45:24	52.7	0.03	3	15810	买盘
09:45:21	52.67	-0.03	5	26335	卖盘
09:45:18	52.7	--	6	31620	买盘
09:45:15	52.7	--	2	10540	中性盘
09:45:12	52.7	--	20	105400	买盘
09:45:09	52.7	--	33	173910	卖盘
09:45:06	52.7	-0.05	19	100130	卖盘
09:45:03	52.75	--	32	168800	买盘
09:45:00	52.75	0.05	38	200450	买盘
09:44:57	52.7	-0.04	14	73780	卖盘
09:44:54	52.74	--	4	21096	卖盘
09:44:51	52.74	-0.04	40	210960	卖盘
09:44:48	52.78	--	43	226954	买盘
09:44:45	52.78	--	2	10556	买盘
09:44:42	52.78	0.02	6	31668	买盘
09:44:39	52.76	-0.02	13	68588	卖盘
09:44:36	52.78	--	4	21112	买盘
09:44:33	52.78	--	43	226954	买盘
09:44:30	52.78	-0.02	2	10556	中性盘
09:44:27	52.8	0.04	27	142560	买盘
09:44:24	52.76	-0.01	4	21104	卖盘
09:44:21	52.77	-0.05	160	848488	卖盘
09:44:15	52.82	-0.03	7	36974	买盘
09:44:12	52.85	--	27	142695	买盘
09:44:09	52.85	0.01	2	10570	买盘
09:44:06	52.84	0.01	1	5284	卖盘
09:44:03	52.83	-0.03	39	206037	卖盘
09:44:00	52.86	-0.01	3	15858	卖盘
09:43:57	52.87	0.01	11	58157	买盘
09:43:54	52.86	-0.01	4	21144	卖盘
09:43:51	52.87	0.06	29	153323	买盘
09:43:48	52.81	-0.04	5	26405	卖盘
09:43:45	52.85	--	6	31710	卖盘
09:43:39	52.85	-0.03	28	147980	卖盘
09:43:36	52.88	--	44	232672	买盘
09:43:33	52.88	-0.04	38	200944	卖盘
09:43:27	52.92	0.04	3	15876	中性盘
09:43:24	52.88	-0.05	21	111048	卖盘
09:43:21	52.93	--	6	31758	买盘
09:43:18	52.93	0.03	3	15879	买盘
09:43:12	52.9	-0.04	16	84640	卖盘
09:43:06	52.94	0.01	6	31764	买盘
09:42:57	52.93	0.03	10	52930	买盘
09:42:54	52.9	-0.01	1	5290	中性盘
09:42:48	52.91	0.01	13	68783	买盘
09:42:45	52.9	0.01	7	37030	买盘
09:42:42	52.89	-0.01	5	26445	卖盘
09:42:39	52.9	--	1	5290	买盘
09:42:36	52.9	--	24	126960	卖盘
09:42:33	52.9	--	1	5290	卖盘
09:42:30	52.9	--	5	26450	卖盘
09:42:27	52.9	-0.01	14	74060	卖盘
09:42:24	52.91	--	1	5291	买盘
09:42:21	52.91	0.01	4	21164	买盘
09:42:09	52.9	--	5	26450	卖盘
09:42:06	52.9	0.07	6	31740	中性盘
09:41:57	52.83	-0.07	140	739620	卖盘
09:41:54	52.9	--	15	79350	买盘
09:41:51	52.9	--	12	63480	买盘
09:41:48	52.9	0.01	5	26450	买盘
09:41:45	52.89	-0.01	5	26445	中性盘
09:41:39	52.9	0.01	91	481390	买盘
09:41:36	52.89	-0.01	26	137514	卖盘
09:41:33	52.9	--	11	58190	买盘
09:41:30	52.9	--	17	89930	买盘
09:41:27	52.9	--	6	31740	买盘
09:41:24	52.9	-0.07	9	47610	卖盘
09:41:21	52.97	0.07	1	5297	买盘
09:41:18	52.9	-0.09	17	89930	卖盘
09:41:15	52.99	--	1	5299	卖盘
09:41:09	52.99	0.09	20	105980	买盘
09:41:06	52.9	-0.09	15	79350	卖盘
09:41:03	52.99	--	5	26495	买盘
09:41:00	52.99	0.14	8	42392	买盘
09:40:54	52.85	--	13	68705	卖盘
09:40:51	52.85	-0.14	32	169120	卖盘
09:40:48	52.99	0.09	1	5299	买盘
09:40:42	52.9	-0.05	3	15870	买盘
09:40:39	52.95	-0.05	32	169440	卖盘
09:40:36	53.0	0.1	167	885100	买盘
09:40:33	52.9	-0.05	127	671830	卖盘
09:40:30	52.95	0.01	23	121785	买盘
09:40:27	52.94	-0.01	1	5294	中性盘
09:40:24	52.95	0.03	14	74130	中性盘
09:40:18	52.92	--	16	84672	卖盘
09:40:15	52.92	-0.03	7	37044	卖盘
09:40:12	52.95	0.03	16	84720	买盘
09:40:09	52.92	0.02	144	762048	买盘
09:40:06	52.9	-0.02	23	121670	卖盘
09:40:00	52.92	0.02	5	26460	买盘
09:39:57	52.9	--	5	26450	买盘
09:39:54	52.9	0.05	19	100510	买盘
09:39:51	52.85	--	10	52850	卖盘
09:39:48	52.85	--	17	89845	卖盘
09:39:45	52.85	--	15	80384	卖盘
09:39:42	52.85	--	73	385805	卖盘
09:39:39	52.85	-0.05	6	31710	中性盘
09:39:33	52.9	0.05	262	1385980	买盘
09:39:30	52.85	-0.05	38	200830	卖盘
09:39:24	52.9	--	90	476100	买盘
09:39:21	52.9	--	15	79350	买盘
09:39:18	52.9	--	11	58190	买盘
09:39:09	52.9	0.11	3	15870	买盘
09:39:06	52.79	0.05	29	153091	卖盘
09:39:03	52.74	--	30	158220	买盘
09:39:00	52.74	--	1	5274	买盘
09:38:57	52.74	--	25	131850	买盘
09:38:54	52.74	0.04	22	116028	买盘
09:38:51	52.7	--	27	142290	买盘
09:38:48	52.7	-0.04	56	295120	卖盘
09:38:42	52.74	-0.21	13	68562	卖盘
09:38:39	52.95	0.21	6	31770	买盘
09:38:36	52.74	-0.21	1	5274	卖盘
09:38:33	52.95	0.22	9	47655	买盘
09:38:30	52.73	-0.26	10	52730	卖盘
09:38:27	52.99	0.32	9	47691	买盘
09:38:18	52.67	--	2	10534	买盘
09:38:15	52.67	--	5	26335	买盘
09:38:12	52.67	-0.32	9	47403	卖盘
09:38:09	52.99	0.03	10	52990	买盘
09:38:06	52.96	0.23	10	54072	买盘
09:38:03	52.73	--	1	5273	买盘
09:37:57	52.73	0.18	10	52730	买盘
09:37:54	52.55	-0.05	6	31530	中性盘
09:37:51	52.6	0.05	24	126240	买盘
09:37:48	52.55	0.03	5	26275	买盘
09:37:45	52.52	-0.01	16	84032	卖盘
09:37:42	52.53	0.01	1	5253	买盘
09:37:39	52.52	--	1	5252	卖盘
09:37:36	52.52	--	4	21008	中性盘
09:37:33	52.52	0.02	37	194324	买盘
09:37:30	52.5	-0.03	5	26250	卖盘
09:37:27	52.53	--	10	52530	买盘
09:37:24	52.53	0.03	16	84048	买盘
09:37:21	52.5	--	16	84000	买盘
09:37:18	52.5	--	17	89250	买盘
09:37:15	52.5	-0.05	76	399000	卖盘
09:37:12	52.55	--	12	63060	买盘
09:37:09	52.55	0.05	33	173415	中性盘
09:37:06	52.5	-0.01	24	126000	卖盘
09:37:03	52.51	-0.09	18	94518	卖盘
09:37:00	52.6	--	35	184100	买盘
09:36:54	52.6	0.09	19	99940	买盘
09:36:51	52.51	0.01	1	5251	卖盘
09:36:48	52.5	-0.1	13	68250	卖盘
09:36:45	52.6	-0.02	24	130395	卖盘
09:36:42	52.62	0.02	12	64249	买盘
09:36:39	52.6	0.1	32	168320	买盘
09:36:36	52.5	-0.1	83	435750	卖盘
09:36:33	52.6	--	29	152540	卖盘
09:36:30	52.6	--	28	147280	卖盘
09:36:27	52.6	--	33	173580	卖盘
09:36:24	52.6	-0.01	12	63120	卖盘
09:36:21	52.61	-0.01	3	15783	中性盘
09:36:18	52.62	--	29	152598	买盘
09:36:15	52.62	--	52	273624	买盘
09:36:09	52.62	--	6	31572	买盘
09:36:06	52.62	-0.08	80	420960	卖盘
09:36:03	52.7	-0.03	39	205530	中性盘
09:36:00	52.73	0.08	3	15818	买盘
09:35:57	52.65	-0.05	102	537030	卖盘
09:35:54	52.7	-0.01	43	226610	卖盘
09:35:51	52.71	-0.09	17	89607	卖盘
09:35:48	52.8	--	1	5280	买盘
09:35:45	52.8	--	9	47520	买盘
09:35:42	52.8	--	37	195360	买盘
09:35:39	52.8	-0.1	31	163680	卖盘
09:35:36	52.9	0.07	285	1507650	买盘
09:35:30	52.83	-0.07	1	5283	卖盘
09:35:27	52.9	--	15	79350	买盘
09:35:21	52.9	--	22	116380	买盘
09:35:18	52.9	-0.2	88	465520	卖盘
09:35:15	53.1	0.1	73	387630	买盘
09:35:09	53.0	-0.08	118	625400	卖盘
09:35:03	53.08	0.01	39	207012	买盘
09:35:00	53.07	-0.01	2	10614	中性盘
09:34:57	53.08	--	54	286632	买盘
09:34:54	53.08	--	5	26540	买盘
09:34:51	53.08	0.06	31	164548	买盘
09:34:45	53.02	-0.06	14	74228	卖盘
09:34:42	53.08	0.06	60	318480	买盘
09:34:39	53.02	-0.05	15	79530	卖盘
09:34:36	53.07	--	1	5307	卖盘
09:34:33	53.07	--	4	21228	卖盘
09:34:30	53.07	0.05	12	63684	买盘
09:34:27	53.02	0.03	2	10604	卖盘
09:34:21	52.99	--	51	270249	卖盘
09:34:18	52.99	-0.01	5	26495	卖盘
09:34:15	53.0	-0.02	23	121900	卖盘
09:34:12	53.02	0.03	1	5302	买盘
09:34:09	52.99	-0.01	22	116578	卖盘
09:34:06	53.0	--	70	371000	买盘
09:34:00	53.0	0.01	18	95400	买盘
09:33:57	52.99	-0.01	12	63588	卖盘
09:33:54	53.0	--	21	111300	买盘
09:33:51	53.0	--	30	159000	买盘
09:33:48	53.0	0.01	4	21200	买盘
09:33:45	52.99	-0.01	11	58289	卖盘
09:33:42	53.0	--	34	180200	买盘
09:33:39	53.0	--	10	53000	买盘
09:33:36	53.0	0.01	57	302100	买盘
09:33:33	52.99	--	10	52990	卖盘
09:33:24	52.99	-0.01	4	21196	卖盘
09:33:21	53.0	--	10	53000	卖盘
09:33:18	53.0	-0.07	14	74200	卖盘
09:33:12	53.07	0.07	22	116754	买盘
09:33:09	53.0	--	2	10600	卖盘
09:33:06	53.0	-0.05	71	376300	卖盘
09:33:03	53.05	0.05	10	53050	买盘
09:33:00	53.0	-0.1	12	63600	卖盘
09:32:57	53.1	--	9	47790	买盘
09:32:51	53.1	0.03	28	148680	买盘
09:32:48	53.07	--	11	58377	卖盘
09:32:45	53.07	-0.03	26	137982	卖盘
09:32:42	53.1	-0.04	28	148680	卖盘
09:32:39	53.14	--	56	297584	买盘
09:32:36	53.14	0.04	5	26570	买盘
09:32:30	53.1	--	10	53100	买盘
09:32:27	53.1	--	2	10620	买盘
09:32:24	53.1	-0.1	18	95580	卖盘
09:32:21	53.2	0.05	44	234080	买盘
09:32:18	53.15	--	37	196655	买盘
09:32:15	53.15	--	5	26575	买盘
09:32:12	53.15	-0.05	15	79725	买盘
09:32:09	53.2	-0.05	52	276640	卖盘
09:32:06	53.25	0.05	6	31950	买盘
09:32:00	53.2	0.01	41	218120	买盘
09:31:57	53.19	-0.01	13	69147	卖盘
09:31:54	53.2	--	7	37240	中性盘
09:31:48	53.2	0.1	15	79800	买盘
09:31:45	53.1	--	27	143370	卖盘
09:31:42	53.1	-0.05	15	79650	卖盘
09:31:39	53.15	--	1	5315	买盘
09:31:36	53.15	--	1	5315	卖盘
09:31:33	53.15	0.05	35	186025	买盘
09:31:30	53.1	--	1	5310	买盘
09:31:24	53.1	0.1	53	281430	买盘
09:31:21	53.0	--	11	58300	买盘
09:31:18	53.0	0.01	20	106000	买盘
09:31:15	52.99	--	109	577591	卖盘
09:31:12	52.99	0.09	7	37093	卖盘
09:31:09	52.9	--	10	52900	卖盘
09:31:06	52.9	--	2	10580	卖盘
09:31:00	52.9	--	7	37030	卖盘
09:30:57	52.9	-0.1	47	248630	卖盘
09:30:54	53.0	0.1	21	111300	买盘
09:30:45	52.9	-0.15	5	26450	卖盘
09:30:39	53.05	0.15	7	37135	买盘
09:30:36	52.9	-0.1	21	111090	卖盘
09:30:30	53.0	0.09	3	15900	卖盘
09:30:21	52.91	-0.09	1	5291	卖盘
09:30:12	53.0	0.1	5	26500	买盘
09:30:09	52.9	--	22	116380	卖盘
09:30:06	52.9	0.01	151	798790	买盘
09:30:03	52.89	0.19	8	42312	中性盘
09:25:03	52.7	52.7	132	695640	买盘
