成交时间	成交价	价格变动	成交量(手)	成交额(元)	性质
15:00:03	35.78	--	32	114496	卖盘
14:57:03	35.78	--	0	0	卖盘
14:56:21	35.78	--	1	3578	卖盘
14:55:45	35.78	--	6	21468	卖盘
14:55:36	35.78	--	10	35780	卖盘
14:55:24	35.78	--	7	25046	卖盘
14:55:21	35.78	--	1	3578	卖盘
14:54:15	35.78	--	2	7156	卖盘
14:54:12	35.78	--	10	35780	卖盘
14:54:09	35.78	--	1	3578	卖盘
14:53:39	35.78	--	2	7156	卖盘
14:53:24	35.78	--	25	89450	卖盘
14:53:15	35.78	--	30	107340	卖盘
14:53:00	35.78	--	5	17890	卖盘
14:52:03	35.78	--	4	14312	卖盘
14:51:18	35.78	--	10	35780	卖盘
14:51:03	35.78	--	6	21468	卖盘
14:51:00	35.78	--	3	10734	卖盘
14:50:27	35.78	--	2	7156	卖盘
14:50:06	35.78	--	1	3578	卖盘
14:50:00	35.78	--	20	71560	卖盘
14:49:48	35.78	--	2	7156	卖盘
14:49:03	35.78	--	1	3578	卖盘
14:48:51	35.78	--	10	35780	卖盘
14:48:42	35.78	--	1	3578	卖盘
14:48:36	35.78	--	12	42936	卖盘
14:48:30	35.78	--	35	125230	卖盘
14:48:24	35.78	--	3	10734	卖盘
14:48:12	35.78	--	50	178900	卖盘
14:47:39	35.78	--	3	10734	卖盘
14:47:03	35.78	--	3	10734	卖盘
14:45:39	35.78	--	15	53670	卖盘
14:45:24	35.78	--	1	3578	卖盘
14:45:06	35.78	--	7	25046	卖盘
14:44:39	35.78	--	17	60826	卖盘
14:44:21	35.78	--	2	7156	卖盘
14:43:27	35.78	--	10	35780	卖盘
14:43:21	35.78	--	2	7156	卖盘
14:43:00	35.78	--	5	17890	卖盘
14:42:48	35.78	--	67	239726	卖盘
14:42:36	35.78	--	2	7156	卖盘
14:42:18	35.78	--	3	10734	卖盘
14:42:09	35.78	--	2	7156	卖盘
14:41:21	35.78	--	6	21468	卖盘
14:38:06	35.78	--	1	3578	卖盘
14:37:36	35.78	--	2	7156	卖盘
14:37:24	35.78	--	5	17890	卖盘
14:37:09	35.78	--	9	32202	卖盘
14:35:48	35.78	--	3	10734	卖盘
14:33:54	35.78	--	1	3578	卖盘
14:33:39	35.78	--	3	10734	卖盘
14:33:18	35.78	--	16	57248	卖盘
14:33:00	35.78	--	10	35780	卖盘
14:32:27	35.78	--	21	75138	卖盘
14:32:21	35.78	--	6	21468	卖盘
14:31:48	35.78	--	1	3578	卖盘
14:31:42	35.78	--	1	3578	卖盘
14:31:09	35.78	--	8	28624	卖盘
14:30:42	35.78	--	7	25046	卖盘
14:30:27	35.78	--	1	3578	卖盘
14:29:54	35.78	--	2	7156	卖盘
14:29:15	35.78	--	6	21468	卖盘
14:22:24	35.78	--	4	14312	卖盘
14:22:12	35.78	--	10	35780	卖盘
14:21:06	35.78	--	3	10734	卖盘
14:21:03	35.78	--	6	21468	卖盘
14:19:54	35.78	--	10	35780	卖盘
14:19:42	35.78	--	5	17890	卖盘
14:19:03	35.78	--	1	3578	卖盘
14:18:27	35.78	--	2	7156	卖盘
14:16:21	35.78	--	6	21468	卖盘
14:12:51	35.78	--	2	7156	卖盘
14:11:03	35.78	--	15	53670	卖盘
14:10:45	35.78	--	2	7156	卖盘
14:07:30	35.78	--	6	21468	卖盘
14:06:30	35.78	--	12	42936	卖盘
14:05:30	35.78	--	1	3578	卖盘
14:04:33	35.78	--	10	35780	卖盘
14:04:00	35.78	--	3	10734	卖盘
14:03:15	35.78	--	5	17890	卖盘
14:01:30	35.78	--	1	3578	卖盘
13:59:30	35.78	--	1	3578	卖盘
13:59:00	35.78	--	3	10734	卖盘
13:58:39	35.78	--	2	7156	卖盘
13:57:54	35.78	--	1	3578	卖盘
13:56:00	35.78	--	20	71560	卖盘
13:52:54	35.78	--	6	21468	卖盘
13:52:39	35.78	--	10	35780	卖盘
13:52:12	35.78	--	5	17890	卖盘
13:51:18	35.78	--	4	14312	卖盘
13:50:36	35.78	--	1	3578	卖盘
13:49:33	35.78	--	1	3578	卖盘
13:49:21	35.78	--	10	35780	卖盘
13:48:36	35.78	--	10	35780	卖盘
13:46:57	35.78	--	6	21468	卖盘
13:46:18	35.78	--	2	7156	卖盘
13:45:51	35.78	--	6	21468	卖盘
13:45:33	35.78	--	2	7156	卖盘
13:45:21	35.78	--	2	7156	卖盘
13:45:06	35.78	--	8	28624	卖盘
13:42:18	35.78	--	10	35780	卖盘
13:41:36	35.78	--	4	14312	卖盘
13:39:06	35.78	--	4	14312	卖盘
13:38:54	35.78	--	3	10734	卖盘
13:38:51	35.78	--	5	17890	卖盘
13:38:24	35.78	--	1	3578	卖盘
13:38:12	35.78	--	3	10734	卖盘
13:36:54	35.78	--	38	135964	卖盘
13:36:15	35.78	--	10	35780	卖盘
13:34:09	35.78	--	20	71560	卖盘
13:33:09	35.78	--	3	10734	卖盘
13:31:12	35.78	--	10	35780	卖盘
13:30:45	35.78	--	5	17890	卖盘
13:28:09	35.78	--	3	10734	卖盘
13:27:36	35.78	--	10	35780	卖盘
13:27:06	35.78	--	10	35780	卖盘
13:22:42	35.78	--	3	10734	卖盘
13:22:09	35.78	--	6	21468	卖盘
13:15:33	35.78	--	5	17890	卖盘
13:14:24	35.78	--	5	17890	卖盘
13:13:00	35.78	--	6	21468	卖盘
13:11:06	35.78	--	41	146698	卖盘
13:10:45	35.78	--	3	10734	卖盘
13:10:42	35.78	--	5	17890	卖盘
13:10:33	35.78	--	3	10734	卖盘
13:09:48	35.78	--	1	3578	卖盘
13:09:21	35.78	--	10	35780	卖盘
13:09:09	35.78	--	3	10734	卖盘
13:08:57	35.78	--	1	3578	卖盘
13:08:36	35.78	--	2	7156	卖盘
13:08:09	35.78	--	2	7156	卖盘
13:04:36	35.78	--	2	7156	卖盘
13:04:30	35.78	--	16	57248	卖盘
13:02:33	35.78	--	30	107340	卖盘
13:02:00	35.78	--	1	3578	卖盘
13:01:42	35.78	--	2	7156	卖盘
13:01:36	35.78	--	1	3578	卖盘
13:01:21	35.78	--	10	35780	卖盘
13:00:54	35.78	--	11	39358	卖盘
13:00:21	35.78	--	2	7156	卖盘
13:00:15	35.78	--	3	10734	卖盘
13:00:09	35.78	--	2	7156	卖盘
13:00:06	35.78	--	8	28624	卖盘
13:00:03	35.78	--	0	0	卖盘
11:30:03	35.78	--	0	0	卖盘
11:29:51	35.78	--	2	7156	卖盘
11:28:48	35.78	--	3	10734	卖盘
11:28:36	35.78	--	2	7156	卖盘
11:27:57	35.78	--	2	7156	卖盘
11:27:39	35.78	--	1	3578	卖盘
11:27:36	35.78	--	2	7156	卖盘
11:27:30	35.78	--	3	10734	卖盘
11:24:39	35.78	--	2	7156	卖盘
11:24:15	35.78	--	2	7156	卖盘
11:23:42	35.78	--	5	17890	卖盘
11:22:12	35.78	--	3	10734	卖盘
11:21:51	35.78	--	15	53670	卖盘
11:21:39	35.78	--	4	14312	卖盘
11:21:21	35.78	--	1	3578	卖盘
11:21:03	35.78	--	10	35780	卖盘
11:21:00	35.78	--	7	25046	卖盘
11:17:57	35.78	--	2	7156	卖盘
11:17:15	35.78	--	8	28624	卖盘
11:16:42	35.78	--	30	107340	卖盘
11:13:57	35.78	--	2	7156	卖盘
11:11:18	35.78	--	18	64404	卖盘
11:11:12	35.78	--	1	3578	卖盘
11:11:09	35.78	--	5	17890	卖盘
11:09:45	35.78	--	3	10734	卖盘
11:09:39	35.78	--	10	35780	卖盘
11:09:33	35.78	--	3	10734	卖盘
11:09:12	35.78	--	5	17890	卖盘
11:08:54	35.78	--	2	7156	卖盘
11:07:27	35.78	--	1	3578	卖盘
11:07:21	35.78	--	6	21468	卖盘
11:06:27	35.78	--	1	3578	卖盘
11:06:21	35.78	--	5	17890	卖盘
11:05:42	35.78	--	1	3578	卖盘
11:05:09	35.78	--	5	17890	卖盘
11:04:33	35.78	--	4	14312	卖盘
11:03:57	35.78	--	10	35780	卖盘
11:03:51	35.78	--	143	511654	卖盘
11:03:24	35.78	--	5	17890	卖盘
11:03:12	35.78	--	4	14312	卖盘
11:03:03	35.78	--	5	17890	卖盘
11:02:12	35.78	--	10	35780	卖盘
11:01:15	35.78	--	1	3578	卖盘
10:59:24	35.78	--	2	7156	卖盘
10:58:51	35.78	--	2	7156	卖盘
10:58:45	35.78	--	2	7156	卖盘
10:57:39	35.78	--	7	25046	卖盘
10:55:21	35.78	--	100	357800	卖盘
10:55:15	35.78	--	5	17890	卖盘
10:53:57	35.78	--	1	3578	卖盘
10:53:54	35.78	--	7	25403	卖盘
10:52:15	35.78	--	3	10734	卖盘
10:50:33	35.78	--	2	7156	卖盘
10:50:03	35.78	--	1	3578	卖盘
10:50:00	35.78	--	3	10734	卖盘
10:49:33	35.78	--	2	7156	卖盘
10:49:06	35.78	--	2	7156	卖盘
10:48:24	35.78	--	3	10734	卖盘
10:47:42	35.78	--	60	214680	卖盘
10:46:24	35.78	--	5	17890	卖盘
10:45:15	35.78	--	6	21468	卖盘
10:44:48	35.78	--	2	7156	卖盘
10:44:30	35.78	--	1	3578	卖盘
10:44:03	35.78	--	2	7156	卖盘
10:43:42	35.78	--	91	325598	卖盘
10:42:45	35.78	--	2	7156	卖盘
10:42:21	35.78	--	2	7156	卖盘
10:41:30	35.78	--	1	3578	卖盘
10:41:06	35.78	--	5	17890	卖盘
10:40:42	35.78	--	1	3578	卖盘
10:40:12	35.78	--	1	3578	卖盘
10:39:39	35.78	--	2	7156	卖盘
10:39:33	35.78	--	1	3578	卖盘
10:38:30	35.78	--	10	35780	卖盘
10:38:12	35.78	--	88	314864	卖盘
10:37:15	35.78	--	1	3578	卖盘
10:35:51	35.78	--	1	3578	卖盘
10:35:45	35.78	--	2	7156	卖盘
10:35:27	35.78	--	19	67982	卖盘
10:35:12	35.78	--	2	7156	卖盘
10:34:54	35.78	--	38	135964	卖盘
10:34:45	35.78	--	9	32202	卖盘
10:34:36	35.78	--	10	35780	卖盘
10:34:21	35.78	--	8	28624	卖盘
10:34:09	35.78	--	12	42936	卖盘
10:33:51	35.78	--	2	7156	卖盘
10:33:45	35.78	--	3	10734	卖盘
10:33:21	35.78	--	6	21468	卖盘
10:33:06	35.78	--	5	17890	卖盘
10:32:21	35.78	--	10	35780	卖盘
10:32:12	35.78	--	3	10734	卖盘
10:32:09	35.78	--	2	7156	卖盘
10:31:12	35.78	--	10	35780	卖盘
10:31:03	35.78	--	10	35780	卖盘
10:30:27	35.78	--	4	14312	卖盘
10:29:51	35.78	--	40	143120	卖盘
10:29:24	35.78	--	10	35780	卖盘
10:29:06	35.78	--	2	7156	卖盘
10:29:00	35.78	--	10	35780	卖盘
10:28:36	35.78	--	3	10734	卖盘
10:28:06	35.78	--	2	7156	卖盘
10:27:09	35.78	--	3	10734	卖盘
10:26:03	35.78	--	4	14312	卖盘
10:25:54	35.78	--	12	42936	卖盘
10:25:51	35.78	--	8	28624	卖盘
10:25:45	35.78	--	3	10734	卖盘
10:25:39	35.78	--	2	7156	卖盘
10:25:12	35.78	--	2	7156	卖盘
10:24:45	35.78	--	3	10734	卖盘
10:24:39	35.78	--	2	7156	卖盘
10:24:36	35.78	--	10	35780	卖盘
10:24:33	35.78	--	5	17890	卖盘
10:24:30	35.78	--	10	35780	卖盘
10:24:27	35.78	--	2	7156	卖盘
10:24:06	35.78	--	1	3578	卖盘
10:24:03	35.78	--	12	42936	卖盘
10:23:54	35.78	--	4	14312	卖盘
10:23:51	35.78	--	2	7156	卖盘
10:23:42	35.78	--	4	14312	卖盘
10:23:36	35.78	--	1	3578	卖盘
10:23:18	35.78	--	1	3578	卖盘
10:21:54	35.78	--	10	35780	卖盘
10:21:48	35.78	--	2	7156	卖盘
10:21:15	35.78	--	5	17890	卖盘
10:21:00	35.78	--	75	268350	卖盘
10:20:51	35.78	--	7	25046	卖盘
10:20:48	35.78	--	1	3578	卖盘
10:20:39	35.78	--	10	35780	卖盘
10:20:27	35.78	--	20	71560	卖盘
10:19:57	35.78	--	3	10734	卖盘
10:19:36	35.78	--	1	3578	卖盘
10:19:27	35.78	--	4	14312	卖盘
10:19:03	35.78	--	3	10734	卖盘
10:19:00	35.78	--	2	7156	卖盘
10:18:51	35.78	--	4	14312	卖盘
10:18:45	35.78	--	1	3578	卖盘
10:18:33	35.78	--	2	7156	卖盘
10:18:24	35.78	--	3	10734	卖盘
10:18:15	35.78	--	10	35780	卖盘
10:17:54	35.78	--	9	32202	卖盘
10:17:33	35.78	--	1	3578	卖盘
10:17:12	35.78	--	2	7156	卖盘
10:16:57	35.78	--	76	271928	卖盘
10:16:36	35.78	--	1	3578	卖盘
10:16:21	35.78	--	5	17890	卖盘
10:16:15	35.78	--	24	85872	卖盘
10:15:27	35.78	--	6	21468	卖盘
10:15:18	35.78	--	11	39358	卖盘
10:14:51	35.78	--	2	7156	卖盘
10:14:45	35.78	--	3	10734	卖盘
10:14:30	35.78	--	7	25046	卖盘
10:14:24	35.78	--	4	14312	卖盘
10:14:00	35.78	--	50	178900	卖盘
10:13:51	35.78	--	7	25046	卖盘
10:13:45	35.78	--	39	139542	卖盘
10:13:39	35.78	--	1	3578	卖盘
10:13:24	35.78	--	7	25046	卖盘
10:13:15	35.78	--	1	3578	卖盘
10:13:06	35.78	--	2	7156	卖盘
10:12:39	35.78	--	2	7156	卖盘
10:12:30	35.78	--	4	14312	卖盘
10:12:15	35.78	--	1	3578	卖盘
10:12:12	35.78	--	2	7156	卖盘
10:11:18	35.78	--	1	3578	卖盘
10:10:54	35.78	--	2	7156	卖盘
10:10:39	35.78	--	1	3578	卖盘
10:10:33	35.78	--	5	17890	卖盘
10:10:27	35.78	--	1	3578	卖盘
10:10:18	35.78	--	2	7156	卖盘
10:10:15	35.78	--	2	7156	卖盘
10:09:33	35.78	--	34	121652	卖盘
10:09:09	35.78	--	2	7156	卖盘
10:08:57	35.78	--	1	3578	卖盘
10:08:51	35.78	--	8	28624	卖盘
10:08:48	35.78	--	3	10734	卖盘
10:08:42	35.78	--	1	3578	卖盘
10:08:09	35.78	--	3	10734	卖盘
10:08:00	35.78	--	5	17890	卖盘
10:07:39	35.78	--	1	3578	卖盘
10:07:15	35.78	--	4	14312	卖盘
10:07:09	35.78	--	3	10734	卖盘
10:06:48	35.78	--	3	10734	卖盘
10:06:36	35.78	--	14	50092	卖盘
10:06:12	35.78	--	2	7156	卖盘
10:05:39	35.78	--	100	357800	卖盘
10:05:15	35.78	--	9	32202	卖盘
10:04:54	35.78	--	1	3578	卖盘
10:04:45	35.78	--	56	200368	卖盘
10:04:36	35.78	--	6	21468	卖盘
10:04:33	35.78	--	20	71560	卖盘
10:04:12	35.78	--	3	10734	卖盘
10:04:00	35.78	--	11	39358	卖盘
10:03:33	35.78	--	2	7156	卖盘
10:03:21	35.78	--	10	35780	卖盘
10:03:12	35.78	--	100	357800	卖盘
10:03:00	35.78	--	4	14312	卖盘
10:02:54	35.78	--	50	178900	卖盘
10:02:30	35.78	--	5	17890	卖盘
10:02:27	35.78	--	30	107340	卖盘
10:02:21	35.78	--	10	35780	卖盘
10:01:57	35.78	--	80	286240	卖盘
10:01:51	35.78	--	8	28624	卖盘
10:01:48	35.78	--	35	125230	卖盘
10:01:45	35.78	--	3	10734	卖盘
10:01:36	35.78	--	6	21468	卖盘
10:01:33	35.78	--	3	10734	卖盘
10:01:30	35.78	--	3	10734	卖盘
10:01:21	35.78	--	26	93028	卖盘
10:01:15	35.78	--	1	3578	卖盘
10:01:03	35.78	--	30	107340	卖盘
10:00:51	35.78	--	6	21468	卖盘
10:00:42	35.78	--	1	3578	卖盘
10:00:24	35.78	--	50	178900	卖盘
10:00:21	35.78	--	13	46514	卖盘
10:00:18	35.78	--	8	28624	卖盘
10:00:15	35.78	--	35	125230	卖盘
10:00:03	35.78	--	9	32202	卖盘
09:59:54	35.78	--	2	7156	卖盘
09:59:42	35.78	--	4	14312	卖盘
09:59:39	35.78	--	6	21468	卖盘
09:59:36	35.78	--	1	3578	卖盘
09:59:27	35.78	--	30	107340	卖盘
09:59:24	35.78	--	6	21468	卖盘
09:58:54	35.78	--	12	42936	卖盘
09:58:45	35.78	--	1	3578	卖盘
09:58:42	35.78	--	2	7156	卖盘
09:58:30	35.78	--	10	35780	卖盘
09:58:27	35.78	--	39	139542	卖盘
09:58:24	35.78	--	10	35780	卖盘
09:58:15	35.78	--	5	17890	卖盘
09:58:00	35.78	--	15	53670	卖盘
09:57:54	35.78	--	6	21468	卖盘
09:57:51	35.78	--	10	35780	卖盘
09:57:45	35.78	--	20	71560	卖盘
09:57:42	35.78	--	4	14312	卖盘
09:57:39	35.78	--	25	89450	卖盘
09:57:36	35.78	--	3	10734	卖盘
09:57:33	35.78	--	1	3578	卖盘
09:57:27	35.78	--	1	3578	卖盘
09:57:21	35.78	--	1	3578	卖盘
09:57:18	35.78	--	98	350644	卖盘
09:57:15	35.78	--	2	7156	卖盘
09:57:12	35.78	--	1	3578	卖盘
09:57:09	35.78	--	10	35780	卖盘
09:57:06	35.78	--	2	7156	卖盘
09:57:00	35.78	--	2	7156	卖盘
09:56:57	35.78	--	19	67982	卖盘
09:56:54	35.78	--	4	14312	卖盘
09:56:48	35.78	--	137	490186	卖盘
09:56:45	35.78	--	10	35780	卖盘
09:56:36	35.78	--	5	17890	卖盘
09:56:33	35.78	--	16	57248	卖盘
09:56:30	35.78	--	15	53670	卖盘
09:56:27	35.78	--	6	21468	卖盘
09:56:24	35.78	--	13	46514	卖盘
09:56:21	35.78	--	4	14312	卖盘
09:56:15	35.78	--	22	78716	卖盘
09:56:12	35.78	--	21	75138	卖盘
09:56:09	35.78	--	3	10734	卖盘
09:56:03	35.78	--	6	21468	卖盘
09:55:54	35.78	--	16	57248	卖盘
09:55:51	35.78	--	38	135964	卖盘
09:55:45	35.78	--	11	39358	卖盘
09:55:39	35.78	--	1	3578	卖盘
09:55:30	35.78	--	2	7156	卖盘
09:55:27	35.78	--	7	25046	卖盘
09:55:24	35.78	--	2	7156	卖盘
09:55:21	35.78	--	22	78716	卖盘
09:55:18	35.78	--	26	93028	卖盘
09:55:15	35.78	--	2	7156	卖盘
09:55:12	35.78	--	7	25046	卖盘
09:55:09	35.78	--	2	7156	卖盘
09:55:06	35.78	--	79	282662	卖盘
09:55:03	35.78	--	17	60826	卖盘
09:55:00	35.78	--	62	221836	卖盘
09:54:57	35.78	--	1	3578	卖盘
09:54:51	35.78	--	6	21468	卖盘
09:54:42	35.78	--	200	715600	卖盘
09:54:39	35.78	--	145	518810	卖盘
09:54:36	35.78	--	1	3578	卖盘
09:54:30	35.78	--	7	25046	卖盘
09:54:24	35.78	--	92	329176	卖盘
09:54:18	35.78	--	3	10734	卖盘
09:54:12	35.78	--	2	7156	卖盘
09:54:09	35.78	--	18	64404	卖盘
09:54:06	35.78	--	13	46514	卖盘
09:54:03	35.78	--	20	71560	卖盘
09:54:00	35.78	--	3	10734	卖盘
09:53:57	35.78	--	10	35780	卖盘
09:53:51	35.78	--	15	53670	卖盘
09:53:48	35.78	--	24	85872	卖盘
09:53:45	35.78	--	6	21468	卖盘
09:53:42	35.78	--	30	107340	卖盘
09:53:39	35.78	--	31	110918	卖盘
09:53:36	35.78	--	8	28624	卖盘
09:53:33	35.78	--	16	57248	卖盘
09:53:30	35.78	--	2	7156	卖盘
09:53:24	35.78	--	43	153854	卖盘
09:53:18	35.78	--	37	132386	卖盘
09:53:12	35.78	--	24	85872	卖盘
09:53:09	35.78	--	30	107340	卖盘
09:53:06	35.78	--	62	221836	卖盘
09:53:03	35.78	--	2	7156	卖盘
09:53:00	35.78	--	4	14312	卖盘
09:52:57	35.78	--	35	125230	卖盘
09:52:54	35.78	--	3	10734	卖盘
09:52:51	35.78	--	3	10734	卖盘
09:52:45	35.78	--	6	21468	卖盘
09:52:42	35.78	--	107	382846	卖盘
09:52:39	35.78	--	204	729912	卖盘
09:52:36	35.78	--	5	17890	卖盘
09:52:33	35.78	--	18	64404	卖盘
09:52:30	35.78	--	13	46514	卖盘
09:52:24	35.78	--	53	189634	卖盘
09:52:21	35.78	--	1	3578	卖盘
09:52:18	35.78	--	10	35780	卖盘
09:52:15	35.78	--	22	78716	卖盘
09:52:09	35.78	--	1	3578	卖盘
09:52:06	35.78	--	3	10734	卖盘
09:52:03	35.78	--	10	35780	卖盘
09:52:00	35.78	--	12	42936	卖盘
09:51:57	35.78	--	2	7156	卖盘
09:51:51	35.78	--	35	125230	卖盘
09:51:48	35.78	--	2	7156	卖盘
09:51:45	35.78	--	20	71560	卖盘
09:51:42	35.78	--	17	60826	卖盘
09:51:39	35.78	--	26	93028	卖盘
09:51:36	35.78	--	6	21468	卖盘
09:51:30	35.78	--	45	161010	卖盘
09:51:27	35.78	--	79	282662	卖盘
09:51:24	35.78	--	16	57248	卖盘
09:51:21	35.78	--	20	71560	卖盘
09:51:18	35.78	--	7	25046	卖盘
09:51:15	35.78	--	14	50092	卖盘
09:51:12	35.78	--	16	57248	卖盘
09:51:09	35.78	--	74	264772	卖盘
09:51:06	35.78	--	4	14312	卖盘
09:51:03	35.78	--	53	189634	卖盘
09:51:00	35.78	--	147	525966	卖盘
09:50:57	35.78	--	24	85872	卖盘
09:50:54	35.78	--	10	35780	卖盘
09:50:51	35.78	--	12	42936	卖盘
09:50:48	35.78	--	47	168166	卖盘
09:50:45	35.78	--	23	82294	卖盘
09:50:42	35.78	--	3	10734	卖盘
09:50:39	35.78	--	66	236148	卖盘
09:50:36	35.78	--	14	50092	卖盘
09:50:33	35.78	--	71	254038	卖盘
09:50:30	35.78	--	16	57248	卖盘
09:50:27	35.78	--	37	132386	卖盘
09:50:24	35.78	--	132	472296	卖盘
09:50:21	35.78	--	3	10734	卖盘
09:50:18	35.78	--	32	114496	卖盘
09:50:15	35.78	--	131	468718	卖盘
09:50:12	35.78	--	25	89450	卖盘
09:50:09	35.78	--	302	1081522	卖盘
09:50:06	35.78	--	37	132386	卖盘
09:50:03	35.78	--	32	114496	卖盘
09:50:00	35.78	--	21	75138	卖盘
09:49:57	35.78	--	66	236148	卖盘
09:49:54	35.78	--	36	128808	卖盘
09:49:51	35.78	--	54	193212	卖盘
09:49:48	35.78	--	203	726334	卖盘
09:49:45	35.78	--	137	490186	卖盘
09:49:42	35.78	--	52	186056	卖盘
09:49:39	35.78	--	88	314864	卖盘
09:49:36	35.78	--	122	436516	卖盘
09:49:33	35.78	--	47	169024	卖盘
09:49:30	35.78	--	77	275506	卖盘
09:49:27	35.78	--	67	239726	卖盘
09:49:24	35.78	--	114	407892	卖盘
09:49:21	35.78	--	105	375690	卖盘
09:49:18	35.78	--	234	837252	卖盘
09:49:15	35.78	--	557	1992946	卖盘
09:49:12	35.78	--	86	307708	卖盘
09:49:09	35.78	--	34	121652	卖盘
09:49:06	35.78	0.05	2029	7259762	卖盘
09:49:03	35.73	0.03	174	621702	买盘
09:49:00	35.7	0.15	201	717570	买盘
09:48:57	35.55	-0.05	11	39105	卖盘
09:48:54	35.6	0.05	65	231400	买盘
09:48:51	35.55	--	16	56879	卖盘
09:48:48	35.55	0.07	104	369719	买盘
09:48:45	35.48	--	11	39028	卖盘
09:48:42	35.48	-0.02	32	113535	卖盘
09:48:39	35.5	0.02	37	131350	买盘
09:48:36	35.48	--	58	205783	买盘
09:48:33	35.48	--	118	418663	买盘
09:48:30	35.48	0.02	47	166755	买盘
09:48:27	35.46	0.06	54	191484	买盘
09:48:24	35.4	0.01	78	276120	买盘
09:48:21	35.39	0.04	15	53085	买盘
09:48:18	35.35	0.05	10	35350	卖盘
09:48:15	35.3	-0.09	65	229449	卖盘
09:48:12	35.39	0.09	144	509616	买盘
09:48:09	35.3	--	79	278870	卖盘
09:48:06	35.3	0.19	384	1358520	买盘
09:48:03	35.11	-0.04	22	77242	卖盘
09:48:00	35.15	--	38	133570	卖盘
09:47:57	35.15	0.04	367	1290005	买盘
09:47:54	35.11	-0.03	9	31599	中性盘
09:47:51	35.14	0.04	3	10542	中性盘
09:47:48	35.1	--	5	17550	卖盘
09:47:45	35.1	-0.05	138	484380	买盘
09:47:42	35.15	0.05	29	101935	买盘
09:47:39	35.1	--	10	35100	买盘
09:47:36	35.1	-0.03	32	112320	中性盘
09:47:33	35.13	-0.02	12	42156	中性盘
09:47:30	35.15	--	4	14060	买盘
09:47:27	35.15	-0.01	1	3515	中性盘
09:47:24	35.16	0.15	13	45707	买盘
09:47:21	35.01	-0.17	127	444627	卖盘
09:47:18	35.18	0.08	36	126648	买盘
09:47:15	35.1	0.07	16	56160	买盘
09:47:12	35.03	0.02	4	16429	买盘
09:47:09	35.01	-0.16	326	1141326	卖盘
09:47:06	35.17	--	14	49238	买盘
09:47:03	35.17	0.15	20	70340	买盘
09:47:00	35.02	0.01	30	105060	中性盘
09:46:57	35.01	-0.09	44	154044	卖盘
09:46:54	35.1	0.01	56	196560	买盘
09:46:51	35.09	-0.17	152	533894	卖盘
09:46:48	35.26	0.24	204	722301	买盘
09:46:45	35.02	-0.13	249	871998	卖盘
09:46:42	35.15	0.05	33	115995	买盘
09:46:39	35.1	--	55	193050	卖盘
09:46:36	35.1	--	15	52650	卖盘
09:46:33	35.1	-0.1	38	133380	卖盘
09:46:30	35.2	0.06	83	292160	买盘
09:46:27	35.14	0.04	21	73794	买盘
09:46:24	35.1	0.09	24	84240	买盘
09:46:21	35.01	-0.28	90	315090	卖盘
09:46:18	35.29	0.29	90	317610	买盘
09:46:15	35.0	-0.1	28	98000	卖盘
09:46:12	35.1	-0.1	32	112320	卖盘
09:46:09	35.2	0.05	26	91520	买盘
09:46:06	35.15	0.15	55	193325	买盘
09:46:03	35.0	-0.3	338	1183000	卖盘
09:46:00	35.3	0.15	82	289460	买盘
09:45:57	35.15	0.16	60	210900	买盘
09:45:54	34.99	-0.01	250	874750	卖盘
09:45:51	35.0	--	22	77000	卖盘
09:45:48	35.0	-0.08	78	273000	卖盘
09:45:45	35.08	--	31	108748	卖盘
09:45:42	35.08	0.08	78	273624	买盘
09:45:39	35.0	0.01	125	437500	买盘
09:45:36	34.99	0.03	43	150457	买盘
09:45:33	34.96	-0.01	70	244720	卖盘
09:45:30	34.97	0.02	150	524550	中性盘
09:45:27	34.95	0.03	239	835305	买盘
09:45:24	34.92	-0.01	26	90792	卖盘
09:45:21	34.93	0.04	96	335328	中性盘
09:45:18	34.89	-0.08	32	111648	卖盘
09:45:15	34.97	0.17	113	395161	买盘
09:45:12	34.8	--	42	146160	卖盘
09:45:09	34.8	--	62	215759	卖盘
09:45:06	34.8	--	19	66120	卖盘
09:45:03	34.8	0.22	42	146160	中性盘
09:45:00	34.58	-0.22	79	273182	中性盘
09:44:57	34.8	0.25	36	125279	买盘
09:44:54	34.55	0.05	81	279855	买盘
09:44:51	34.5	--	61	210450	卖盘
09:44:48	34.5	0.01	71	244950	买盘
09:44:45	34.49	0.06	50	172450	买盘
09:44:42	34.43	-0.02	20	68860	卖盘
09:44:39	34.45	0.02	46	158470	买盘
09:44:36	34.43	--	20	68860	买盘
09:44:33	34.43	--	19	65417	买盘
09:44:30	34.43	0.05	20	68860	买盘
09:44:27	34.38	--	39	134082	买盘
09:44:21	34.38	0.05	35	120330	买盘
09:44:18	34.33	--	7	24031	中性盘
09:44:15	34.33	0.02	18	61794	买盘
09:44:12	34.31	--	7	24017	卖盘
09:44:09	34.31	-0.02	2	6862	中性盘
09:44:06	34.33	0.03	11	37763	买盘
09:44:03	34.3	0.08	23	78890	买盘
09:44:00	34.22	--	38	130036	卖盘
09:43:57	34.22	0.02	2	6844	卖盘
09:43:54	34.2	0.12	129	441180	买盘
09:43:51	34.08	--	30	102240	卖盘
09:43:48	34.08	0.03	24	81792	买盘
09:43:45	34.05	-0.04	11	37455	卖盘
09:43:42	34.09	0.02	14	47726	买盘
09:43:36	34.07	0.06	4	13628	买盘
09:43:33	34.01	--	6	20406	卖盘
09:43:30	34.01	0.02	79	270379	买盘
09:43:27	33.99	--	8	27192	买盘
09:43:24	33.99	--	109	372190	卖盘
09:43:21	33.99	-0.01	52	178447	中性盘
09:43:18	34.0	--	22	74800	买盘
09:43:15	34.0	0.03	9	30600	买盘
09:43:12	33.97	-0.03	81	275157	卖盘
09:43:09	34.0	0.01	40	136000	买盘
09:43:06	33.99	0.02	69	234531	买盘
09:43:03	33.97	-0.01	8	27176	卖盘
09:43:00	33.98	--	33	112133	买盘
09:42:57	33.98	0.01	27	91745	买盘
09:42:54	33.97	0.01	107	363479	买盘
09:42:51	33.96	0.01	15	50940	买盘
09:42:48	33.95	--	5	16975	卖盘
09:42:45	33.95	--	5	16975	卖盘
09:42:42	33.95	-0.01	15	50925	卖盘
09:42:39	33.96	0.11	64	220400	买盘
09:42:36	33.85	--	6	20310	卖盘
09:42:33	33.85	-0.04	18	60930	卖盘
09:42:30	33.89	--	19	64391	卖盘
09:42:24	33.89	0.04	57	193173	买盘
09:42:21	33.85	-0.03	22	74470	中性盘
09:42:18	33.88	-0.07	5	16940	中性盘
09:42:15	33.95	0.1	322	1093529	买盘
09:42:12	33.85	-0.03	10	33850	卖盘
09:42:09	33.88	0.03	100	341849	买盘
09:42:06	33.85	-0.03	262	886870	卖盘
09:42:03	33.88	0.02	10	33880	买盘
09:42:00	33.86	--	18	60948	买盘
09:41:57	33.86	0.01	11	37246	买盘
09:41:54	33.85	-0.03	85	287725	卖盘
09:41:51	33.88	--	13	44044	卖盘
09:41:48	33.88	--	54	182952	卖盘
09:41:45	33.88	0.02	81	274428	买盘
09:41:42	33.86	--	66	223476	卖盘
09:41:39	33.86	-0.02	19	64334	卖盘
09:41:36	33.88	-0.01	20	67760	买盘
09:41:33	33.89	0.01	30	101670	买盘
09:41:30	33.88	--	24	81312	买盘
09:41:27	33.88	0.03	77	260876	买盘
09:41:24	33.85	-0.04	2	6770	卖盘
09:41:21	33.89	0.01	94	318566	买盘
09:41:18	33.88	0.03	44	149072	买盘
09:41:15	33.85	-0.04	20	67700	卖盘
09:41:12	33.89	0.01	38	128782	买盘
09:41:09	33.88	--	9	30492	买盘
09:41:06	33.88	0.03	20	67760	买盘
09:41:03	33.85	-0.04	37	125245	卖盘
09:41:00	33.89	0.04	38	128782	买盘
09:40:57	33.85	-0.03	65	220025	卖盘
09:40:51	33.88	--	39	132132	买盘
09:40:48	33.88	--	31	105028	买盘
09:40:45	33.88	0.03	16	54208	买盘
09:40:42	33.85	-0.05	144	487440	卖盘
09:40:39	33.9	--	29	98310	买盘
09:40:36	33.9	0.02	23	77970	买盘
09:40:33	33.88	-0.01	38	128744	卖盘
09:40:30	33.89	-0.01	27	91503	卖盘
09:40:27	33.9	0.07	99	335610	买盘
09:40:24	33.83	-0.02	43	145469	卖盘
09:40:21	33.85	-0.02	16	54160	卖盘
09:40:18	33.87	-0.01	37	125318	卖盘
09:40:15	33.88	0.08	73	247324	买盘
09:40:12	33.8	--	48	162240	买盘
09:40:09	33.8	-0.08	260	878799	卖盘
09:40:06	33.88	0.08	20	67760	买盘
09:40:03	33.8	-0.07	45	152100	卖盘
09:40:00	33.87	0.04	11	37257	买盘
09:39:57	33.83	--	46	155618	买盘
09:39:54	33.83	0.03	149	504067	买盘
09:39:51	33.8	-0.08	32	108159	卖盘
09:39:48	33.88	--	19	64372	买盘
09:39:45	33.88	--	10	33880	买盘
09:39:42	33.88	0.08	40	135520	买盘
09:39:39	33.8	0.07	10	33800	买盘
09:39:36	33.73	-0.15	7	23610	卖盘
09:39:33	33.88	0.11	22	74536	买盘
09:39:30	33.77	-0.11	46	155342	中性盘
09:39:27	33.88	0.15	322	1090936	买盘
09:39:24	33.73	--	41	138293	卖盘
09:39:21	33.73	-0.07	51	172022	卖盘
09:39:18	33.8	0.01	30	101399	买盘
09:39:15	33.79	-0.01	14	47306	中性盘
09:39:12	33.8	0.1	60	202799	买盘
09:39:09	33.7	--	50	168500	卖盘
09:39:06	33.7	--	20	67400	卖盘
09:39:03	33.7	-0.13	1	3370	卖盘
09:39:00	33.83	0.13	32	108256	买盘
09:38:57	33.7	-0.1	47	158390	卖盘
09:38:54	33.8	0.12	103	348139	买盘
09:38:51	33.68	0.03	55	185240	中性盘
09:38:48	33.65	-0.01	47	158155	卖盘
09:38:45	33.66	--	11	37025	卖盘
09:38:42	33.66	0.06	76	255815	买盘
09:38:39	33.6	--	22	73920	卖盘
09:38:36	33.6	--	31	104160	买盘
09:38:33	33.6	0.05	24	80640	买盘
09:38:30	33.55	0.05	3	10065	买盘
09:38:27	33.5	-0.04	5	16750	卖盘
09:38:24	33.54	0.01	11	36894	买盘
09:38:21	33.53	0.03	41	137473	买盘
09:38:18	33.5	0.21	201	673350	买盘
09:38:15	33.29	-0.01	39	129831	卖盘
09:38:12	33.3	0.01	24	79920	买盘
09:38:09	33.29	0.01	8	26632	买盘
09:38:06	33.28	--	42	139776	买盘
09:38:03	33.28	0.03	62	206336	买盘
09:38:00	33.25	0.05	2	6650	卖盘
09:37:54	33.2	-0.05	7	23240	卖盘
09:37:51	33.25	0.05	25	83125	买盘
09:37:48	33.2	0.02	144	478080	买盘
09:37:45	33.18	0.02	25	82950	买盘
09:37:42	33.16	0.01	25	82899	买盘
09:37:39	33.15	0.01	163	540345	买盘
09:37:33	33.14	0.02	20	66280	买盘
09:37:30	33.12	0.02	7	23184	买盘
09:37:24	33.1	--	5	16550	卖盘
09:37:21	33.1	--	4	13240	卖盘
09:37:15	33.1	0.02	314	1040068	买盘
09:37:12	33.08	0.03	18	59544	买盘
09:37:06	33.05	0.01	1	3304	中性盘
09:37:03	33.04	-0.04	20	66080	卖盘
09:37:00	33.08	0.03	3	9924	中性盘
09:36:57	33.05	--	63	208214	买盘
09:36:54	33.05	--	7	23134	卖盘
09:36:51	33.05	--	5	16525	买盘
09:36:48	33.05	0.01	2	6609	中性盘
09:36:42	33.04	--	12	39648	卖盘
09:36:39	33.04	-0.01	50	165200	卖盘
09:36:36	33.05	0.01	69	228044	买盘
09:36:33	33.04	-0.01	54	178416	卖盘
09:36:30	33.05	0.01	4	13219	买盘
09:36:27	33.04	--	10	33040	卖盘
09:36:24	33.04	--	3	9912	卖盘
09:36:21	33.04	0.03	166	548464	买盘
09:36:15	33.01	-0.08	139	458839	卖盘
09:36:12	33.09	0.07	40	132360	买盘
09:36:09	33.02	--	10	33020	买盘
09:36:06	33.02	--	15	49530	买盘
09:36:03	33.02	-0.01	2	6604	买盘
09:36:00	33.03	-0.07	38	128090	卖盘
09:35:57	33.1	--	4	13240	买盘
09:35:54	33.1	--	8	26480	买盘
09:35:51	33.1	-0.05	33	109230	卖盘
09:35:48	33.15	0.03	33	109395	买盘
09:35:45	33.12	-0.04	20	66240	卖盘
09:35:42	33.16	--	13	43107	买盘
09:35:39	33.16	--	10	33160	买盘
09:35:36	33.16	--	1	3315	买盘
09:35:33	33.16	0.04	27	89531	买盘
09:35:30	33.12	-0.07	95	314640	卖盘
09:35:27	33.19	0.03	4	13276	买盘
09:35:24	33.16	--	12	39791	卖盘
09:35:21	33.16	0.01	29	96163	卖盘
09:35:18	33.15	-0.01	10	33150	买盘
09:35:15	33.16	0.02	13	43107	卖盘
09:35:12	33.14	-0.02	59	195526	卖盘
09:35:09	33.16	--	12	39791	买盘
09:35:06	33.16	0.01	41	135956	买盘
09:35:03	33.15	--	7	23205	卖盘
09:35:00	33.15	--	32	106080	卖盘
09:34:57	33.15	0.03	36	119340	买盘
09:34:54	33.12	-0.01	34	112607	卖盘
09:34:51	33.13	-0.01	7	23191	卖盘
09:34:48	33.14	0.02	19	62966	买盘
09:34:45	33.12	--	68	225215	买盘
09:34:42	33.12	0.02	34	112607	卖盘
09:34:39	33.1	-0.02	10	33100	卖盘
09:34:33	33.12	0.02	4	13247	买盘
09:34:30	33.1	--	2	6620	卖盘
09:34:27	33.1	--	4	13240	卖盘
09:34:24	33.1	--	35	115850	卖盘
09:34:21	33.1	--	22	72820	买盘
09:34:18	33.1	--	18	59580	买盘
09:34:12	33.1	0.02	23	76858	买盘
09:34:09	33.08	0.05	40	132320	买盘
09:34:06	33.03	--	5	16515	卖盘
09:34:00	33.03	-0.05	5	16515	卖盘
09:33:57	33.08	0.03	2	6616	买盘
09:33:54	33.05	--	5	16525	卖盘
09:33:51	33.05	0.02	1	3304	买盘
09:33:48	33.03	0.03	4	13212	买盘
09:33:45	33.0	--	2	6600	卖盘
09:33:42	33.0	--	4	13200	卖盘
09:33:39	33.0	--	3	9900	卖盘
09:33:36	33.0	--	50	165000	卖盘
09:33:33	33.0	--	6	19800	卖盘
09:33:30	33.0	--	22	72600	卖盘
09:33:27	33.0	0.01	22	72600	买盘
09:33:24	32.99	--	15	49485	中性盘
09:33:21	32.99	0.01	37	122063	买盘
09:33:15	32.98	--	2	6595	买盘
09:33:12	32.98	-0.01	101	333097	中性盘
09:33:09	32.99	--	11	36289	卖盘
09:33:06	32.99	0.01	84	277116	卖盘
09:33:03	32.98	-0.01	29	95641	卖盘
09:33:00	32.99	--	39	128661	买盘
09:32:57	32.99	0.01	16	52784	买盘
09:32:54	32.98	--	17	56065	卖盘
09:32:51	32.98	--	22	72556	卖盘
09:32:45	32.98	0.08	32	105535	买盘
09:32:42	32.9	-0.05	8	26320	卖盘
09:32:39	32.95	--	12	39540	买盘
09:32:30	32.95	0.05	4	13180	买盘
09:32:27	32.9	-0.08	20	65800	卖盘
09:32:24	32.98	--	7	23085	买盘
09:32:21	32.98	-0.01	7	23085	买盘
09:32:18	32.99	--	8	26392	买盘
09:32:15	32.99	-0.01	8	26392	中性盘
09:32:06	33.0	0.05	100	330000	买盘
09:32:03	32.95	0.07	23	75785	买盘
09:31:57	32.88	--	11	36168	卖盘
09:31:54	32.88	--	10	32880	卖盘
09:31:51	32.88	--	100	328800	卖盘
09:31:48	32.88	0.1	33	108504	买盘
09:31:45	32.78	--	32	104896	买盘
09:31:42	32.78	-0.01	26	85228	买盘
09:31:39	32.79	--	7	22953	卖盘
09:31:36	32.79	0.01	3	9837	中性盘
09:31:33	32.78	-0.01	30	98340	卖盘
09:31:30	32.79	0.01	8	26232	买盘
09:31:24	32.78	0.03	108	354024	买盘
09:31:21	32.75	0.02	145	474875	买盘
09:31:18	32.73	--	14	45821	中性盘
09:31:15	32.73	--	38	124373	中性盘
09:31:12	32.73	-0.01	10	32729	中性盘
09:31:06	32.74	--	18	58932	买盘
09:31:00	32.74	--	2	6548	买盘
09:30:57	32.74	0.01	13	42562	买盘
09:30:54	32.73	0.08	1	3272	买盘
09:30:51	32.65	-0.08	6	19590	卖盘
09:30:45	32.73	0.08	3	9818	中性盘
09:30:39	32.65	-0.01	14	45710	卖盘
09:30:36	32.66	0.01	11	35925	卖盘
09:30:30	32.65	--	2	6530	买盘
09:30:27	32.65	0.09	58	189370	买盘
09:30:09	32.56	-0.02	12	39072	卖盘
09:30:06	32.58	--	49	159642	买盘
09:30:03	32.58	0.02	43	140094	买盘
09:25:03	32.56	32.56	42	136752	买盘
