成交时间	成交价	价格变动	成交量(手)	成交额(元)	性质
15:00:03	25.28	--	258	652224	买盘
14:57:03	25.28	0.01	1	2528	买盘
14:56:54	25.27	-0.01	10	25270	卖盘
14:56:51	25.28	0.01	1	2528	买盘
14:56:48	25.27	-0.01	3	7581	卖盘
14:56:45	25.28	--	1	2528	买盘
14:56:39	25.28	--	6	15168	买盘
14:56:33	25.28	-0.01	18	45504	卖盘
14:56:18	25.29	--	2	5058	买盘
14:56:09	25.29	-0.01	5	15148	卖盘
14:56:06	25.3	0.01	4	10120	买盘
14:55:57	25.29	--	19	48051	卖盘
14:55:51	25.29	-0.01	39	98631	卖盘
14:55:33	25.3	--	26	65780	卖盘
14:55:15	25.3	0.01	5	12650	中性盘
14:54:54	25.29	--	6	15174	卖盘
14:54:48	25.29	-0.01	20	50580	卖盘
14:54:33	25.3	--	12	30360	买盘
14:54:27	25.3	--	10	25300	买盘
14:54:24	25.3	--	2	5060	买盘
14:54:15	25.3	--	19	48070	买盘
14:54:12	25.3	--	51	129030	卖盘
14:54:03	25.3	-0.01	31	78430	卖盘
14:53:45	25.31	0.01	2	5062	买盘
14:53:36	25.3	-0.02	8	20240	卖盘
14:52:54	25.32	0.02	1	2532	买盘
14:52:51	25.3	0.01	1	2530	中性盘
14:52:42	25.29	-0.01	48	121392	卖盘
14:52:39	25.3	-0.02	1	2530	卖盘
14:52:36	25.32	--	1	2532	买盘
14:52:27	25.32	0.02	263	665916	买盘
14:52:15	25.3	-0.02	10	25300	卖盘
14:52:12	25.32	0.02	6	15192	买盘
14:52:06	25.3	-0.02	10	25300	卖盘
14:52:03	25.32	0.02	10	25320	买盘
14:51:54	25.3	-0.02	22	55660	卖盘
14:51:36	25.32	0.01	2	5064	买盘
14:51:33	25.31	-0.01	11	27841	卖盘
14:51:21	25.32	--	10	25320	买盘
14:51:18	25.32	0.02	12	30384	买盘
14:50:45	25.3	-0.02	32	80960	卖盘
14:50:42	25.32	--	10	25320	买盘
14:50:36	25.32	--	10	25320	买盘
14:50:12	25.32	--	4	10128	买盘
14:50:09	25.32	-0.01	1	4988	卖盘
14:50:03	25.33	0.01	33	83589	买盘
14:50:00	25.32	-0.01	5	12660	卖盘
14:49:36	25.33	0.01	4	10132	买盘
14:49:30	25.32	-0.01	5	12660	卖盘
14:49:27	25.33	--	7	17731	买盘
14:49:24	25.33	-0.01	62	157046	卖盘
14:49:21	25.34	--	21	53214	买盘
14:49:09	25.34	--	50	126700	买盘
14:49:03	25.34	--	9	22806	买盘
14:49:00	25.34	--	9	22806	买盘
14:48:36	25.34	--	1	2534	买盘
14:48:33	25.34	0.01	17	43078	买盘
14:48:27	25.33	-0.01	15	37995	卖盘
14:48:18	25.34	0.01	2	5068	买盘
14:48:15	25.33	--	5	12665	卖盘
14:47:24	25.33	--	9	22797	卖盘
14:46:57	25.33	--	5	12665	卖盘
14:46:48	25.33	--	20	50660	卖盘
14:46:39	25.33	0.01	19	48127	买盘
14:46:33	25.32	--	10	25320	卖盘
14:46:12	25.32	-0.01	19	48108	卖盘
14:46:06	25.33	0.01	26	65858	买盘
14:45:33	25.32	-0.01	10	25320	卖盘
14:45:27	25.33	0.01	19	48127	买盘
14:45:12	25.32	--	6	15192	卖盘
14:45:09	25.32	--	24	60843	买盘
14:45:06	25.32	--	6	15192	买盘
14:45:03	25.32	0.01	3	7596	买盘
14:44:51	25.31	-0.01	0	25	卖盘
14:44:42	25.32	--	6	15192	买盘
14:44:36	25.32	0.01	4	10128	买盘
14:44:03	25.31	--	5	12655	卖盘
14:43:27	25.31	--	6	15186	卖盘
14:43:18	25.31	-0.01	65	164515	卖盘
14:43:12	25.32	--	2	5064	买盘
14:42:54	25.32	--	16	40512	卖盘
14:42:36	25.32	--	10	25320	卖盘
14:42:33	25.32	-0.01	9	22788	卖盘
14:42:27	25.33	--	31	78523	卖盘
14:42:21	25.33	--	10	25330	卖盘
14:41:57	25.33	-0.01	10	25330	卖盘
14:41:30	25.34	--	30	76020	买盘
14:41:18	25.34	--	5	12670	卖盘
14:40:48	25.34	-0.02	20	50680	卖盘
14:40:45	25.36	0.02	10	25360	买盘
14:40:39	25.34	0.01	25	63350	买盘
14:40:24	25.33	-0.01	5	12665	卖盘
14:40:06	25.34	-0.01	9	22806	卖盘
14:40:00	25.35	0.01	6	15210	买盘
14:39:51	25.34	-0.01	1	2534	卖盘
14:39:39	25.35	--	3	7605	买盘
14:39:30	25.35	--	1	2535	中性盘
14:39:27	25.35	0.03	1	2535	买盘
14:39:21	25.32	-0.01	65	164580	卖盘
14:39:12	25.33	-0.02	5	12665	卖盘
14:39:06	25.35	0.01	16	40560	买盘
14:39:03	25.34	--	12	30408	买盘
14:38:51	25.34	-0.01	46	116564	卖盘
14:38:33	25.35	--	12	30420	买盘
14:38:00	25.35	--	7	17745	买盘
14:37:54	25.35	--	2	5070	买盘
14:37:51	25.35	-0.01	87	220545	卖盘
14:37:15	25.36	-0.01	5	12680	买盘
14:37:00	25.37	--	19	48203	买盘
14:36:54	25.37	--	5	12685	买盘
14:36:45	25.37	--	2	5074	买盘
14:36:18	25.37	--	3	7611	买盘
14:36:15	25.37	0.01	6	15222	买盘
14:35:48	25.36	-0.01	2	5072	中性盘
14:35:24	25.37	0.04	4	10148	买盘
14:35:18	25.33	--	20	50660	买盘
14:34:18	25.33	0.01	51	129182	买盘
14:34:00	25.32	--	3	7596	买盘
14:33:48	25.32	-0.06	62	156984	卖盘
14:33:45	25.38	0.04	19	48222	买盘
14:33:42	25.34	--	4	10136	买盘
14:33:39	25.34	--	5	12670	买盘
14:33:18	25.34	-0.03	54	136836	卖盘
14:33:06	25.37	--	4	10148	卖盘
14:32:54	25.37	--	4	10148	卖盘
14:32:45	25.37	--	3	7611	卖盘
14:32:42	25.37	--	15	38055	卖盘
14:32:09	25.37	-0.01	86	218182	卖盘
14:32:06	25.38	--	1	2538	中性盘
14:31:54	25.38	-0.01	10	25380	卖盘
14:31:27	25.39	--	1	2539	买盘
14:31:09	25.39	--	3	7617	中性盘
14:31:03	25.39	--	2	5078	卖盘
14:30:57	25.39	-0.02	2	5078	卖盘
14:30:48	25.41	0.02	12	30492	买盘
14:30:39	25.39	-0.02	44	111716	卖盘
14:30:33	25.41	--	2	5082	买盘
14:30:30	25.41	0.01	10	25410	买盘
14:30:24	25.4	-0.02	1	2540	中性盘
14:30:06	25.42	--	5	12710	买盘
14:30:03	25.42	--	2	5084	买盘
14:30:00	25.42	--	6	15252	买盘
14:29:57	25.42	--	2	5084	买盘
14:29:48	25.42	0.02	4	10168	买盘
14:29:39	25.4	--	19	48260	卖盘
14:29:33	25.4	0.01	20	50800	买盘
14:29:30	25.39	--	1	2539	卖盘
14:29:21	25.39	-0.01	10	25390	卖盘
14:29:18	25.4	--	7	17780	买盘
14:29:15	25.4	0.01	41	104140	买盘
14:29:12	25.39	-0.01	3	7617	卖盘
14:29:09	25.4	--	1	2540	买盘
14:29:06	25.4	--	10	25400	买盘
14:29:00	25.4	--	1	2540	买盘
14:28:57	25.4	0.01	17	43180	买盘
14:28:42	25.39	--	39	99021	买盘
14:28:36	25.39	-0.01	12	30468	买盘
14:28:27	25.4	--	3	7620	买盘
14:28:21	25.4	0.02	14	35560	买盘
14:28:18	25.38	--	10	25380	卖盘
14:28:15	25.38	-0.01	23	58374	卖盘
14:28:06	25.39	--	12	30468	卖盘
14:27:57	25.39	-0.01	10	25390	卖盘
14:27:54	25.4	0.01	4	10160	买盘
14:27:48	25.39	0.01	18	45702	买盘
14:27:45	25.38	0.01	6	15228	中性盘
14:27:21	25.37	--	5	12685	卖盘
14:27:15	25.37	--	10	25370	卖盘
14:27:12	25.37	0.03	254	644398	买盘
14:26:51	25.34	--	14	35476	买盘
14:26:42	25.34	--	5	12670	买盘
14:26:09	25.34	0.02	10	25340	买盘
14:25:48	25.32	0.02	3	7596	买盘
14:25:42	25.3	-0.01	15	37950	卖盘
14:25:39	25.31	-0.01	15	37965	卖盘
14:25:30	25.32	--	2	5064	卖盘
14:25:27	25.32	-0.01	10	25320	卖盘
14:25:09	25.33	--	5	12665	买盘
14:25:03	25.33	--	21	53193	买盘
14:25:00	25.33	-0.01	9	22797	卖盘
14:24:42	25.34	-0.02	11	27874	卖盘
14:24:39	25.36	--	10	25360	买盘
14:24:30	25.36	--	10	25360	买盘
14:24:15	25.36	--	10	25360	中性盘
14:23:54	25.36	--	5	12680	买盘
14:23:51	25.36	--	6	15216	买盘
14:23:42	25.36	-0.01	1	2536	卖盘
14:23:39	25.37	0.01	11	27907	买盘
14:23:36	25.36	--	13	32968	买盘
14:23:27	25.36	--	25	63400	卖盘
14:23:24	25.36	0.02	15	38040	买盘
14:23:06	25.34	0.01	10	25340	买盘
14:23:00	25.33	-0.03	1	2533	卖盘
14:22:54	25.36	0.03	100	253600	买盘
14:22:48	25.33	0.02	5	12665	中性盘
14:22:39	25.31	--	6	15186	买盘
14:22:30	25.31	0.01	1	2531	买盘
14:22:24	25.3	--	460	1163800	买盘
14:22:21	25.3	0.01	5	12650	买盘
14:22:18	25.29	--	27	68283	买盘
14:22:12	25.29	--	50	126450	买盘
14:22:03	25.29	--	14	35406	买盘
14:21:54	25.29	0.01	9	22761	买盘
14:21:48	25.28	--	10	25280	卖盘
14:21:45	25.28	0.01	64	161792	买盘
14:21:30	25.27	--	5	12761	买盘
14:21:15	25.27	0.01	30	75810	买盘
14:20:57	25.26	0.01	15	37890	买盘
14:20:48	25.25	-0.02	4	10100	卖盘
14:20:24	25.27	--	3	7581	买盘
14:20:21	25.27	--	3	7581	买盘
14:20:15	25.27	--	33	83391	买盘
14:20:09	25.27	--	1	2527	买盘
14:19:45	25.27	--	9	22743	买盘
14:19:39	25.27	--	6	15162	买盘
14:19:36	25.27	--	52	131404	卖盘
14:19:30	25.27	--	40	101080	卖盘
14:19:24	25.27	-0.01	16	40432	卖盘
14:19:15	25.28	0.01	10	25280	买盘
14:19:09	25.27	-0.01	9	22743	卖盘
14:19:03	25.28	--	5	12640	买盘
14:19:00	25.28	--	11	27808	买盘
14:18:54	25.28	--	6	15168	买盘
14:18:51	25.28	--	5	12640	买盘
14:18:42	25.28	--	25	63200	卖盘
14:18:27	25.28	0.01	17	42976	买盘
14:18:12	25.27	-0.01	2	5054	中性盘
14:17:45	25.28	--	11	27808	买盘
14:17:30	25.28	0.04	30	75840	买盘
14:17:27	25.24	0.03	12	30287	买盘
14:17:09	25.21	--	86	218696	买盘
14:17:06	25.21	--	5	12605	买盘
14:17:03	25.21	--	35	88235	买盘
14:17:00	25.21	--	4	10084	买盘
14:16:57	25.21	--	3	7563	买盘
14:16:54	25.21	-0.01	48	121638	卖盘
14:16:48	25.22	--	120	304531	买盘
14:16:42	25.22	--	8	20176	买盘
14:16:39	25.22	--	1	2522	买盘
14:16:36	25.22	--	7	17654	买盘
14:16:33	25.22	0.01	50	126100	买盘
14:16:24	25.21	-0.01	12	30252	卖盘
14:16:21	25.22	0.01	10	25220	买盘
14:16:15	25.21	--	8	20168	买盘
14:16:12	25.21	--	5	12605	买盘
14:16:03	25.21	--	26	65546	买盘
14:15:51	25.21	--	6	15126	买盘
14:15:45	25.21	--	25	63025	买盘
14:15:42	25.21	--	2	5042	买盘
14:15:39	25.21	--	5	12605	买盘
14:15:36	25.21	--	8	20168	买盘
14:15:30	25.21	--	13	32773	买盘
14:15:27	25.21	-0.01	2	5042	卖盘
14:15:21	25.22	--	50	126100	买盘
14:15:09	25.22	0.01	20	50440	买盘
14:15:06	25.21	--	12	30252	买盘
14:15:03	25.21	0.02	3	7563	买盘
14:15:00	25.19	-0.01	49	124060	卖盘
14:14:57	25.2	0.01	6	15120	买盘
14:14:42	25.19	--	39	100130	买盘
14:14:39	25.19	--	5	12595	买盘
14:14:36	25.19	--	5	12595	买盘
14:14:33	25.19	--	20	50380	买盘
14:14:24	25.19	--	12	30228	买盘
14:14:21	25.19	0.01	28	70532	买盘
14:14:06	25.18	0.01	5	12590	买盘
14:13:54	25.17	--	22	55374	买盘
14:13:51	25.17	--	2	5034	买盘
14:13:42	25.17	0.02	100	251700	买盘
14:13:33	25.15	--	6	17529	买盘
14:13:27	25.15	--	3	7545	买盘
14:13:24	25.15	--	3	7545	买盘
14:13:12	25.15	--	2	5030	买盘
14:13:06	25.15	--	18	45270	买盘
14:13:00	25.15	--	2	5030	买盘
14:12:45	25.15	0.01	1	2515	买盘
14:12:30	25.14	--	1	2514	买盘
14:12:27	25.14	-0.01	21	52794	卖盘
14:12:18	25.15	0.01	2	5030	买盘
14:12:12	25.14	--	25	62850	卖盘
14:12:00	25.14	-0.01	10	25140	卖盘
14:11:57	25.15	--	10	25150	买盘
14:11:54	25.15	0.01	2	5030	买盘
14:11:51	25.14	-0.01	2	5028	卖盘
14:11:39	25.15	--	80	201275	卖盘
14:11:30	25.15	-0.01	30	75450	卖盘
14:10:57	25.16	--	127	319532	卖盘
14:10:54	25.16	--	5	12580	卖盘
14:10:39	25.16	-0.01	4	10064	卖盘
14:10:18	25.17	--	4	10068	买盘
14:10:15	25.17	--	20	50340	买盘
14:10:12	25.17	--	1	2517	买盘
14:10:00	25.17	-0.01	42	105714	卖盘
14:09:48	25.18	0.01	3	7554	买盘
14:09:42	25.17	--	50	125850	卖盘
14:09:15	25.17	-0.01	5	12585	卖盘
14:08:51	25.18	0.01	6	15108	买盘
14:08:48	25.17	--	5	12585	卖盘
14:08:39	25.17	-0.01	5	12585	卖盘
14:07:36	25.18	--	2	5036	买盘
14:07:21	25.18	0.01	4	10072	买盘
14:07:18	25.17	-0.01	6	15102	卖盘
14:06:48	25.18	--	1	2518	买盘
14:06:42	25.18	--	1	2518	买盘
14:06:39	25.18	--	4	10072	买盘
14:06:33	25.18	--	37	93166	卖盘
14:06:03	25.18	--	2	5036	卖盘
14:05:48	25.18	--	3	7554	卖盘
14:05:39	25.18	--	7	17626	卖盘
14:05:36	25.18	--	9	22662	买盘
14:05:24	25.18	0.01	38	95684	买盘
14:05:21	25.17	-0.01	5	12585	卖盘
14:05:06	25.18	0.01	1	2518	买盘
14:04:45	25.17	--	10	25170	中性盘
14:04:21	25.17	--	6	15102	买盘
14:04:18	25.17	--	5	12585	买盘
14:04:12	25.17	--	20	50340	买盘
14:04:09	25.17	--	13	32721	买盘
14:04:03	25.17	0.01	160	402720	买盘
14:03:57	25.16	--	10	25160	卖盘
14:03:45	25.16	-0.01	9	22644	卖盘
14:03:42	25.17	0.01	15	37755	买盘
14:03:36	25.16	--	10	25160	卖盘
14:03:21	25.16	--	10	25160	卖盘
14:03:09	25.16	-0.01	3	7548	卖盘
14:03:06	25.17	--	4	10068	买盘
14:02:57	25.17	--	2	5034	买盘
14:02:45	25.17	--	10	25170	买盘
14:02:42	25.17	-0.01	94	236598	卖盘
14:02:39	25.18	0.01	5	12590	买盘
14:02:33	25.17	-0.01	8	20136	卖盘
14:02:30	25.18	0.01	12	30216	买盘
14:02:24	25.17	-0.01	2	5034	卖盘
14:02:12	25.18	--	3	7554	买盘
14:02:06	25.18	--	6	15108	买盘
14:02:03	25.18	-0.01	19	47842	卖盘
14:02:00	25.19	0.01	2	5038	买盘
14:01:30	25.18	0.01	12	30216	买盘
14:01:18	25.17	-0.01	2	5034	卖盘
14:01:15	25.18	-0.01	38	95684	卖盘
14:00:57	25.19	0.01	5	12595	买盘
14:00:54	25.18	-0.01	13	32734	卖盘
14:00:42	25.19	--	6	15114	买盘
14:00:39	25.19	--	10	25190	买盘
14:00:21	25.19	--	2	5038	买盘
14:00:09	25.19	--	44	110836	买盘
14:00:06	25.19	0.01	20	50380	买盘
13:59:30	25.18	-0.01	20	50360	卖盘
13:59:21	25.19	0.01	13	32747	买盘
13:59:03	25.18	-0.01	10	25180	卖盘
13:58:39	25.19	--	6	15114	买盘
13:58:06	25.19	--	10	25190	卖盘
13:57:57	25.19	--	5	12595	卖盘
13:57:30	25.19	--	5	12595	买盘
13:57:12	25.19	--	20	50380	卖盘
13:57:09	25.19	-0.01	5	12595	卖盘
13:56:54	25.2	--	1	2520	卖盘
13:56:30	25.2	--	7	17640	买盘
13:56:24	25.2	0.01	2	5040	买盘
13:56:09	25.19	0.01	2	5038	卖盘
13:55:45	25.18	--	169	425542	买盘
13:55:24	25.18	-0.02	31	78058	卖盘
13:55:06	25.2	0.02	2	5040	买盘
13:54:45	25.18	--	9	22662	买盘
13:54:42	25.18	--	33	83094	买盘
13:54:36	25.18	0.01	2	5036	买盘
13:54:21	25.17	--	111	279387	卖盘
13:54:18	25.17	--	78	196326	买盘
13:54:12	25.17	--	16	40272	买盘
13:54:06	25.17	--	2	5034	买盘
13:53:57	25.17	--	2	5034	买盘
13:53:42	25.17	--	7	17619	买盘
13:53:36	25.17	--	5	12585	买盘
13:53:30	25.17	-0.01	23	57891	卖盘
13:53:09	25.18	--	6	15108	买盘
13:53:00	25.18	0.01	6	15108	买盘
13:52:51	25.17	-0.01	6	15102	卖盘
13:52:45	25.18	--	4	10072	买盘
13:52:27	25.18	--	12	30216	中性盘
13:51:42	25.18	0.01	4	10072	买盘
13:51:24	25.17	-0.01	5	12585	卖盘
13:51:06	25.18	--	6	15108	买盘
13:50:48	25.18	--	10	25180	买盘
13:50:27	25.18	-0.01	66	166188	卖盘
13:50:21	25.19	--	2	5038	买盘
13:50:00	25.19	0.01	5	12595	买盘
13:49:27	25.18	--	64	161152	卖盘
13:49:12	25.18	-0.02	163	410434	卖盘
13:48:54	25.2	--	20	50400	买盘
13:48:39	25.2	0.01	24	60480	中性盘
13:45:45	25.19	--	35	88165	卖盘
13:45:39	25.19	--	5	12595	卖盘
13:45:27	25.19	-0.01	45	113355	卖盘
13:45:18	25.2	--	1	2520	买盘
13:45:12	25.2	--	1	2520	卖盘
13:44:57	25.2	--	10	25200	卖盘
13:43:24	25.2	--	3	7560	卖盘
13:42:57	25.2	--	4	10080	买盘
13:42:45	25.2	--	9	22680	买盘
13:42:36	25.2	0.01	2	5040	买盘
13:42:27	25.19	-0.01	2	5038	卖盘
13:42:09	25.2	--	31	78120	卖盘
13:42:00	25.2	-0.01	17	42840	卖盘
13:41:33	25.21	-0.01	133	335293	卖盘
13:41:27	25.22	0.01	10	25220	买盘
13:41:18	25.21	--	20	50420	卖盘
13:41:15	25.21	-0.01	29	73109	卖盘
13:40:42	25.22	-0.01	21	52962	卖盘
13:40:39	25.23	-0.02	1	2523	卖盘
13:39:51	25.25	--	10	25250	卖盘
13:39:45	25.25	--	15	37875	中性盘
13:38:42	25.25	-0.01	20	50500	中性盘
13:38:03	25.26	0.04	20	50520	买盘
13:37:42	25.22	-0.04	18	45396	中性盘
13:35:57	25.26	0.04	3	7578	买盘
13:35:54	25.22	--	3	7566	买盘
13:35:48	25.22	--	15	37830	买盘
13:35:42	25.22	--	5	12610	买盘
13:35:36	25.22	--	9	22698	买盘
13:35:27	25.22	-0.04	168	423696	卖盘
13:35:06	25.26	0.02	29	73254	买盘
13:35:00	25.24	-0.01	1	2524	卖盘
13:34:54	25.25	--	5	12625	买盘
13:34:42	25.25	--	15	37875	卖盘
13:34:18	25.25	-0.01	4	10100	卖盘
13:34:15	25.26	--	2	5052	买盘
13:34:06	25.26	--	5	12630	买盘
13:33:51	25.26	0.01	9	22734	买盘
13:33:45	25.25	--	7	17675	卖盘
13:33:27	25.25	--	19	47975	卖盘
13:33:03	25.25	-0.02	6	15150	卖盘
13:32:51	25.27	0.02	16	40432	买盘
13:32:48	25.25	0.01	183	462075	买盘
13:32:30	25.24	--	4	10096	卖盘
13:31:27	25.24	-0.01	14	35336	卖盘
13:31:03	25.25	--	10	25250	买盘
13:30:36	25.25	--	10	25250	买盘
13:30:33	25.25	--	13	32825	卖盘
13:30:09	25.25	--	3	7575	卖盘
13:29:09	25.25	0.01	10	25250	买盘
13:28:57	25.24	--	3	7571	中性盘
13:28:42	25.24	0.01	200	504799	买盘
13:28:27	25.23	--	12	30276	卖盘
13:28:18	25.23	0.02	22	55506	买盘
13:27:45	25.21	--	27	68067	买盘
13:27:24	25.21	--	13	32773	买盘
13:27:09	25.21	--	5	12605	买盘
13:26:54	25.21	--	45	113445	买盘
13:26:51	25.21	--	5	12605	买盘
13:26:45	25.21	-0.02	8	20168	卖盘
13:26:39	25.23	0.02	10	25230	买盘
13:25:48	25.21	--	2	5042	卖盘
13:25:36	25.21	-0.01	35	88235	卖盘
13:25:33	25.22	0.01	84	211848	买盘
13:25:27	25.21	-0.01	55	138655	卖盘
13:24:09	25.22	--	1	2522	买盘
13:23:57	25.22	-0.01	15	37830	卖盘
13:23:36	25.23	--	3	7569	卖盘
13:23:03	25.23	-0.02	5	12615	卖盘
13:22:57	25.25	0.01	6	15150	买盘
13:22:27	25.24	-0.01	3	7571	卖盘
13:21:48	25.25	--	20	50500	买盘
13:21:27	25.25	--	3	7575	买盘
13:20:27	25.25	--	10	25250	买盘
13:19:54	25.25	0.03	20	50500	买盘
13:19:51	25.22	--	2	5044	卖盘
13:19:18	25.22	-0.03	3	7566	中性盘
13:17:33	25.25	0.05	5	12625	买盘
13:17:18	25.2	--	5	12600	卖盘
13:17:09	25.2	--	4	10080	卖盘
13:17:06	25.2	--	10	25200	卖盘
13:16:57	25.2	--	11	27720	卖盘
13:16:33	25.2	--	28	70560	买盘
13:16:24	25.2	0.02	100	252000	买盘
13:16:06	25.18	--	18	45324	卖盘
13:15:42	25.18	--	3	7554	卖盘
13:15:24	25.18	0.01	3	7554	中性盘
13:14:51	25.17	-0.02	8	20136	卖盘
13:14:45	25.19	0.02	1	2519	买盘
13:14:39	25.17	-0.02	86	216462	卖盘
13:14:30	25.19	--	4	10076	买盘
13:14:21	25.19	--	9	22671	卖盘
13:14:15	25.19	-0.01	1	2519	卖盘
13:14:06	25.2	--	8	20160	买盘
13:14:03	25.2	--	6	15120	买盘
13:13:48	25.2	--	3	7560	卖盘
13:13:42	25.2	--	4	10080	买盘
13:13:27	25.2	--	2	5040	卖盘
13:12:39	25.2	0.02	1	2520	中性盘
13:11:45	25.18	-0.02	40	100720	卖盘
13:11:00	25.2	0.01	1	2520	买盘
13:10:30	25.19	--	4	10076	卖盘
13:10:06	25.19	--	1	2519	买盘
13:09:57	25.19	0.01	1	2519	买盘
13:09:54	25.18	-0.01	2	5036	中性盘
13:09:30	25.19	--	5	12595	买盘
13:09:24	25.19	0.02	5	12595	买盘
13:09:09	25.17	--	3	7551	买盘
13:09:03	25.17	--	12	30204	买盘
13:09:00	25.17	0.01	12	30204	中性盘
13:08:06	25.16	0.01	6	15096	卖盘
13:07:57	25.15	-0.01	50	125750	卖盘
13:07:39	25.16	--	4	12504	买盘
13:07:36	25.16	--	2	5032	买盘
13:07:27	25.16	--	10	25160	买盘
13:07:03	25.16	-0.01	83	208903	卖盘
13:06:54	25.17	--	13	35162	买盘
13:06:48	25.17	--	5	12585	买盘
13:06:39	25.17	--	13	32721	买盘
13:06:33	25.17	--	7	17619	买盘
13:06:30	25.17	--	3	7551	买盘
13:06:18	25.17	--	51	128367	卖盘
13:06:00	25.17	--	5	12585	卖盘
13:05:33	25.17	--	4	10068	卖盘
13:04:00	25.17	--	4	10068	卖盘
13:03:27	25.17	-0.01	73	183741	卖盘
13:03:21	25.18	0.01	1	2518	买盘
13:03:18	25.17	--	1	2517	卖盘
13:02:57	25.17	-0.01	17	42789	卖盘
13:02:51	25.18	--	12	30216	买盘
13:02:48	25.18	--	5	12590	买盘
13:02:24	25.18	-0.02	19	47842	卖盘
13:02:03	25.2	0.02	5	12600	买盘
13:02:00	25.18	--	1	2518	卖盘
13:01:57	25.18	--	2	5036	卖盘
13:01:45	25.18	-0.09	1	2518	中性盘
13:00:54	25.27	--	10	25270	中性盘
13:00:09	25.27	0.1	84	212268	买盘
13:00:06	25.17	-0.03	34	85578	卖盘
13:00:03	25.2	--	0	0	买盘
11:30:03	25.2	--	0	0	买盘
11:30:00	25.2	--	6	15120	买盘
11:28:33	25.2	0.06	1	2520	买盘
11:27:21	25.14	--	10	25140	买盘
11:27:18	25.14	--	10	25140	买盘
11:27:12	25.14	--	3	7542	买盘
11:27:00	25.14	--	35	87990	买盘
11:26:48	25.14	--	10	25140	买盘
11:26:45	25.14	--	7	17598	买盘
11:26:42	25.14	--	1	2514	买盘
11:26:36	25.14	--	5	12570	买盘
11:26:21	25.14	--	26	65364	买盘
11:26:15	25.14	-0.02	93	233802	卖盘
11:25:42	25.16	0.02	11	27676	买盘
11:25:36	25.14	-0.01	11	27654	卖盘
11:25:27	25.15	0.01	3	7545	中性盘
11:24:57	25.14	-0.02	98	246372	卖盘
11:24:51	25.16	0.01	10	25160	买盘
11:24:48	25.15	-0.01	5	12575	卖盘
11:24:21	25.16	-0.01	36	90576	卖盘
11:23:54	25.17	0.01	2	5034	买盘
11:23:39	25.16	--	7	17612	买盘
11:23:30	25.16	-0.01	5	12580	中性盘
11:23:03	25.17	0.02	11	27687	买盘
11:22:57	25.15	-0.01	64	160960	卖盘
11:22:51	25.16	-0.01	2	5032	卖盘
11:22:45	25.17	0.01	2	5034	买盘
11:22:24	25.16	-0.01	2	5032	卖盘
11:22:00	25.17	--	6	15102	卖盘
11:21:48	25.17	0.01	17	42789	中性盘
11:20:33	25.16	-0.01	20	50320	卖盘
11:20:24	25.17	0.01	1	2517	买盘
11:20:12	25.16	-0.01	5	12580	卖盘
11:19:24	25.17	0.01	13	32721	中性盘
11:17:48	25.16	--	8	20128	买盘
11:17:45	25.16	--	9	22644	买盘
11:17:39	25.16	--	5	12580	卖盘
11:17:24	25.16	0.01	8	20128	中性盘
11:16:15	25.15	-0.05	144	362160	卖盘
11:15:45	25.2	-0.02	10	25200	卖盘
11:15:12	25.22	--	9	22698	买盘
11:14:36	25.22	0.01	10	25220	买盘
11:14:33	25.21	0.01	1	2521	买盘
11:14:30	25.2	--	30	75600	卖盘
11:14:21	25.2	--	2	5040	卖盘
11:14:15	25.2	--	4	10080	卖盘
11:13:45	25.2	--	7	17640	买盘
11:13:39	25.2	--	4	10080	买盘
11:13:27	25.2	--	19	47880	中性盘
11:13:12	25.2	--	14	35280	卖盘
11:12:36	25.2	-0.03	10	25200	卖盘
11:12:30	25.23	0.04	6	15138	买盘
11:12:12	25.19	-0.01	2	5038	卖盘
11:11:15	25.2	--	13	32760	买盘
11:11:12	25.2	--	7	17640	卖盘
11:11:06	25.2	--	5	12600	卖盘
11:10:51	25.2	--	20	50400	卖盘
11:10:39	25.2	-0.01	35	88200	卖盘
11:10:36	25.21	--	1	2521	卖盘
11:10:27	25.21	--	9	22689	中性盘
11:10:15	25.21	--	21	52941	卖盘
11:10:00	25.21	-0.01	1	2521	卖盘
11:09:42	25.22	-0.01	51	128622	卖盘
11:09:18	25.23	--	21	52983	中性盘
11:08:45	25.23	--	1	2523	买盘
11:08:27	25.23	--	2	5046	买盘
11:08:18	25.23	--	10	25230	买盘
11:08:00	25.23	-0.02	11	27753	卖盘
11:07:24	25.25	--	2	5050	买盘
11:07:21	25.25	--	8	20200	买盘
11:07:00	25.25	0.02	2	5050	买盘
11:06:57	25.23	--	2	5046	卖盘
11:06:54	25.23	-0.02	6	15138	卖盘
11:06:51	25.25	--	1	2525	买盘
11:06:48	25.25	--	15	37875	买盘
11:06:42	25.25	-0.03	14	35350	卖盘
11:06:06	25.28	--	1	2528	卖盘
11:06:03	25.28	-0.01	5	12640	卖盘
11:06:00	25.29	0.04	58	146682	买盘
11:05:36	25.25	--	13	32825	卖盘
11:05:24	25.25	0.02	3	7575	买盘
11:05:18	25.23	-0.02	35	88305	卖盘
11:05:09	25.25	--	15	37875	买盘
11:04:30	25.25	-0.03	18	45450	卖盘
11:04:21	25.28	--	13	32864	买盘
11:03:45	25.28	--	10	25280	买盘
11:03:36	25.28	--	7	17696	买盘
11:03:33	25.28	-0.01	8	20224	中性盘
11:03:06	25.29	--	1	2529	买盘
11:02:42	25.29	0.01	10	25290	买盘
11:02:15	25.28	--	1	2528	买盘
11:02:09	25.28	--	14	35392	买盘
11:01:21	25.28	0.05	15	37920	买盘
11:01:06	25.23	-0.01	13	32799	卖盘
11:00:42	25.24	--	17	42908	买盘
11:00:30	25.24	--	14	35336	买盘
11:00:27	25.24	-0.01	9	22716	卖盘
11:00:21	25.25	-0.04	5	12625	中性盘
10:59:57	25.29	--	1	2529	买盘
10:59:42	25.29	--	15	37935	买盘
10:59:24	25.29	--	1	2529	买盘
10:58:54	25.29	--	14	35406	买盘
10:58:42	25.29	--	39	98631	买盘
10:58:06	25.29	--	15	37935	买盘
10:58:00	25.29	0.01	50	126450	买盘
10:57:39	25.28	--	8	20224	买盘
10:57:33	25.28	-0.01	14	35392	中性盘
10:57:18	25.29	--	14	35406	买盘
10:57:00	25.29	--	14	35406	买盘
10:56:51	25.29	--	20	50580	买盘
10:56:30	25.29	--	15	37935	买盘
10:56:12	25.29	--	5	12645	卖盘
10:56:03	25.29	--	2	5058	卖盘
10:56:00	25.29	--	10	25290	卖盘
10:55:51	25.29	--	10	25290	卖盘
10:55:45	25.29	-0.01	13	32877	卖盘
10:55:42	25.3	0.03	51	129030	买盘
10:55:36	25.27	-0.03	1	2527	卖盘
10:55:18	25.3	--	14	35420	买盘
10:55:15	25.3	0.01	56	141680	买盘
10:54:54	25.29	--	40	101160	买盘
10:54:51	25.29	--	15	37935	买盘
10:54:45	25.29	--	23	58167	买盘
10:54:24	25.29	-0.01	10	25290	买盘
10:54:09	25.3	0.01	5	12650	买盘
10:54:03	25.29	0.01	6	15174	买盘
10:54:00	25.28	--	8	20224	买盘
10:53:54	25.28	-0.01	10	25280	中性盘
10:53:42	25.29	0.01	50	126450	买盘
10:53:39	25.28	--	17	42976	买盘
10:53:33	25.28	--	10	25280	买盘
10:53:24	25.28	-0.01	1	2528	中性盘
10:53:15	25.29	0.01	14	35406	买盘
10:53:12	25.28	--	2	5056	买盘
10:52:48	25.28	--	4	10112	买盘
10:52:36	25.28	--	10	25280	买盘
10:52:27	25.28	--	3	7584	买盘
10:52:24	25.28	0.01	12	30336	买盘
10:52:21	25.27	--	1	2527	买盘
10:52:18	25.27	0.03	12	30324	买盘
10:52:00	25.24	--	0	151	买盘
10:51:54	25.24	--	6	15143	买盘
10:51:48	25.24	--	9	22716	买盘
10:51:42	25.24	0.01	5	12620	买盘
10:51:39	25.23	0.04	24	60552	买盘
10:51:03	25.19	-0.04	9	22671	卖盘
10:50:57	25.23	--	13	32799	买盘
10:50:54	25.23	--	2	5046	买盘
10:50:51	25.23	0.01	13	32799	买盘
10:50:15	25.22	--	30	75660	买盘
10:50:06	25.22	--	12	30264	买盘
10:50:03	25.22	0.03	15	37830	买盘
10:49:51	25.19	-0.04	4	10076	卖盘
10:49:15	25.23	-0.01	14	35322	中性盘
10:48:27	25.24	--	15	37860	买盘
10:48:24	25.24	0.03	20	50480	买盘
10:48:15	25.21	--	5	12605	买盘
10:48:12	25.21	--	41	103361	卖盘
10:48:06	25.21	-0.01	10	25210	卖盘
10:47:36	25.22	--	14	35308	买盘
10:46:51	25.22	--	12	30264	买盘
10:46:48	25.22	0.01	10	25220	买盘
10:46:12	25.21	0.03	14	35294	买盘
10:46:09	25.18	0.01	5	12590	买盘
10:45:54	25.17	--	9	22653	买盘
10:45:51	25.17	0.01	10	25170	买盘
10:45:48	25.16	-0.01	50	125800	卖盘
10:45:42	25.17	--	3	7551	买盘
10:45:27	25.17	--	7	17619	买盘
10:45:24	25.17	--	8	20136	买盘
10:45:21	25.17	--	5	12585	买盘
10:45:00	25.17	--	16	40272	卖盘
10:43:51	25.17	-0.03	10	25170	卖盘
10:43:09	25.2	--	4	10080	买盘
10:43:03	25.2	--	2	5040	买盘
10:42:51	25.2	--	1	2520	买盘
10:42:36	25.2	--	5	12600	卖盘
10:41:51	25.2	--	40	100800	买盘
10:41:42	25.2	--	15	37800	买盘
10:41:03	25.2	-0.01	10	25200	卖盘
10:40:51	25.21	0.01	14	35294	买盘
10:40:45	25.2	-0.01	10	25200	中性盘
10:40:03	25.21	-0.01	15	37815	中性盘
10:39:15	25.22	0.02	13	32786	买盘
10:38:45	25.2	--	88	221760	买盘
10:38:24	25.2	--	17	42840	买盘
10:38:21	25.2	--	83	209160	卖盘
10:38:18	25.2	--	5	12600	卖盘
10:38:06	25.2	--	113	284760	卖盘
10:38:03	25.2	0.06	60	151200	卖盘
10:37:48	25.14	0.01	72	181008	买盘
10:37:45	25.13	-0.01	1	2513	卖盘
10:37:36	25.14	--	11	27654	买盘
10:37:21	25.14	0.01	4	10056	买盘
10:37:18	25.13	-0.11	28	70364	卖盘
10:37:06	25.24	0.11	10	25240	买盘
10:37:03	25.13	-0.02	178	447992	卖盘
10:36:48	25.15	0.01	40	100600	买盘
10:36:45	25.14	-0.01	2	5028	卖盘
10:36:33	25.15	--	10	25150	买盘
10:36:30	25.15	--	28	70420	买盘
10:36:21	25.15	-0.01	143	361480	卖盘
10:36:12	25.16	--	1	3195	买盘
10:36:06	25.16	0.01	3	7548	买盘
10:36:00	25.15	--	28	70420	卖盘
10:35:54	25.15	-0.01	42	105630	卖盘
10:35:48	25.16	--	7	17612	买盘
10:35:42	25.16	0.01	11	27676	买盘
10:35:33	25.15	--	1	2515	卖盘
10:35:30	25.15	-0.01	50	125750	卖盘
10:35:27	25.16	--	10	25160	买盘
10:35:24	25.16	--	5	12580	买盘
10:35:21	25.16	--	3	7548	买盘
10:35:18	25.16	-0.01	48	122604	卖盘
10:35:15	25.17	-0.01	38	95646	卖盘
10:35:00	25.18	-0.01	24	60432	卖盘
10:34:36	25.19	0.01	10	25190	中性盘
10:33:33	25.18	0.01	5	12590	中性盘
10:33:06	25.17	--	38	95646	买盘
10:32:42	25.17	0.01	5	12585	中性盘
10:31:45	25.16	--	7	17612	卖盘
10:31:42	25.16	--	23	58547	卖盘
10:31:39	25.16	--	25	62900	买盘
10:31:21	25.16	-0.08	25	62900	卖盘
10:30:57	25.24	0.06	19	47956	买盘
10:30:51	25.18	--	30	75540	卖盘
10:30:45	25.18	--	50	125900	中性盘
10:30:33	25.18	0.03	40	100720	买盘
10:30:15	25.15	-0.03	50	125750	卖盘
10:30:06	25.18	0.02	5	12590	买盘
10:29:57	25.16	--	2	5032	买盘
10:29:54	25.16	-0.03	50	125800	卖盘
10:29:45	25.19	0.04	4	10076	中性盘
10:29:21	25.15	-0.09	63	158445	卖盘
10:29:18	25.24	0.05	30	75720	买盘
10:29:06	25.19	0.03	1	2519	买盘
10:29:00	25.16	--	1	2516	买盘
10:28:57	25.16	0.01	2	5032	中性盘
10:28:51	25.15	-0.01	10	25150	卖盘
10:28:48	25.16	0.01	6	15096	卖盘
10:28:36	25.15	-0.04	2	5030	卖盘
10:28:30	25.19	0.04	5	12595	中性盘
10:28:21	25.15	-0.05	110	276650	卖盘
10:28:12	25.2	--	20	50400	买盘
10:28:06	25.2	0.01	11	27720	买盘
10:28:03	25.19	-0.01	2	5038	中性盘
10:27:45	25.2	0.01	9	22680	中性盘
10:27:30	25.19	-0.02	40	100760	卖盘
10:27:18	25.21	0.01	10	25210	买盘
10:27:12	25.2	--	6	15120	卖盘
10:27:03	25.2	--	24	60480	卖盘
10:26:54	25.2	-0.01	3	7560	卖盘
10:26:51	25.21	0.01	8	20168	中性盘
10:26:39	25.2	-0.01	30	75600	卖盘
10:26:30	25.21	-0.03	23	57983	卖盘
10:26:27	25.24	0.04	10	25240	买盘
10:26:18	25.2	-0.04	7	17640	卖盘
10:26:12	25.24	--	17	42908	卖盘
10:26:00	25.24	0.04	10	25240	买盘
10:25:51	25.2	-0.02	50	126000	卖盘
10:25:36	25.22	-0.02	20	50440	卖盘
10:25:33	25.24	--	4	10096	卖盘
10:25:27	25.24	0.02	2	5048	买盘
10:25:18	25.22	--	25	63050	卖盘
10:25:06	25.22	--	10	25220	卖盘
10:25:00	25.22	--	3	7566	卖盘
10:24:51	25.22	--	8	20176	买盘
10:24:45	25.22	0.03	10	25220	买盘
10:24:36	25.19	-0.02	65	163735	卖盘
10:24:30	25.21	0.02	52	131092	买盘
10:24:12	25.19	0.01	19	47861	买盘
10:24:09	25.18	-0.01	24	60432	卖盘
10:24:06	25.19	0.01	11	27709	买盘
10:23:54	25.18	-0.01	32	80576	卖盘
10:23:48	25.19	--	1	2519	买盘
10:23:39	25.19	--	1	2519	买盘
10:23:36	25.19	--	5	12595	买盘
10:23:30	25.19	--	3	7557	卖盘
10:23:24	25.19	--	23	57937	卖盘
10:23:09	25.19	--	10	25190	卖盘
10:22:48	25.19	-0.01	118	297242	卖盘
10:22:45	25.2	-0.01	7	17640	卖盘
10:22:39	25.21	-0.01	1	2521	卖盘
10:22:36	25.22	--	2	5044	买盘
10:22:27	25.22	0.01	9	22698	买盘
10:22:15	25.21	0.02	33	83193	买盘
10:21:57	25.19	--	2	5038	买盘
10:21:27	25.19	-0.01	2	5038	买盘
10:21:21	25.2	-0.01	6	15120	卖盘
10:21:15	25.21	0.01	2	5042	买盘
10:21:12	25.2	--	2	5040	买盘
10:21:03	25.2	0.01	13	32760	买盘
10:21:00	25.19	-0.01	2	5038	卖盘
10:20:57	25.2	0.01	5	12600	买盘
10:20:42	25.19	--	10	25190	买盘
10:20:36	25.19	0.06	10	25190	买盘
10:20:30	25.13	-0.07	50	125650	卖盘
10:20:24	25.2	--	22	55440	买盘
10:20:21	25.2	0.08	56	141120	买盘
10:19:15	25.12	-0.02	55	138160	卖盘
10:19:12	25.14	--	5	12570	卖盘
10:19:06	25.14	0.02	4	10056	买盘
10:19:03	25.12	--	45	113040	买盘
10:19:00	25.12	--	12	30144	买盘
10:18:51	25.12	--	10	25120	买盘
10:18:48	25.12	--	1	2512	买盘
10:18:45	25.12	0.01	7	17584	中性盘
10:18:36	25.11	-0.04	307	770877	卖盘
10:18:27	25.15	--	5	12575	买盘
10:18:21	25.15	0.01	13	32694	买盘
10:18:18	25.14	--	4	10056	买盘
10:18:15	25.14	-0.04	63	158382	卖盘
10:17:51	25.18	-0.01	3	7554	中性盘
10:17:36	25.19	0.04	2	5038	中性盘
10:17:24	25.15	-0.05	200	503000	卖盘
10:17:21	25.2	0.02	2	5040	中性盘
10:17:09	25.18	-0.02	80	201440	卖盘
10:17:03	25.2	--	8	20160	卖盘
10:17:00	25.2	0.01	77	196459	买盘
10:16:51	25.19	-0.01	3	7557	卖盘
10:16:39	25.2	--	81	204120	买盘
10:16:33	25.2	--	77	194140	卖盘
10:16:30	25.2	-0.01	24	60480	卖盘
10:16:21	25.21	-0.01	72	181512	卖盘
10:16:09	25.22	--	1	2522	卖盘
10:15:54	25.22	-0.02	50	126100	卖盘
10:15:42	25.24	0.02	15	37860	买盘
10:15:36	25.22	-0.02	43	108446	卖盘
10:15:21	25.24	--	2	5048	买盘
10:15:18	25.24	0.02	6	15143	买盘
10:15:12	25.22	-0.03	29	73138	中性盘
10:14:21	25.25	--	25	63125	买盘
10:14:18	25.25	0.03	24	60600	买盘
10:14:12	25.22	-0.03	4	10088	卖盘
10:14:09	25.25	--	30	75750	买盘
10:14:06	25.25	--	5	12625	买盘
10:13:54	25.25	--	1	2525	卖盘
10:13:39	25.25	--	9	22725	买盘
10:13:36	25.25	0.04	1	2525	卖盘
10:13:18	25.21	--	9	22689	买盘
10:13:15	25.21	--	21	52941	卖盘
10:13:12	25.21	--	1	2521	买盘
10:13:09	25.21	--	5	12605	买盘
10:13:06	25.21	--	10	25210	买盘
10:13:03	25.21	-0.06	38	95798	卖盘
10:13:00	25.27	0.06	15	37905	买盘
10:12:57	25.21	-0.02	5	12605	卖盘
10:12:54	25.23	--	20	50460	买盘
10:12:51	25.23	--	12	30276	买盘
10:12:42	25.23	--	1	2523	买盘
10:12:27	25.23	-0.04	17	42891	卖盘
10:12:21	25.27	--	1	2527	中性盘
10:12:12	25.27	0.07	8	20216	买盘
10:11:54	25.2	-0.03	111	280173	卖盘
10:11:42	25.23	--	75	189225	卖盘
10:11:24	25.23	--	2	5046	买盘
10:11:21	25.23	--	7	17661	买盘
10:11:18	25.23	--	10	25230	买盘
10:11:15	25.23	--	5	12615	买盘
10:11:12	25.23	--	12	30276	买盘
10:11:06	25.23	--	14	35322	卖盘
10:11:00	25.23	-0.04	50	126150	卖盘
10:10:39	25.27	0.03	19	48013	中性盘
10:10:21	25.24	--	5	12620	卖盘
10:10:18	25.24	--	7	17668	买盘
10:10:09	25.24	--	18	45432	卖盘
10:10:03	25.24	--	2	5048	卖盘
10:09:54	25.24	-0.01	16	40384	卖盘
10:09:39	25.25	--	15	37875	卖盘
10:09:36	25.25	--	2	5050	卖盘
10:09:30	25.25	--	13	32825	卖盘
10:09:12	25.25	--	30	75750	卖盘
10:08:51	25.25	--	1	2525	卖盘
10:08:45	25.25	--	4	10100	买盘
10:08:33	25.25	--	46	116150	卖盘
10:08:24	25.25	--	56	141400	卖盘
10:08:12	25.25	0.01	9	22725	买盘
10:08:06	25.24	-0.01	5	12620	卖盘
10:08:03	25.25	0.02	5	12625	买盘
10:07:39	25.23	--	20	50460	卖盘
10:07:33	25.23	0.01	14	35322	卖盘
10:07:27	25.22	--	1	2522	买盘
10:07:24	25.22	-0.03	29	73138	卖盘
10:07:21	25.25	--	10	25250	买盘
10:07:12	25.25	0.02	5	12625	买盘
10:07:09	25.23	0.01	2	5046	中性盘
10:06:57	25.22	-0.03	23	58006	卖盘
10:06:48	25.25	0.04	1	2525	买盘
10:06:36	25.21	-0.04	10	25210	卖盘
10:06:33	25.25	-0.02	3	7575	卖盘
10:06:30	25.27	0.07	7	17689	买盘
10:06:21	25.2	-0.01	80	201600	卖盘
10:06:12	25.21	--	12	32218	买盘
10:06:09	25.21	--	1	2521	买盘
10:06:06	25.21	-0.04	64	161344	卖盘
10:05:57	25.25	--	10	25250	买盘
10:05:54	25.25	--	4	10655	卖盘
10:05:45	25.25	-0.02	7	17675	卖盘
10:05:42	25.27	0.02	1	2527	买盘
10:05:39	25.25	--	50	126250	卖盘
10:05:24	25.25	-0.03	38	95950	卖盘
10:05:15	25.28	0.03	18	45504	中性盘
10:05:00	25.25	-0.03	38	95950	卖盘
10:04:45	25.28	-0.01	100	252800	卖盘
10:04:33	25.29	-0.01	60	151740	卖盘
10:04:21	25.3	--	2	5060	卖盘
10:04:15	25.3	-0.01	20	50600	卖盘
10:04:12	25.31	0.02	3	7593	中性盘
10:03:36	25.29	-0.03	90	227610	卖盘
10:03:30	25.32	--	3	7596	卖盘
10:03:12	25.32	0.01	29	73428	买盘
10:03:06	25.31	-0.01	12	30372	卖盘
10:02:57	25.32	--	3	7596	买盘
10:02:51	25.32	--	3	7596	买盘
10:02:48	25.32	0.01	6	15192	中性盘
10:02:42	25.31	-0.02	8	20248	卖盘
10:02:12	25.33	0.03	32	81056	买盘
10:02:03	25.3	-0.01	50	126500	卖盘
10:01:51	25.31	--	4	10124	卖盘
10:01:45	25.31	--	2	7036	买盘
10:01:42	25.31	--	2	6099	卖盘
10:01:39	25.31	-0.01	7	19210	买盘
10:01:36	25.32	0.01	33	84594	卖盘
10:01:33	25.31	--	6	16679	买盘
10:01:30	25.31	-0.01	17	44064	卖盘
10:01:27	25.32	--	1	2532	买盘
10:01:24	25.32	--	5	12660	买盘
10:01:09	25.32	-0.01	44	111408	卖盘
10:00:57	25.33	--	5	12665	卖盘
10:00:54	25.33	--	1	2533	买盘
10:00:45	25.33	0.01	9	22797	买盘
10:00:36	25.32	0.01	3	7596	买盘
10:00:33	25.31	-0.01	10	25310	卖盘
10:00:27	25.32	0.01	2	5064	买盘
10:00:24	25.31	-0.02	13	32903	卖盘
10:00:12	25.33	--	70	177310	卖盘
10:00:03	25.33	--	12	30395	卖盘
09:59:57	25.33	--	81	205173	买盘
09:59:36	25.33	--	49	124116	卖盘
09:59:09	25.33	0.01	5	12665	中性盘
09:58:27	25.32	-0.02	61	154452	卖盘
09:58:18	25.34	0.01	10	25340	中性盘
09:58:09	25.33	-0.04	19	48127	卖盘
09:57:48	25.37	--	7	17759	卖盘
09:57:42	25.37	-0.01	13	32981	卖盘
09:57:30	25.38	--	1	2538	买盘
09:57:24	25.38	-0.01	66	167508	卖盘
09:57:21	25.39	0.01	1	2539	买盘
09:57:15	25.38	--	10	25380	卖盘
09:57:12	25.38	--	5	12690	卖盘
09:57:06	25.38	0.04	69	175122	买盘
09:56:57	25.34	--	28	70952	卖盘
09:56:30	25.34	0.02	23	58282	买盘
09:56:27	25.32	-0.02	44	112901	卖盘
09:56:15	25.34	--	7	17738	卖盘
09:56:09	25.34	-0.02	100	253400	卖盘
09:56:03	25.36	0.02	10	25360	买盘
09:55:51	25.34	-0.02	10	25340	卖盘
09:55:48	25.36	--	5	12680	买盘
09:55:42	25.36	0.01	9	22824	买盘
09:55:39	25.35	--	1	2535	买盘
09:55:36	25.35	-0.01	4	10140	卖盘
09:55:30	25.36	--	12	30432	买盘
09:55:27	25.36	0.01	3	7608	买盘
09:55:24	25.35	--	13	32955	卖盘
09:55:15	25.35	--	7	17745	买盘
09:55:03	25.35	--	12	30420	买盘
09:55:00	25.35	-0.01	31	78585	卖盘
09:54:51	25.36	--	50	126800	卖盘
09:54:39	25.36	--	30	76080	卖盘
09:54:33	25.36	--	40	101440	买盘
09:54:24	25.36	0.01	9	22824	买盘
09:54:21	25.35	-0.01	5	12675	卖盘
09:54:09	25.36	0.02	11	27896	中性盘
09:53:45	25.34	-0.03	65	164710	卖盘
09:53:39	25.37	--	32	81184	买盘
09:53:36	25.37	0.01	2	5074	买盘
09:53:15	25.36	0.01	12	30432	买盘
09:53:09	25.35	-0.01	6	15210	卖盘
09:53:06	25.36	--	4	10144	买盘
09:53:03	25.36	--	8	20288	买盘
09:52:57	25.36	--	4	10144	买盘
09:52:54	25.36	--	22	55792	卖盘
09:52:45	25.36	-0.01	80	202880	卖盘
09:52:42	25.37	--	3	7611	卖盘
09:52:30	25.37	--	17	43129	买盘
09:52:12	25.37	-0.02	3	7611	中性盘
09:51:30	25.39	0.03	1	2539	买盘
09:51:27	25.36	-0.03	3	7608	中性盘
09:51:00	25.39	--	50	126950	卖盘
09:50:48	25.39	--	20	50780	卖盘
09:50:39	25.39	0.04	30	76170	买盘
09:50:33	25.35	--	2	5070	买盘
09:50:06	25.35	--	57	144495	卖盘
09:50:00	25.35	-0.01	10	25350	卖盘
09:49:36	25.36	--	3	7608	买盘
09:49:33	25.36	--	11	27896	买盘
09:49:30	25.36	--	5	12680	买盘
09:49:15	25.36	--	11	27896	卖盘
09:49:12	25.36	-0.01	19	48184	卖盘
09:49:00	25.37	--	4	10148	买盘
09:48:54	25.37	-0.01	16	40592	卖盘
09:48:48	25.38	-0.01	5	12690	卖盘
09:48:39	25.39	--	9	22851	买盘
09:48:33	25.39	-0.01	10	25390	卖盘
09:48:30	25.4	--	5	12700	买盘
09:48:21	25.4	--	3	7620	买盘
09:47:48	25.4	--	10	25400	中性盘
09:47:30	25.4	--	20	50800	卖盘
09:47:18	25.4	--	1	2540	买盘
09:47:03	25.4	--	9	22860	卖盘
09:46:54	25.4	--	1	2540	买盘
09:46:48	25.4	--	2	5080	买盘
09:46:33	25.4	-0.03	7	17780	卖盘
09:46:30	25.43	0.03	4	10172	买盘
09:46:27	25.4	--	10	25400	卖盘
09:46:18	25.4	0.02	5	12700	买盘
09:45:54	25.38	--	4	10152	买盘
09:45:42	25.38	-0.02	11	27918	卖盘
09:45:39	25.4	-0.03	15	38100	卖盘
09:45:30	25.43	--	1	2543	买盘
09:45:03	25.43	0.05	13	33059	买盘
09:44:06	25.38	0.03	5	12690	买盘
09:43:27	25.35	-0.03	6	15210	卖盘
09:43:18	25.38	0.01	2	5076	买盘
09:43:03	25.37	0.02	1	2537	买盘
09:42:27	25.35	-0.01	6	15210	卖盘
09:42:21	25.36	-0.01	5	12680	中性盘
09:42:18	25.37	--	3	7611	买盘
09:42:15	25.37	--	47	119239	买盘
09:42:09	25.37	0.01	3	7611	买盘
09:42:03	25.36	-0.01	10	25360	卖盘
09:41:45	25.37	-0.01	41	104017	卖盘
09:41:39	25.38	--	2	5076	卖盘
09:41:33	25.38	-0.01	4	10152	卖盘
09:41:18	25.39	0.01	4	10156	买盘
09:41:15	25.38	--	2	5076	买盘
09:41:09	25.38	-0.01	5	12690	卖盘
09:41:06	25.39	--	10	25390	买盘
09:40:45	25.39	--	20	50780	买盘
09:40:42	25.39	--	13	33007	卖盘
09:40:36	25.39	-0.01	6	15234	卖盘
09:40:33	25.4	--	5	12700	买盘
09:40:27	25.4	--	7	17780	买盘
09:40:09	25.4	-0.03	3	7620	卖盘
09:40:06	25.43	0.03	3	7629	买盘
09:39:42	25.4	--	2	5080	买盘
09:39:36	25.4	--	1	2540	买盘
09:39:30	25.4	--	7	17780	卖盘
09:39:15	25.4	0.03	12	30480	中性盘
09:38:45	25.37	--	85	215645	卖盘
09:38:30	25.37	-0.09	5	12685	卖盘
09:38:21	25.46	0.08	14	35644	买盘
09:38:18	25.38	--	1	2538	买盘
09:38:15	25.38	-0.07	9	22842	卖盘
09:38:12	25.45	--	8	22752	卖盘
09:38:06	25.45	0.08	3	7787	中性盘
09:37:57	25.37	-0.06	45	114165	卖盘
09:37:51	25.43	0.03	3	7629	买盘
09:37:15	25.4	--	3	7620	买盘
09:37:12	25.4	0.03	2	5080	买盘
09:37:09	25.37	-0.03	10	25370	卖盘
09:37:00	25.4	0.03	10	25400	买盘
09:36:45	25.37	--	26	65962	卖盘
09:36:24	25.37	0.01	10	25370	买盘
09:36:18	25.36	--	5	12680	卖盘
09:36:12	25.36	--	6	15216	卖盘
09:36:06	25.36	--	146	370256	买盘
09:35:54	25.36	--	17	43112	买盘
09:35:51	25.36	--	11	27896	买盘
09:35:45	25.36	--	10	25360	买盘
09:35:42	25.36	--	10	25360	买盘
09:35:39	25.36	--	28	71008	买盘
09:35:36	25.36	--	26	65936	买盘
09:35:33	25.36	--	5	12680	买盘
09:35:24	25.36	--	10	25360	买盘
09:35:21	25.36	--	6	15216	买盘
09:35:15	25.36	-0.02	2	5072	卖盘
09:35:00	25.38	--	7	17766	卖盘
09:34:57	25.38	--	4	10152	买盘
09:34:33	25.38	--	6	15228	卖盘
09:34:18	25.38	--	16	40608	卖盘
09:34:09	25.38	--	13	32994	卖盘
09:33:48	25.38	-0.01	1	2538	买盘
09:33:42	25.39	0.01	31	78709	买盘
09:33:36	25.38	--	1	2538	卖盘
09:33:24	25.38	0.02	10	25380	卖盘
09:33:18	25.36	--	1	2536	买盘
09:33:12	25.36	-0.02	9	22824	卖盘
09:33:09	25.38	--	5	12690	买盘
09:33:03	25.38	--	4	10152	买盘
09:32:54	25.38	0.03	3	7614	买盘
09:32:33	25.35	0.01	1	2535	中性盘
09:32:30	25.34	-0.04	11	27874	卖盘
09:32:21	25.38	--	5	12690	买盘
09:32:03	25.38	0.1	2	5076	中性盘
09:30:33	25.28	--	10	25280	中性盘
09:30:09	25.28	-0.09	4	10112	卖盘
09:30:06	25.37	25.37	21	53277	买盘
