成交时间	成交价	价格变动	成交量(手)	成交额(元)	性质
15:00:03	72.38	--	316	2287208	卖盘
14:57:03	72.38	-0.06	50	361900	卖盘
14:57:00	72.44	0.01	23	166612	买盘
14:56:57	72.43	--	2	14486	买盘
14:56:54	72.43	--	1	7243	卖盘
14:56:51	72.43	--	4	28972	卖盘
14:56:48	72.43	-0.01	1	7243	卖盘
14:56:45	72.44	--	2	14488	买盘
14:56:33	72.44	--	5	36220	买盘
14:56:30	72.44	0.03	12	86928	买盘
14:56:24	72.41	-0.02	8	57928	卖盘
14:56:18	72.43	0.04	34	246262	买盘
14:56:15	72.39	-0.03	5	36195	卖盘
14:56:12	72.42	0.03	3	21726	买盘
14:56:03	72.39	-0.01	9	65151	卖盘
14:56:00	72.4	--	4	28960	中性盘
14:55:54	72.4	0.02	1	7240	买盘
14:55:45	72.38	-0.02	2	14476	卖盘
14:55:42	72.4	0.01	61	441640	买盘
14:55:39	72.39	--	2	14478	买盘
14:55:36	72.39	0.01	10	72390	买盘
14:55:33	72.38	0.02	24	173712	买盘
14:55:30	72.36	-0.02	1	7236	卖盘
14:55:27	72.38	--	6	43428	买盘
14:55:24	72.38	0.02	4	28952	中性盘
14:55:12	72.36	-0.02	3	21708	卖盘
14:55:06	72.38	--	4	28952	卖盘
14:55:03	72.38	0.03	25	180950	买盘
14:55:00	72.35	--	1	7234	卖盘
14:54:54	72.35	--	3	21705	卖盘
14:54:48	72.35	--	4	28939	买盘
14:54:42	72.35	0.01	2	14469	买盘
14:54:39	72.34	0.01	1	7234	买盘
14:54:36	72.33	-0.01	3	21699	卖盘
14:54:33	72.34	--	2	14468	买盘
14:54:30	72.34	--	3	21702	买盘
14:54:27	72.34	0.01	1	7234	买盘
14:54:24	72.33	-0.01	7	50631	卖盘
14:54:21	72.34	0.01	6	43404	买盘
14:54:09	72.33	0.02	24	173592	买盘
14:54:06	72.31	0.01	6	43386	买盘
14:54:03	72.3	-0.01	16	115680	卖盘
14:54:00	72.31	0.01	5	36155	买盘
14:53:57	72.3	--	4	28920	卖盘
14:53:51	72.3	-0.01	17	122910	卖盘
14:53:45	72.31	0.01	7	50617	买盘
14:53:42	72.3	--	1	7230	卖盘
14:53:36	72.3	0.02	81	585630	买盘
14:53:30	72.28	-0.01	1	7228	卖盘
14:53:24	72.29	0.01	1	7229	买盘
14:53:21	72.28	-0.01	3	21684	中性盘
14:53:18	72.29	-0.01	3	21687	卖盘
14:53:15	72.3	0.08	35	253050	买盘
14:53:12	72.22	-0.05	12	86664	卖盘
14:53:09	72.27	-0.03	34	245718	卖盘
14:53:06	72.3	--	13	93990	买盘
14:53:03	72.3	0.01	13	93990	买盘
14:53:00	72.29	0.01	12	86748	买盘
14:52:57	72.28	-0.02	7	50596	卖盘
14:52:54	72.3	--	7	50610	买盘
14:52:51	72.3	--	4	28920	买盘
14:52:42	72.3	--	5	36150	买盘
14:52:39	72.3	-0.01	20	144600	卖盘
14:52:36	72.31	--	4	28924	卖盘
14:52:33	72.31	-0.02	6	43386	中性盘
14:52:27	72.33	0.03	10	72330	买盘
14:52:24	72.3	--	10	72300	卖盘
14:52:21	72.3	-0.01	3	21690	卖盘
14:52:18	72.31	-0.02	1	7231	卖盘
14:52:15	72.33	0.01	18	130194	买盘
14:52:09	72.32	0.01	18	130175	中性盘
14:52:00	72.31	--	2	14462	卖盘
14:51:57	72.31	-0.02	9	65079	卖盘
14:51:54	72.33	-0.01	1	7233	卖盘
14:51:51	72.34	0.01	14	101276	买盘
14:51:48	72.33	-0.01	3	21699	卖盘
14:51:45	72.34	--	5	36170	买盘
14:51:33	72.34	--	18	130212	卖盘
14:51:24	72.34	-0.02	7	50638	卖盘
14:51:21	72.36	-0.01	2	14472	中性盘
14:51:18	72.37	--	10	72370	买盘
14:51:12	72.37	--	64	463168	买盘
14:51:09	72.37	-0.01	19	137503	中性盘
14:51:03	72.38	0.02	6	43428	卖盘
14:50:51	72.36	-0.02	25	180900	卖盘
14:50:48	72.38	-0.01	3	21714	卖盘
14:50:39	72.39	0.01	4	28956	买盘
14:50:36	72.38	--	11	79618	卖盘
14:50:33	72.38	-0.01	2	14476	卖盘
14:50:21	72.39	0.02	1	7239	买盘
14:50:15	72.37	-0.02	6	43422	卖盘
14:50:03	72.39	--	2	14478	中性盘
14:49:57	72.39	-0.01	2	14478	卖盘
14:49:51	72.4	--	5	36200	买盘
14:49:39	72.4	0.01	1	7240	中性盘
14:49:36	72.39	-0.02	1	7239	卖盘
14:49:33	72.41	0.01	7	50687	买盘
14:49:27	72.4	--	4	28960	买盘
14:49:18	72.4	-0.01	3	21720	卖盘
14:49:12	72.41	--	5	36205	卖盘
14:49:09	72.41	--	2	14482	卖盘
14:49:03	72.41	-0.01	7	50687	卖盘
14:49:00	72.42	0.01	2	14484	中性盘
14:48:51	72.41	-0.03	5	36205	卖盘
14:48:48	72.44	0.02	8	57952	买盘
14:48:45	72.42	-0.02	1	7242	卖盘
14:48:33	72.44	-0.02	1	7244	卖盘
14:48:30	72.46	0.02	5	36230	中性盘
14:48:21	72.44	-0.06	1	7244	卖盘
14:48:12	72.5	--	11	79750	买盘
14:48:06	72.5	0.05	17	123250	买盘
14:48:03	72.45	-0.01	1	7245	卖盘
14:48:00	72.46	-0.04	3	21737	卖盘
14:47:57	72.5	--	15	108750	买盘
14:47:48	72.5	-0.01	32	232000	卖盘
14:47:27	72.51	-0.03	2	14502	中性盘
14:47:21	72.54	0.01	3	21762	买盘
14:47:18	72.53	--	6	43518	卖盘
14:47:15	72.53	--	8	58024	卖盘
14:47:12	72.53	--	4	29012	卖盘
14:47:09	72.53	--	2	14506	卖盘
14:47:03	72.53	--	6	43518	卖盘
14:47:00	72.53	0.03	20	145060	买盘
14:46:54	72.5	-0.01	8	58000	卖盘
14:46:51	72.51	--	6	43506	卖盘
14:46:48	72.51	--	4	29004	卖盘
14:46:39	72.51	-0.02	10	72510	卖盘
14:46:36	72.53	0.02	8	58024	中性盘
14:46:27	72.51	-0.01	10	72510	卖盘
14:46:24	72.52	-0.01	4	29008	卖盘
14:46:21	72.53	--	5	36265	卖盘
14:46:18	72.53	--	6	43518	买盘
14:46:15	72.53	0.02	2	14506	买盘
14:46:12	72.51	0.01	4	29004	买盘
14:46:09	72.5	-0.03	4	29000	卖盘
14:46:06	72.53	0.03	6	43518	买盘
14:46:03	72.5	-0.05	6	43500	卖盘
14:45:54	72.55	0.02	9	65295	买盘
14:45:51	72.53	-0.02	13	94289	中性盘
14:45:45	72.55	0.05	5	36275	买盘
14:45:39	72.5	-0.01	5	36250	卖盘
14:45:36	72.51	0.01	1	7251	中性盘
14:45:30	72.5	--	4	29000	卖盘
14:45:27	72.5	-0.06	5	36250	卖盘
14:45:24	72.56	0.06	8	58048	买盘
14:45:18	72.5	0.02	10	72500	买盘
14:45:15	72.48	-0.02	2	14496	买盘
14:45:12	72.5	--	94	681500	买盘
14:45:09	72.5	0.01	3	21750	买盘
14:45:06	72.49	--	4	28995	卖盘
14:45:03	72.49	--	12	86988	买盘
14:44:57	72.49	--	1	7248	买盘
14:44:54	72.49	--	1	7248	买盘
14:44:51	72.49	--	2	14497	买盘
14:44:42	72.49	0.01	1	7248	买盘
14:44:39	72.48	--	5	36240	卖盘
14:44:36	72.48	--	13	94224	卖盘
14:44:33	72.48	--	1	7248	卖盘
14:44:27	72.48	--	1	7248	卖盘
14:44:21	72.48	--	39	282672	买盘
14:44:09	72.48	0.02	3	21744	买盘
14:44:06	72.46	--	5	36230	买盘
14:44:03	72.46	0.01	2	14491	买盘
14:44:00	72.45	-0.01	5	36225	卖盘
14:43:57	72.46	0.01	3	21737	买盘
14:43:54	72.45	--	4	28980	卖盘
14:43:51	72.45	--	5	36225	卖盘
14:43:48	72.45	--	1	7245	卖盘
14:43:42	72.45	--	2	14490	买盘
14:43:39	72.45	--	8	57960	买盘
14:43:36	72.45	--	1	7245	买盘
14:43:33	72.45	--	1	7245	买盘
14:43:30	72.45	--	5	36225	买盘
14:43:24	72.45	--	2	14490	买盘
14:43:21	72.45	--	3	21735	买盘
14:43:09	72.45	0.06	14	101430	买盘
14:42:57	72.39	0.03	4	28956	买盘
14:42:51	72.36	-0.03	2	14472	卖盘
14:42:48	72.39	--	2	14478	买盘
14:42:45	72.39	--	7	50673	买盘
14:42:42	72.39	-0.01	6	43434	中性盘
14:42:39	72.4	0.05	32	231680	买盘
14:42:33	72.35	-0.05	3	21705	卖盘
14:42:30	72.4	--	1	7240	买盘
14:42:27	72.4	--	53	383720	买盘
14:42:24	72.4	--	2	14480	买盘
14:42:18	72.4	0.05	21	152040	买盘
14:42:15	72.35	-0.05	4	28939	卖盘
14:42:12	72.4	--	5	36200	买盘
14:42:06	72.4	--	2	14480	买盘
14:42:03	72.4	0.07	9	65160	买盘
14:41:51	72.33	-0.02	55	397815	卖盘
14:41:48	72.35	--	3	21705	买盘
14:41:45	72.35	-0.05	7	50644	中性盘
14:41:39	72.4	0.05	105	760200	买盘
14:41:36	72.35	--	3	21705	买盘
14:41:33	72.35	--	37	267695	卖盘
14:41:30	72.35	--	6	43410	卖盘
14:41:27	72.35	--	8	57879	卖盘
14:41:24	72.35	--	1	7234	卖盘
14:41:18	72.35	-0.05	8	57879	卖盘
14:41:15	72.4	0.05	3	21720	买盘
14:41:12	72.35	--	6	43410	中性盘
14:41:06	72.35	--	1	7234	买盘
14:41:03	72.35	--	6	43410	卖盘
14:40:57	72.35	-0.01	30	217049	卖盘
14:40:54	72.36	-0.04	7	50652	中性盘
14:40:51	72.4	0.05	8	57920	买盘
14:40:48	72.35	-0.05	1	7234	卖盘
14:40:45	72.4	0.05	27	195480	买盘
14:40:39	72.35	-0.05	1	7234	卖盘
14:40:36	72.4	--	13	94120	买盘
14:40:33	72.4	-0.01	5	36200	中性盘
14:40:30	72.41	0.01	12	86892	买盘
14:40:21	72.4	--	1	7240	买盘
14:40:15	72.4	-0.01	15	108600	卖盘
14:40:12	72.41	--	5	36205	卖盘
14:40:09	72.41	-0.04	10	72410	卖盘
14:40:06	72.45	0.04	4	28980	买盘
14:40:03	72.41	--	1	7241	卖盘
14:40:00	72.41	-0.05	18	130338	卖盘
14:39:39	72.46	--	1	7245	卖盘
14:39:36	72.46	-0.01	1	7245	卖盘
14:39:33	72.47	0.01	2	14494	买盘
14:39:30	72.46	-0.01	22	159412	卖盘
14:39:27	72.47	-0.01	3	21741	卖盘
14:39:24	72.48	--	7	50736	买盘
14:39:21	72.48	--	1	7248	买盘
14:39:12	72.48	0.01	6	43488	买盘
14:39:09	72.47	-0.01	10	72470	卖盘
14:38:57	72.48	-0.03	14	101472	卖盘
14:38:51	72.51	0.01	10	72510	买盘
14:38:48	72.5	--	9	65250	卖盘
14:38:45	72.5	-0.01	10	72500	卖盘
14:38:42	72.51	--	11	79761	买盘
14:38:39	72.51	0.01	1	7251	买盘
14:38:36	72.5	-0.02	8	58000	卖盘
14:38:33	72.52	-0.04	10	72520	卖盘
14:38:30	72.56	0.04	5	36280	买盘
14:38:24	72.52	--	33	239316	卖盘
14:38:21	72.52	-0.04	8	58016	卖盘
14:38:18	72.56	--	6	43536	买盘
14:38:12	72.56	--	15	108840	卖盘
14:38:09	72.56	--	3	21768	卖盘
14:38:06	72.56	-0.02	5	36280	卖盘
14:38:00	72.58	0.02	1	7258	中性盘
14:37:57	72.56	-0.02	5	36280	卖盘
14:37:54	72.58	-0.07	2	14516	卖盘
14:37:51	72.65	0.05	10	72650	买盘
14:37:42	72.6	-0.05	50	363000	卖盘
14:37:39	72.65	--	1	7265	卖盘
14:37:36	72.65	--	6	43590	卖盘
14:37:33	72.65	--	5	36325	卖盘
14:37:30	72.65	-0.01	10	72650	卖盘
14:37:24	72.66	--	9	65394	卖盘
14:37:18	72.66	-0.03	1	7266	卖盘
14:37:09	72.69	--	1	7269	买盘
14:37:06	72.69	-0.05	2	14538	卖盘
14:37:03	72.74	0.04	31	225493	中性盘
14:36:51	72.7	-0.04	51	370770	卖盘
14:36:48	72.74	--	15	109109	卖盘
14:36:45	72.74	0.01	1	7273	卖盘
14:36:42	72.73	--	2	14546	买盘
14:36:39	72.73	0.01	16	116368	中性盘
14:36:18	72.72	--	3	21816	卖盘
14:36:15	72.72	--	10	72720	卖盘
14:36:12	72.72	--	2	14544	卖盘
14:36:03	72.72	-0.03	55	399960	卖盘
14:35:57	72.75	--	2	14550	卖盘
14:35:42	72.75	--	10	72750	卖盘
14:35:39	72.75	--	1	7275	卖盘
14:35:36	72.75	-0.03	2	14550	卖盘
14:35:33	72.78	0.03	4	29112	买盘
14:35:27	72.75	-0.05	20	145500	卖盘
14:35:21	72.8	--	2	14560	卖盘
14:35:18	72.8	0.05	41	298480	买盘
14:35:15	72.75	-0.03	3	21825	卖盘
14:35:06	72.78	-0.02	1	7278	卖盘
14:35:03	72.8	0.02	9	65520	买盘
14:35:00	72.78	-0.02	6	43668	卖盘
14:34:54	72.8	--	6	43680	买盘
14:34:51	72.8	0.02	2	14560	买盘
14:34:48	72.78	--	6	43668	卖盘
14:34:45	72.78	--	2	14556	买盘
14:34:42	72.78	-0.02	8	58224	卖盘
14:34:39	72.8	0.02	6	43680	买盘
14:34:30	72.78	--	6	43668	卖盘
14:34:24	72.78	--	2	14556	卖盘
14:34:18	72.78	--	9	65502	买盘
14:34:15	72.78	--	8	58224	买盘
14:34:09	72.78	0.02	2	14556	买盘
14:34:03	72.76	--	1	7276	中性盘
14:33:57	72.76	0.01	10	72760	中性盘
14:33:42	72.75	-0.01	12	87300	中性盘
14:33:36	72.76	-0.02	50	363800	买盘
14:33:24	72.78	--	25	181950	卖盘
14:33:18	72.78	--	3	21834	卖盘
14:33:15	72.78	0.06	23	167394	买盘
14:33:12	72.72	-0.05	3	21816	卖盘
14:33:09	72.77	0.05	5	36385	中性盘
14:32:51	72.72	-0.06	2	14544	卖盘
14:32:42	72.78	--	1	7278	买盘
14:32:30	72.78	0.06	3	21834	买盘
14:32:27	72.72	-0.08	4	29088	卖盘
14:32:21	72.8	--	1	7280	买盘
14:32:12	72.8	0.08	3	21840	买盘
14:32:09	72.72	--	3	21816	卖盘
14:32:06	72.72	-0.11	40	290880	卖盘
14:31:57	72.83	0.03	3	21849	买盘
14:31:54	72.8	--	12	87360	买盘
14:31:51	72.8	--	14	101920	买盘
14:31:45	72.8	-0.04	5	36400	卖盘
14:31:39	72.84	0.01	13	94692	买盘
14:31:36	72.83	--	3	21849	卖盘
14:31:24	72.83	--	50	364150	卖盘
14:31:21	72.83	0.11	22	160226	买盘
14:31:15	72.72	--	3	21816	卖盘
14:31:06	72.72	0.07	1	7272	中性盘
14:30:45	72.65	-0.15	4	29060	卖盘
14:30:39	72.8	0.16	10	72800	买盘
14:30:27	72.64	--	2	14528	卖盘
14:30:21	72.64	-0.06	1	7264	中性盘
14:30:18	72.7	0.07	30	218100	买盘
14:30:12	72.63	-0.01	18	130733	卖盘
14:30:09	72.64	--	3	21792	卖盘
14:30:03	72.64	--	2	14528	买盘
14:30:00	72.64	--	7	50848	买盘
14:29:57	72.64	--	1	7264	买盘
14:29:51	72.64	-0.01	2	14528	买盘
14:29:48	72.65	-0.03	18	130770	卖盘
14:29:45	72.68	0.03	1	7268	买盘
14:29:39	72.65	--	23	167095	买盘
14:29:30	72.65	0.01	7	50855	买盘
14:29:27	72.64	-0.01	26	188864	卖盘
14:29:24	72.65	--	12	87180	买盘
14:29:21	72.65	--	3	21795	买盘
14:29:18	72.65	--	11	79915	卖盘
14:29:15	72.65	-0.03	26	188890	卖盘
14:29:09	72.68	0.03	9	65412	买盘
14:29:06	72.65	-0.03	24	174360	卖盘
14:29:03	72.68	-0.02	6	43608	买盘
14:28:57	72.7	0.05	5	36350	买盘
14:28:51	72.65	0.01	9	65385	卖盘
14:28:48	72.64	-0.07	1	7264	中性盘
14:28:33	72.71	--	8	58167	卖盘
14:28:30	72.71	--	43	312653	买盘
14:28:27	72.71	0.07	1	7270	买盘
14:28:18	72.64	-0.16	16	116224	卖盘
14:28:12	72.8	0.09	2	14560	买盘
14:28:09	72.71	-0.09	7	50896	卖盘
14:27:57	72.8	--	3	21840	卖盘
14:27:42	72.8	-0.06	3	21840	卖盘
14:27:39	72.86	--	3	21858	卖盘
14:27:18	72.86	-0.08	2	14572	卖盘
14:26:57	72.94	--	7	51058	卖盘
14:26:51	72.94	-0.01	10	72940	卖盘
14:26:39	72.95	-0.03	2	14590	卖盘
14:26:24	72.98	-0.07	13	94874	卖盘
14:26:18	73.05	--	3	21915	卖盘
14:26:15	73.05	-0.04	4	29220	卖盘
14:26:09	73.09	-0.01	3	21927	卖盘
14:26:06	73.1	--	18	131580	买盘
14:26:00	73.1	--	1	7309	买盘
14:25:57	73.1	-0.01	31	226609	卖盘
14:25:54	73.11	--	1	7311	卖盘
14:25:51	73.11	--	7	51177	卖盘
14:25:45	73.11	-0.01	8	58488	卖盘
14:25:39	73.12	--	10	73120	中性盘
14:25:30	73.12	-0.08	1	7312	卖盘
14:25:12	73.2	-0.04	7	51240	卖盘
14:25:03	73.24	-0.01	23	168452	卖盘
14:24:57	73.25	--	1	7325	卖盘
14:24:51	73.25	-0.01	1	7325	卖盘
14:24:39	73.26	-0.01	7	51282	卖盘
14:24:24	73.27	--	14	102578	买盘
14:24:06	73.27	--	9	65943	卖盘
14:24:00	73.27	--	1	7327	中性盘
14:23:51	73.27	--	3	21981	卖盘
14:23:45	73.27	--	10	73270	卖盘
14:23:39	73.27	--	1	7327	卖盘
14:23:36	73.27	0.01	7	51289	中性盘
14:23:24	73.26	--	2	14652	卖盘
14:23:21	73.26	-0.01	3	21978	卖盘
14:23:12	73.27	0.01	6	43962	中性盘
14:22:48	73.26	--	2	14652	卖盘
14:22:39	73.26	--	2	14652	卖盘
14:22:36	73.26	-0.02	1	7326	卖盘
14:22:33	73.28	0.03	5	36640	中性盘
14:22:00	73.25	-0.05	17	124525	卖盘
14:21:33	73.3	--	1	7330	买盘
14:21:30	73.3	-0.01	9	65970	卖盘
14:21:18	73.31	--	10	73310	卖盘
14:21:15	73.31	-0.02	2	14662	卖盘
14:21:12	73.33	--	3	21999	买盘
14:21:09	73.33	0.02	4	29332	买盘
14:20:57	73.31	0.01	7	51317	中性盘
14:20:51	73.3	--	10	73300	卖盘
14:20:39	73.3	--	2	14660	卖盘
14:20:36	73.3	--	1	7330	卖盘
14:20:33	73.3	--	1	7330	卖盘
14:20:21	73.3	--	4	29320	买盘
14:20:18	73.3	--	10	73300	买盘
14:20:15	73.3	--	4	29320	买盘
14:20:00	73.3	-0.04	32	234560	中性盘
14:19:48	73.34	0.04	35	256690	买盘
14:19:42	73.3	-0.01	4	29320	卖盘
14:19:39	73.31	0.01	51	373881	买盘
14:19:33	73.3	--	3	21990	卖盘
14:19:27	73.3	-0.01	3	21990	买盘
14:18:57	73.31	--	1	7331	卖盘
14:18:54	73.31	--	48	351888	买盘
14:18:39	73.31	--	13	95303	卖盘
14:18:33	73.31	--	3	21993	卖盘
14:18:24	73.31	0.02	14	102634	买盘
14:18:18	73.29	0.04	1	7329	买盘
14:18:12	73.25	-0.04	5	36625	卖盘
14:17:57	73.29	-0.01	69	505701	卖盘
14:17:54	73.3	--	4	29320	买盘
14:17:51	73.3	--	12	87960	买盘
14:17:45	73.3	--	3	21990	买盘
14:17:39	73.3	--	29	212570	买盘
14:17:33	73.3	--	5	36650	买盘
14:17:30	73.3	0.01	17	124610	买盘
14:17:27	73.29	-0.01	2	14658	卖盘
14:17:24	73.3	0.01	7	51310	买盘
14:17:18	73.29	--	2	14658	卖盘
14:17:15	73.29	--	24	175896	中性盘
14:17:03	73.29	0.02	1	7329	中性盘
14:16:48	73.27	--	21	153867	买盘
14:16:45	73.27	-0.03	8	58616	卖盘
14:16:42	73.3	--	11	80630	买盘
14:16:39	73.3	--	4	29320	买盘
14:16:36	73.3	0.03	72	527760	买盘
14:16:24	73.27	-0.03	2	14654	中性盘
14:16:15	73.3	0.06	81	593730	买盘
14:16:09	73.24	-0.03	1	7323	卖盘
14:16:06	73.27	--	3	21981	买盘
14:15:54	73.27	--	1	7327	买盘
14:15:39	73.27	--	1	7327	买盘
14:15:24	73.27	0.07	2	14654	买盘
14:15:12	73.2	--	3	21960	卖盘
14:15:00	73.2	0.08	107	783240	买盘
14:14:51	73.12	--	5	36560	买盘
14:14:48	73.12	--	5	36560	买盘
14:14:33	73.12	-0.02	4	29248	卖盘
14:14:18	73.14	0.03	6	43884	买盘
14:14:12	73.11	--	1	7311	卖盘
14:14:06	73.11	--	4	29244	卖盘
14:13:48	73.11	--	8	58488	卖盘
14:13:45	73.11	--	1	7311	卖盘
14:13:42	73.11	--	6	43866	卖盘
14:13:39	73.11	--	33	241263	买盘
14:13:36	73.11	--	9	65799	买盘
14:13:33	73.11	--	8	58488	卖盘
14:13:30	73.11	--	3	21933	卖盘
14:13:27	73.11	0.01	7	51177	买盘
14:13:24	73.1	-0.01	2	14619	卖盘
14:13:21	73.11	--	1	7311	卖盘
14:13:12	73.11	0.01	2	14622	中性盘
14:13:09	73.1	--	1	7309	卖盘
14:13:03	73.1	--	2	14619	卖盘
14:13:00	73.1	-0.01	20	146200	卖盘
14:12:54	73.11	0.01	8	58488	买盘
14:12:48	73.1	-0.01	1	7309	卖盘
14:12:30	73.11	--	14	102354	卖盘
14:12:24	73.11	0.01	5	36555	卖盘
14:12:09	73.1	--	3	21930	卖盘
14:12:03	73.1	-0.01	54	394739	卖盘
14:11:48	73.11	-0.01	1	7311	卖盘
14:11:27	73.12	0.02	11	80432	买盘
14:11:18	73.1	-0.02	1	7309	卖盘
14:11:09	73.12	0.01	20	146240	买盘
14:11:03	73.11	-0.01	12	87732	卖盘
14:10:57	73.12	--	3	21936	买盘
14:10:54	73.12	0.01	14	102368	买盘
14:10:48	73.11	-0.01	1	7311	卖盘
14:10:45	73.12	--	5	36560	买盘
14:10:42	73.12	--	5	36560	买盘
14:10:36	73.12	--	10	73120	买盘
14:10:30	73.12	--	10	73120	卖盘
14:10:15	73.12	--	1	7312	卖盘
14:10:00	73.12	--	6	43872	卖盘
14:09:54	73.12	--	9	65808	买盘
14:09:51	73.12	0.01	20	146240	买盘
14:09:45	73.11	-0.01	3	21933	卖盘
14:09:42	73.12	--	1	7312	买盘
14:09:30	73.12	0.02	5	36560	买盘
14:09:21	73.1	--	1	7309	卖盘
14:09:18	73.1	--	1	7309	买盘
14:09:15	73.1	--	1	7309	买盘
14:09:12	73.1	--	6	43860	卖盘
14:09:06	73.1	-0.02	19	138890	卖盘
14:09:03	73.12	0.02	19	138928	买盘
14:09:00	73.1	-0.02	10	73100	卖盘
14:08:57	73.12	0.01	12	87744	买盘
14:08:54	73.11	--	30	219330	卖盘
14:08:51	73.11	-0.01	3	21933	卖盘
14:08:48	73.12	--	1	7312	买盘
14:08:45	73.12	0.01	2	14624	中性盘
14:08:39	73.11	-0.02	2	14622	卖盘
14:08:24	73.13	-0.15	7	51191	卖盘
14:08:12	73.28	-0.02	2	14656	中性盘
14:08:00	73.3	-0.02	5	36650	卖盘
14:07:51	73.32	0.02	12	87983	买盘
14:07:48	73.3	--	1	7330	卖盘
14:07:45	73.3	-0.02	5	36650	卖盘
14:07:42	73.32	0.02	1	7331	卖盘
14:07:36	73.3	-0.01	5	36650	卖盘
14:07:33	73.31	0.01	2	14662	买盘
14:07:27	73.3	-0.01	2	14660	卖盘
14:07:24	73.31	--	1	7331	买盘
14:07:21	73.31	0.01	1	7331	买盘
14:07:18	73.3	--	12	87960	卖盘
14:07:03	73.3	-0.05	2	14660	卖盘
14:06:57	73.35	0.04	6	44010	买盘
14:06:54	73.31	0.01	41	300571	中性盘
14:06:51	73.3	--	2	14660	卖盘
14:06:45	73.3	-0.05	6	43980	卖盘
14:06:42	73.35	0.05	12	88020	买盘
14:06:39	73.3	--	32	234560	卖盘
14:06:36	73.3	-0.01	2	14660	卖盘
14:06:33	73.31	--	51	373881	卖盘
14:06:30	73.31	0.01	119	872389	中性盘
14:06:24	73.3	-0.01	20	146600	卖盘
14:06:21	73.31	--	1	7331	买盘
14:06:18	73.31	--	2	14662	买盘
14:06:15	73.31	--	7	51317	买盘
14:06:12	73.31	0.01	10	73310	买盘
14:06:03	73.3	--	3	21990	卖盘
14:06:00	73.3	--	1	7330	卖盘
14:05:57	73.3	--	6	43980	卖盘
14:05:45	73.3	0.2	242	1773860	买盘
14:05:42	73.1	-0.01	5	36550	卖盘
14:05:36	73.11	0.01	1	7311	中性盘
14:05:24	73.1	-0.01	13	95029	卖盘
14:05:21	73.11	--	3	21933	卖盘
14:05:18	73.11	--	8	58488	卖盘
14:05:15	73.11	0.01	33	241263	买盘
14:05:06	73.1	--	15	109649	卖盘
14:05:00	73.1	-0.01	11	80410	卖盘
14:04:57	73.11	0.01	10	73110	买盘
14:04:54	73.1	--	8	58479	卖盘
14:04:51	73.1	-0.01	4	29239	卖盘
14:04:48	73.11	0.01	13	95043	买盘
14:04:45	73.1	-0.01	1	7309	卖盘
14:04:42	73.11	-0.04	3	21933	卖盘
14:04:39	73.15	0.04	2	14630	买盘
14:04:36	73.11	--	2	14622	卖盘
14:04:33	73.11	-0.04	3	21933	卖盘
14:04:30	73.15	0.04	17	124355	买盘
14:04:27	73.11	-0.04	9	65799	卖盘
14:04:15	73.15	--	1	7315	买盘
14:04:12	73.15	--	18	131670	卖盘
14:04:09	73.15	--	26	190190	卖盘
14:04:03	73.15	--	6	43890	卖盘
14:03:57	73.15	-0.03	5	36575	卖盘
14:03:45	73.18	--	1	7318	卖盘
14:03:42	73.18	-0.03	3	21954	卖盘
14:03:30	73.21	--	2	14641	卖盘
14:03:27	73.21	-0.09	3	21962	卖盘
14:03:24	73.3	--	1	7330	买盘
14:03:21	73.3	--	2	14660	买盘
14:03:15	73.3	-0.01	2	14660	买盘
14:03:09	73.31	0.01	5	36655	买盘
14:03:06	73.3	--	48	351840	卖盘
14:03:03	73.3	--	10	73300	卖盘
14:03:00	73.3	-0.01	10	73300	卖盘
14:02:57	73.31	--	3	21993	卖盘
14:02:54	73.31	--	13	95303	中性盘
14:02:48	73.31	0.01	8	58648	买盘
14:02:45	73.3	--	81	593730	卖盘
14:02:39	73.3	-0.01	2	14660	卖盘
14:02:36	73.31	--	1	7331	买盘
14:02:33	73.31	--	2	14662	买盘
14:02:30	73.31	-0.03	8	58648	卖盘
14:02:27	73.34	0.01	14	102676	买盘
14:02:24	73.33	--	6	43998	卖盘
14:02:21	73.33	0.02	16	117328	买盘
14:02:15	73.31	--	1	7331	卖盘
14:02:12	73.31	--	4	29324	卖盘
14:02:09	73.31	-0.03	5	36655	卖盘
14:02:06	73.34	0.01	9	66006	买盘
14:02:03	73.33	0.02	2	14666	中性盘
14:01:54	73.31	--	1	7331	卖盘
14:01:48	73.31	-0.04	9	65979	卖盘
14:01:45	73.35	--	3	22005	卖盘
14:01:42	73.35	--	2	14669	卖盘
14:01:39	73.35	0.01	21	154035	买盘
14:01:36	73.34	--	1	7334	卖盘
14:01:33	73.34	--	23	168682	卖盘
14:01:30	73.34	--	7	51338	卖盘
14:01:27	73.34	-0.02	1	7334	卖盘
14:01:12	73.36	0.02	25	183400	买盘
14:01:09	73.34	-0.02	10	73340	卖盘
14:00:57	73.36	-0.02	24	183253	卖盘
14:00:54	73.38	0.02	2	14676	中性盘
14:00:51	73.36	-0.02	21	154202	卖盘
14:00:48	73.38	--	5	36690	买盘
14:00:45	73.38	0.02	1	7338	买盘
14:00:42	73.36	--	3	22008	卖盘
14:00:39	73.36	-0.03	21	154056	卖盘
14:00:36	73.39	0.04	20	146780	买盘
14:00:33	73.35	--	11	80685	卖盘
14:00:30	73.35	--	30	220049	卖盘
14:00:24	73.35	--	14	102689	卖盘
14:00:21	73.35	-0.01	2	14669	卖盘
14:00:18	73.36	--	1	7336	中性盘
14:00:15	73.36	0.01	2	14672	买盘
14:00:12	73.35	--	36	264060	买盘
14:00:09	73.35	--	46	337410	买盘
14:00:06	73.35	0.04	3	22005	买盘
14:00:03	73.31	-0.03	31	227261	卖盘
14:00:00	73.34	--	2	14668	卖盘
13:59:57	73.34	0.04	21	154014	买盘
13:59:48	73.3	--	13	95290	卖盘
13:59:45	73.3	0.12	126	923580	买盘
13:59:39	73.18	--	5	36590	卖盘
13:59:36	73.18	0.02	11	80498	买盘
13:59:33	73.16	--	5	36580	卖盘
13:59:30	73.16	--	3	21948	卖盘
13:59:27	73.16	--	6	43896	卖盘
13:59:24	73.16	--	2	14632	卖盘
13:59:21	73.16	0.01	2	14632	卖盘
13:59:18	73.15	0.04	24	175560	买盘
13:59:15	73.11	-0.04	1	7311	中性盘
13:59:09	73.15	0.05	4	29260	买盘
13:59:03	73.1	-0.01	10	73100	卖盘
13:58:54	73.11	-0.04	8	58488	卖盘
13:58:48	73.15	--	1	7315	卖盘
13:58:45	73.15	--	1	7315	卖盘
13:58:39	73.15	-0.06	4	29260	卖盘
13:58:30	73.21	0.01	6	43925	买盘
13:58:27	73.2	-0.01	8	58560	卖盘
13:58:24	73.21	--	1	7320	卖盘
13:58:21	73.21	-0.07	3	21962	卖盘
13:58:18	73.28	--	10	73280	买盘
13:58:15	73.28	--	1	7328	买盘
13:58:09	73.28	--	27	197856	卖盘
13:58:03	73.28	-0.07	2	14656	卖盘
13:58:00	73.35	0.07	13	95354	买盘
13:57:57	73.28	-0.07	26	190528	卖盘
13:57:54	73.35	--	3	22005	买盘
13:57:51	73.35	0.03	3	22005	买盘
13:57:48	73.32	-0.03	1	7331	卖盘
13:57:45	73.35	--	34	249389	卖盘
13:57:42	73.35	-0.04	5	36675	卖盘
13:57:36	73.39	0.04	66	484374	买盘
13:57:33	73.35	--	56	410759	卖盘
13:57:30	73.35	-0.04	53	388754	卖盘
13:57:27	73.39	-0.01	5	36695	卖盘
13:57:24	73.4	0.01	9	66060	买盘
13:57:21	73.39	0.04	10	73390	中性盘
13:57:18	73.35	-0.04	13	95354	卖盘
13:57:15	73.39	--	9	66051	卖盘
13:57:12	73.39	0.08	14	102746	买盘
13:57:09	73.31	-0.09	75	549825	卖盘
13:57:06	73.4	0.04	43	315620	买盘
13:57:00	73.36	-0.02	26	190736	卖盘
13:56:57	73.38	0.02	4	29352	中性盘
13:56:54	73.36	--	24	176064	卖盘
13:56:51	73.36	--	8	58688	卖盘
13:56:48	73.36	--	17	124712	卖盘
13:56:45	73.36	-0.01	17	124712	买盘
13:56:42	73.37	0.02	17	124729	买盘
13:56:39	73.35	--	2	14669	卖盘
13:56:36	73.35	--	2	14669	卖盘
13:56:33	73.35	-0.01	6	44010	卖盘
13:56:30	73.36	0.03	8	58688	买盘
13:56:27	73.33	-0.01	3	21999	卖盘
13:56:24	73.34	-0.01	2	14668	卖盘
13:56:21	73.35	--	1	7334	买盘
13:56:15	73.35	0.07	9	66015	买盘
13:56:12	73.28	-0.05	37	271136	卖盘
13:56:09	73.33	0.03	2	14666	买盘
13:56:03	73.3	--	4	29320	买盘
13:56:00	73.3	0.09	11	84295	买盘
13:55:57	73.21	-0.07	37	270877	卖盘
13:55:54	73.28	--	1	7328	买盘
13:55:51	73.28	0.07	1	7328	买盘
13:55:48	73.21	-0.03	13	95172	卖盘
13:55:45	73.24	0.03	3	21972	买盘
13:55:42	73.21	0.01	5	36605	卖盘
13:55:39	73.2	0.02	28	204960	买盘
13:55:36	73.18	--	31	226858	卖盘
13:55:33	73.18	--	6	43908	卖盘
13:55:30	73.18	--	11	80498	卖盘
13:55:27	73.18	--	4	29272	买盘
13:55:24	73.18	0.03	6	43908	买盘
13:55:21	73.15	-0.03	15	109725	中性盘
13:55:18	73.18	0.05	1	7318	买盘
13:55:15	73.13	-0.05	2	14626	卖盘
13:55:12	73.18	0.05	11	80498	买盘
13:55:09	73.13	0.02	8	58504	买盘
13:55:06	73.11	0.01	4	29244	买盘
13:55:03	73.1	--	5	36550	买盘
13:55:00	73.1	--	4	29239	买盘
13:54:57	73.1	--	2	14619	买盘
13:54:54	73.1	0.1	3	21930	买盘
13:54:51	73.0	--	78	569400	卖盘
13:54:48	73.0	-0.03	4	29200	买盘
13:54:45	73.03	0.04	220	1606660	买盘
13:54:42	72.99	-0.01	218	1591182	卖盘
13:54:39	73.0	--	49	357700	买盘
13:54:36	73.0	--	61	445300	买盘
13:54:33	73.0	0.02	6	43800	买盘
13:54:30	72.98	--	63	459774	卖盘
13:54:27	72.98	-0.02	6	43788	卖盘
13:54:21	73.0	0.02	12	87600	买盘
13:54:18	72.98	--	9	65682	卖盘
13:54:15	72.98	--	172	1255256	买盘
13:54:12	72.98	--	7	51086	买盘
13:54:06	72.98	--	5	36490	买盘
13:54:00	72.98	0.02	13	94874	买盘
13:53:57	72.96	--	1	7295	买盘
13:53:54	72.96	0.02	4	29183	中性盘
13:53:48	72.94	-0.03	17	123998	卖盘
13:53:42	72.97	0.02	12	87564	中性盘
13:53:36	72.95	0.01	2	14590	卖盘
13:53:33	72.94	-0.04	20	145880	卖盘
13:53:30	72.98	0.03	20	145960	买盘
13:53:24	72.95	0.01	11	80245	买盘
13:53:21	72.94	--	1	7294	买盘
13:53:18	72.94	--	26	189644	买盘
13:53:12	72.94	--	46	335524	买盘
13:53:09	72.94	--	5	36470	买盘
13:53:06	72.94	0.03	9	65646	买盘
13:53:00	72.91	-0.03	5	36455	中性盘
13:52:54	72.94	0.05	278	2027732	买盘
13:52:51	72.89	-0.01	10	72890	卖盘
13:52:48	72.9	0.01	4	29160	买盘
13:52:45	72.89	--	1	7289	买盘
13:52:36	72.89	0.09	5	36445	买盘
13:52:30	72.8	--	1	7280	卖盘
13:52:27	72.8	-0.09	7	50960	卖盘
13:52:24	72.89	0.05	32	233248	买盘
13:52:18	72.84	0.04	11	80124	买盘
13:52:15	72.8	--	7	50960	买盘
13:52:12	72.8	--	11	80080	买盘
13:52:09	72.8	--	1	7280	买盘
13:52:06	72.8	--	1	7280	买盘
13:52:03	72.8	--	2	14560	买盘
13:52:00	72.8	--	1	7280	买盘
13:51:57	72.8	--	35	254800	买盘
13:51:54	72.8	--	4	29120	买盘
13:51:51	72.8	0.01	5	36400	买盘
13:51:48	72.79	--	1	7279	卖盘
13:51:42	72.79	--	2	14558	买盘
13:51:39	72.79	--	2	14558	买盘
13:51:33	72.79	0.04	1	7279	买盘
13:51:15	72.75	0.05	4	29100	买盘
13:51:06	72.7	--	1	7270	卖盘
13:51:03	72.7	-0.05	10	72700	卖盘
13:50:51	72.75	--	2	14550	买盘
13:50:42	72.75	0.03	15	109125	买盘
13:50:39	72.72	-0.03	7	50904	卖盘
13:50:36	72.75	0.03	1	7275	买盘
13:50:33	72.72	-0.03	1	7272	卖盘
13:50:30	72.75	--	2	14550	买盘
13:50:27	72.75	0.03	13	94575	买盘
13:50:24	72.72	-0.03	7	50904	卖盘
13:50:15	72.75	0.01	1	7275	买盘
13:50:12	72.74	-0.01	4	29095	中性盘
13:49:42	72.75	--	8	58200	卖盘
13:49:36	72.75	--	2	14550	卖盘
13:49:24	72.75	0.03	9	65475	卖盘
13:49:21	72.72	--	2	14544	买盘
13:49:06	72.72	-0.08	1	7272	卖盘
13:48:54	72.8	--	1	7280	买盘
13:48:45	72.8	--	5	36400	买盘
13:48:33	72.8	--	28	203840	买盘
13:48:30	72.8	-0.1	6	43680	中性盘
13:48:24	72.9	0.09	20	145800	买盘
13:48:21	72.81	-0.09	88	640728	卖盘
13:48:18	72.9	0.03	16	116640	买盘
13:48:15	72.87	--	4	29148	卖盘
13:48:12	72.87	-0.03	2	14574	卖盘
13:48:09	72.9	0.02	63	459270	买盘
13:48:03	72.88	0.01	29	211352	买盘
13:47:57	72.87	0.02	6	43722	买盘
13:47:51	72.85	--	4	29139	买盘
13:47:48	72.85	--	50	364250	买盘
13:47:45	72.85	--	1	7284	买盘
13:47:42	72.85	0.03	54	393389	买盘
13:47:39	72.82	0.01	1	7281	买盘
13:47:30	72.81	--	6	43686	卖盘
13:47:27	72.81	--	138	1004778	买盘
13:47:21	72.81	--	5	36405	买盘
13:47:15	72.81	0.01	1	7281	买盘
13:47:12	72.8	-0.01	1	7280	中性盘
13:47:06	72.81	0.04	10	72810	买盘
13:47:03	72.77	0.07	4	29108	中性盘
13:46:57	72.7	-0.08	61	443470	卖盘
13:46:51	72.78	0.03	5	36390	买盘
13:46:42	72.75	--	5	36375	卖盘
13:46:36	72.75	0.03	18	130950	买盘
13:46:33	72.72	--	4	29088	买盘
13:46:30	72.72	0.02	2	14544	买盘
13:46:21	72.7	--	1	7270	卖盘
13:46:18	72.7	-0.01	33	239910	卖盘
13:46:15	72.71	0.01	9	65438	买盘
13:46:03	72.7	0.07	162	1177740	买盘
13:45:54	72.63	-0.03	13	94419	中性盘
13:45:33	72.66	0.06	2	14532	买盘
13:45:03	72.6	0.02	5	36300	买盘
13:44:57	72.58	-0.02	58	420964	卖盘
13:44:54	72.6	-0.06	5	36300	卖盘
13:44:51	72.66	0.04	16	118581	买盘
13:44:45	72.62	--	6	43572	买盘
13:44:42	72.62	--	5	36310	买盘
13:44:39	72.62	-0.04	4	29048	卖盘
13:44:33	72.66	0.04	18	130788	买盘
13:44:30	72.62	-0.04	5	36310	卖盘
13:44:24	72.66	--	1	7266	中性盘
13:44:12	72.66	-0.01	8	58128	中性盘
13:44:06	72.67	0.01	6	43602	买盘
13:44:03	72.66	--	5	36330	买盘
13:43:57	72.66	--	8	58128	卖盘
13:43:39	72.66	--	2	14532	卖盘
13:43:36	72.66	0.05	17	123522	买盘
13:43:30	72.61	--	2	14522	买盘
13:43:27	72.61	-0.01	9	65349	卖盘
13:43:12	72.62	0.02	1	7262	买盘
13:43:00	72.6	--	1	7259	卖盘
13:42:54	72.6	-0.02	3	21780	卖盘
13:42:48	72.62	-0.03	3	21786	买盘
13:42:42	72.65	--	6	43590	卖盘
13:42:39	72.65	0.05	1	7265	中性盘
13:42:30	72.6	--	21	152460	卖盘
13:42:27	72.6	-0.02	10	72600	卖盘
13:42:09	72.62	--	7	50834	中性盘
13:41:54	72.62	0.02	4	29048	中性盘
13:41:48	72.6	-0.02	5	36300	卖盘
13:41:45	72.62	0.04	3	21786	中性盘
13:40:42	72.58	0.01	3	21774	中性盘
13:40:36	72.57	-0.1	5	36285	卖盘
13:40:27	72.67	--	20	145340	买盘
13:40:09	72.67	--	1	7267	买盘
13:39:54	72.67	0.03	1	7267	买盘
13:39:51	72.64	-0.01	5	36320	买盘
13:39:48	72.65	--	4	29060	卖盘
13:39:39	72.65	--	2	14530	卖盘
13:39:36	72.65	--	4	29060	卖盘
13:39:21	72.65	--	1	7265	卖盘
13:39:12	72.65	0.09	4	29060	买盘
13:39:00	72.56	--	3	21768	卖盘
13:38:57	72.56	--	1	7256	买盘
13:38:54	72.56	--	1	7256	买盘
13:38:45	72.56	--	8	58048	卖盘
13:38:39	72.56	--	1	7256	卖盘
13:38:27	72.56	-0.12	10	72560	卖盘
13:38:15	72.68	-0.03	7	50876	中性盘
13:38:03	72.71	--	1	7270	卖盘
13:38:00	72.71	0.14	39	283569	买盘
13:37:48	72.57	-0.04	60	435419	卖盘
13:37:45	72.61	0.01	1	7261	中性盘
13:37:33	72.6	-0.02	20	145200	卖盘
13:37:12	72.62	-0.01	12	87144	卖盘
13:37:03	72.63	-0.07	5	36315	卖盘
13:36:57	72.7	0.08	10	72700	买盘
13:36:45	72.62	0.02	3	21786	买盘
13:36:42	72.6	-0.02	1	7259	卖盘
13:36:15	72.62	--	1	7262	卖盘
13:35:45	72.62	-0.08	1	7262	卖盘
13:35:12	72.7	--	2	14540	卖盘
13:35:06	72.7	--	5	36350	卖盘
13:34:54	72.7	-0.01	12	87240	卖盘
13:34:51	72.71	-0.01	10	72710	卖盘
13:34:39	72.72	0.01	1	7272	中性盘
13:34:33	72.71	-0.01	10	72710	卖盘
13:34:27	72.72	--	1	7272	买盘
13:34:15	72.72	--	9	65448	卖盘
13:34:09	72.72	--	14	101808	卖盘
13:34:03	72.72	-0.01	2	14544	卖盘
13:33:54	72.73	-0.02	5	36365	买盘
13:33:42	72.75	-0.01	16	116400	卖盘
13:33:21	72.76	-0.02	1	7276	卖盘
13:33:03	72.78	--	7	50946	卖盘
13:32:57	72.78	--	11	80058	卖盘
13:32:54	72.78	--	1	7278	卖盘
13:32:48	72.78	--	1	7278	卖盘
13:32:36	72.78	--	3	21834	中性盘
13:32:18	72.78	--	2	14556	卖盘
13:32:15	72.78	--	70	509460	买盘
13:32:03	72.78	--	20	145560	买盘
13:32:00	72.78	--	1	7278	买盘
13:31:54	72.78	--	45	327510	买盘
13:31:45	72.78	0.02	4	29112	买盘
13:31:42	72.76	-0.02	2	14552	卖盘
13:31:39	72.78	--	55	400290	卖盘
13:31:21	72.78	--	5	36390	卖盘
13:31:18	72.78	--	1	7278	买盘
13:31:15	72.78	--	3	21834	买盘
13:31:09	72.78	--	60	436680	买盘
13:31:03	72.78	--	1	7278	买盘
13:30:57	72.78	--	10	72780	买盘
13:30:54	72.78	-0.07	26	189228	卖盘
13:30:45	72.85	0.07	3	21855	买盘
13:30:39	72.78	-0.02	8	58224	卖盘
13:30:30	72.8	0.02	8	58240	中性盘
13:30:24	72.78	0.03	2	14556	卖盘
13:30:21	72.75	--	5	36375	卖盘
13:30:18	72.75	--	14	101850	卖盘
13:30:15	72.75	--	55	400125	卖盘
13:30:00	72.75	-0.03	5	36375	卖盘
13:29:57	72.78	--	3	21834	买盘
13:29:48	72.78	--	63	458514	买盘
13:29:45	72.78	-0.02	5	36390	中性盘
13:29:42	72.8	--	22	160160	买盘
13:29:33	72.8	0.02	115	837200	买盘
13:29:27	72.78	--	6	43668	买盘
13:29:21	72.78	0.03	2	14556	买盘
13:29:15	72.75	-0.03	5	36375	卖盘
13:29:12	72.78	0.02	10	72780	买盘
13:29:06	72.76	--	20	145520	买盘
13:28:57	72.76	0.01	6	43656	买盘
13:28:54	72.75	-0.01	24	174600	卖盘
13:28:51	72.76	0.01	5	36380	买盘
13:28:45	72.75	--	1	7275	卖盘
13:28:42	72.75	--	2	14550	卖盘
13:28:33	72.75	--	2	14550	卖盘
13:28:30	72.75	-0.01	6	43650	卖盘
13:28:27	72.76	--	15	109140	买盘
13:28:24	72.76	0.01	2	14552	买盘
13:28:21	72.75	-0.01	1	7275	卖盘
13:28:18	72.76	--	35	254660	买盘
13:28:15	72.76	0.01	7	50932	买盘
13:28:06	72.75	-0.01	4	29100	中性盘
13:28:03	72.76	--	1	7276	买盘
13:28:00	72.76	0.02	1	7276	买盘
13:27:48	72.74	-0.02	1	7273	卖盘
13:27:45	72.76	0.02	1	7276	买盘
13:27:42	72.74	-0.02	2	14547	卖盘
13:27:33	72.76	0.02	5	36380	买盘
13:27:27	72.74	-0.02	20	145480	中性盘
13:27:21	72.76	0.04	30	218280	买盘
13:27:18	72.72	-0.02	6	43632	中性盘
13:27:03	72.74	--	2	14547	买盘
13:26:48	72.74	--	14	101836	卖盘
13:26:39	72.74	--	2	14547	卖盘
13:26:36	72.74	--	2	14547	买盘
13:26:30	72.74	0.12	2	14547	买盘
13:26:24	72.62	-0.12	1	7262	卖盘
13:26:21	72.74	--	6	43644	买盘
13:26:03	72.74	0.13	1	7273	买盘
13:26:00	72.61	0.01	5	36305	卖盘
13:25:57	72.6	--	1	7259	卖盘
13:25:51	72.6	0.02	5	36300	中性盘
13:24:42	72.58	-0.14	5	36290	买盘
13:24:39	72.72	0.14	1	7272	中性盘
13:24:36	72.58	-0.18	1	7258	卖盘
13:24:33	72.76	0.18	14	101864	买盘
13:24:06	72.58	-0.17	2	14516	卖盘
13:23:51	72.75	0.18	1	7275	买盘
13:23:45	72.57	-0.19	14	101597	中性盘
13:23:24	72.76	0.2	2	14552	买盘
13:23:18	72.56	-0.21	23	166888	卖盘
13:23:15	72.77	0.01	4	29108	买盘
13:23:12	72.76	--	5	36380	卖盘
13:22:39	72.76	0.2	8	58208	买盘
13:22:33	72.56	--	1	7256	买盘
13:22:30	72.56	0.01	1	7256	买盘
13:22:21	72.55	--	15	108825	买盘
13:22:15	72.55	-0.01	1	7255	中性盘
13:22:06	72.56	--	1	7256	买盘
13:22:00	72.56	0.05	1	7256	买盘
13:21:57	72.51	-0.05	3	21753	卖盘
13:21:54	72.56	--	8	58048	买盘
13:21:48	72.56	-0.08	8	58048	卖盘
13:21:42	72.64	0.08	7	50848	买盘
13:21:24	72.56	-0.08	2	14512	中性盘
13:21:12	72.64	0.08	21	152544	买盘
13:20:54	72.56	--	6	43536	买盘
13:20:45	72.56	-0.08	2	14512	卖盘
13:20:36	72.64	--	1	7264	买盘
13:20:27	72.64	-0.16	19	138016	卖盘
13:20:21	72.8	0.14	18	131040	买盘
13:20:15	72.66	--	3	21798	卖盘
13:20:12	72.66	-0.14	2	14532	卖盘
13:19:51	72.8	--	2	14560	买盘
13:19:42	72.8	-0.07	1	7280	卖盘
13:19:39	72.87	0.02	10	72870	买盘
13:19:27	72.85	--	2	14569	卖盘
13:19:21	72.85	-0.03	6	43710	卖盘
13:19:18	72.88	0.03	1	7288	买盘
13:19:06	72.85	-0.05	3	21855	卖盘
13:19:03	72.9	0.01	6	43740	买盘
13:18:57	72.89	-0.01	8	58312	卖盘
13:18:51	72.9	--	3	21870	买盘
13:18:42	72.9	-0.06	22	160380	卖盘
13:18:39	72.96	--	18	131328	买盘
13:18:36	72.96	--	1	7295	买盘
13:18:33	72.96	-0.01	3	21887	中性盘
13:18:30	72.97	--	10	72970	买盘
13:18:24	72.97	--	16	116752	买盘
13:18:18	72.97	--	10	72970	买盘
13:18:15	72.97	--	17	124049	买盘
13:18:12	72.97	0.02	1	7297	买盘
13:18:09	72.95	--	6	43770	卖盘
13:18:06	72.95	-0.02	2	14590	中性盘
13:18:03	72.97	--	1	7297	买盘
13:18:00	72.97	0.05	60	437820	买盘
13:17:57	72.92	0.02	3	21876	买盘
13:17:54	72.9	-0.02	1	7290	卖盘
13:17:51	72.92	--	10	72920	中性盘
13:17:45	72.92	-0.03	10	72920	卖盘
13:17:39	72.95	0.03	2	14590	买盘
13:17:36	72.92	-0.03	3	21876	买盘
13:17:33	72.95	0.05	18	131310	买盘
13:17:30	72.9	--	8	58320	买盘
13:17:27	72.9	0.01	14	102060	买盘
13:17:24	72.89	-0.01	2	14578	卖盘
13:17:21	72.9	0.01	30	218700	买盘
13:17:18	72.89	--	1	7289	卖盘
13:17:15	72.89	--	6	43734	卖盘
13:17:12	72.89	-0.01	10	72890	卖盘
13:17:09	72.9	0.01	4	29160	买盘
13:17:03	72.89	0.04	73	532097	买盘
13:17:00	72.85	--	26	189409	卖盘
13:16:57	72.85	-0.02	2	14569	卖盘
13:16:51	72.87	0.02	7	51009	中性盘
13:16:45	72.85	--	1	7284	卖盘
13:16:42	72.85	--	1	7284	卖盘
13:16:36	72.85	--	14	101989	卖盘
13:16:33	72.85	--	160	1165600	买盘
13:16:30	72.85	--	3	21855	买盘
13:16:27	72.85	--	5	36425	买盘
13:16:24	72.85	--	12	87420	买盘
13:16:18	72.85	--	1	7284	买盘
13:16:15	72.85	-0.03	45	327825	卖盘
13:16:09	72.88	0.02	13	94744	买盘
13:16:03	72.86	-0.02	11	80146	中性盘
13:15:57	72.88	0.03	40	291520	买盘
13:15:48	72.85	--	7	50994	买盘
13:15:45	72.85	0.05	1	7284	买盘
13:15:36	72.8	0.17	207	1506960	买盘
13:15:27	72.63	--	274	1990061	卖盘
13:15:15	72.63	--	1	7263	卖盘
13:15:12	72.63	--	1	7263	买盘
13:15:09	72.63	-0.01	1	7263	中性盘
13:15:06	72.64	0.03	17	123488	买盘
13:14:57	72.61	--	5	36305	卖盘
13:14:54	72.61	--	30	217830	买盘
13:14:48	72.61	0.06	20	145220	买盘
13:14:45	72.55	--	14	101570	卖盘
13:14:36	72.55	0.05	20	145100	买盘
13:14:24	72.5	--	31	224750	卖盘
13:14:21	72.5	0.02	5	36250	买盘
13:14:06	72.48	--	10	72480	买盘
13:14:03	72.48	--	5	36240	买盘
13:13:57	72.48	--	7	50736	买盘
13:13:54	72.48	--	1	7248	买盘
13:13:42	72.48	-0.02	27	195696	卖盘
13:13:18	72.5	0.02	1	7250	中性盘
13:13:06	72.48	--	2	14496	卖盘
13:13:03	72.48	--	22	159456	买盘
13:12:57	72.48	0.1	30	217440	买盘
13:12:45	72.38	0.01	2	14476	买盘
13:12:42	72.37	--	1	7237	卖盘
13:11:51	72.37	-0.11	8	57896	卖盘
13:11:30	72.48	--	6	43488	卖盘
13:11:18	72.48	-0.07	10	72480	卖盘
13:11:03	72.55	--	1	7255	中性盘
13:10:57	72.55	--	36	261180	中性盘
13:10:39	72.55	-0.11	3	21765	卖盘
13:10:30	72.66	0.1	82	595812	买盘
13:10:24	72.56	--	30	217680	卖盘
13:10:21	72.56	--	1	7256	卖盘
13:10:12	72.56	-0.04	8	58048	卖盘
13:10:06	72.6	0.05	2	14519	买盘
13:09:45	72.55	--	81	587655	买盘
13:09:42	72.55	--	2	14510	买盘
13:09:30	72.55	-0.01	1	7255	买盘
13:09:27	72.56	--	20	145120	买盘
13:09:21	72.56	0.01	15	108840	买盘
13:09:15	72.55	--	5	36275	卖盘
13:09:12	72.55	--	3	21765	卖盘
13:09:06	72.55	0.07	162	1175310	买盘
13:08:36	72.48	0.12	9	65232	买盘
13:08:27	72.36	--	4	28944	卖盘
13:08:24	72.36	-0.1	1	7236	卖盘
13:08:00	72.46	0.05	170	1231820	买盘
13:07:57	72.41	0.05	1	7241	买盘
13:07:51	72.36	0.04	10	72360	中性盘
13:07:42	72.32	--	1	7231	卖盘
13:07:39	72.32	--	5	36160	卖盘
13:07:36	72.32	-0.09	10	72320	卖盘
13:07:24	72.41	0.09	5	36205	买盘
13:07:21	72.32	0.01	1	7231	中性盘
13:06:57	72.31	--	2	14462	买盘
13:06:42	72.31	--	3	21693	买盘
13:06:39	72.31	-0.04	6	43386	卖盘
13:06:36	72.35	--	2	14469	买盘
13:06:27	72.35	--	1	7234	买盘
13:06:18	72.35	--	1	7234	买盘
13:06:12	72.35	0.04	2	14469	买盘
13:06:06	72.31	0.01	2	14462	卖盘
13:05:48	72.3	-0.06	30	216900	卖盘
13:05:45	72.36	--	10	72360	买盘
13:05:36	72.36	-0.05	2	14472	卖盘
13:05:18	72.41	-0.05	29	209989	卖盘
13:05:12	72.46	0.05	1	7245	买盘
13:05:03	72.41	-0.05	1	7241	卖盘
13:04:57	72.46	--	2	14491	买盘
13:04:48	72.46	--	31	224625	卖盘
13:04:42	72.46	--	3	21737	卖盘
13:04:24	72.46	--	5	36230	卖盘
13:04:21	72.46	--	7	50721	卖盘
13:04:18	72.46	--	23	166658	卖盘
13:04:12	72.46	--	1	7245	买盘
13:04:06	72.46	--	4	28983	卖盘
13:04:03	72.46	-0.09	6	43475	卖盘
13:04:00	72.55	0.07	363	2633565	买盘
13:03:51	72.48	--	2	14496	买盘
13:03:48	72.48	--	5	36240	买盘
13:03:45	72.48	--	1	7248	卖盘
13:03:36	72.48	-0.02	2	14496	卖盘
13:03:09	72.5	-0.01	1	7250	卖盘
13:03:03	72.51	--	1	7251	卖盘
13:03:00	72.51	-0.04	7	50757	卖盘
13:02:42	72.55	0.04	5	36275	买盘
13:02:36	72.51	-0.04	2	14502	卖盘
13:02:30	72.55	--	78	565890	卖盘
13:02:21	72.55	--	1	7255	卖盘
13:02:15	72.55	--	3	21765	卖盘
13:02:09	72.55	--	5	36275	卖盘
13:02:03	72.55	-0.01	17	123335	卖盘
13:02:00	72.56	--	17	123352	买盘
13:01:51	72.56	--	2	14512	买盘
13:01:45	72.56	--	2	14512	买盘
13:01:39	72.56	-0.04	15	108840	卖盘
13:01:36	72.6	--	1	7259	买盘
13:01:24	72.6	-0.09	4	29039	卖盘
13:01:21	72.69	--	10	72690	买盘
13:01:12	72.69	-0.01	19	138111	卖盘
13:01:09	72.7	--	4	29080	买盘
13:01:06	72.7	--	2	14540	买盘
13:01:03	72.7	0.01	2	14540	买盘
13:00:48	72.69	0.03	32	232608	买盘
13:00:33	72.66	0.01	10	76220	买盘
13:00:15	72.65	0.05	22	159830	买盘
13:00:09	72.6	0.01	63	457379	买盘
13:00:06	72.59	--	62	450058	卖盘
13:00:03	72.59	--	0	0	卖盘
11:30:03	72.59	--	0	0	卖盘
11:30:00	72.59	0.03	16	116144	买盘
11:29:51	72.56	--	3	21768	卖盘
11:29:48	72.56	--	14	101584	买盘
11:29:42	72.56	0.01	10	72560	买盘
11:29:36	72.55	-0.01	12	87060	卖盘
11:29:30	72.56	-0.03	1	7256	卖盘
11:29:27	72.59	--	10	72590	买盘
11:29:15	72.59	--	4	29036	买盘
11:29:12	72.59	--	5	36295	买盘
11:29:00	72.59	--	15	108885	买盘
11:28:57	72.59	--	17	123403	卖盘
11:28:54	72.59	-0.01	5	36295	卖盘
11:28:48	72.6	--	5	36300	买盘
11:28:45	72.6	0.07	44	319440	买盘
11:28:39	72.53	-0.02	1	7253	卖盘
11:28:36	72.55	--	11	79805	买盘
11:28:30	72.55	0.02	3	21765	买盘
11:28:24	72.53	--	3	21759	卖盘
11:28:21	72.53	--	5	36265	买盘
11:28:15	72.53	0.03	15	108795	买盘
11:28:09	72.5	--	8	58000	卖盘
11:28:06	72.5	--	3	21750	卖盘
11:28:03	72.5	0.03	81	587250	买盘
11:28:00	72.47	-0.01	10	72470	中性盘
11:27:57	72.48	0.02	65	471120	买盘
11:27:51	72.46	--	1	7245	卖盘
11:27:42	72.46	--	4	28983	买盘
11:27:39	72.46	--	1	7245	买盘
11:27:36	72.46	--	6	43475	买盘
11:27:30	72.46	--	3	21737	买盘
11:27:24	72.46	0.05	24	173903	买盘
11:27:21	72.41	-0.05	3	21723	卖盘
11:27:18	72.46	0.06	3	21737	买盘
11:26:54	72.4	--	23	166520	卖盘
11:26:42	72.4	0.01	56	405440	买盘
11:26:39	72.39	--	5	36195	买盘
11:26:33	72.39	--	10	72390	买盘
11:26:30	72.39	0.01	2	14478	买盘
11:26:27	72.38	--	1	7238	卖盘
11:26:24	72.38	-0.01	1	7238	卖盘
11:26:21	72.39	0.01	5	36195	买盘
11:26:18	72.38	0.01	2	14476	买盘
11:26:00	72.37	--	5	36185	买盘
11:25:51	72.37	0.01	5	36185	买盘
11:25:48	72.36	0.01	4	28944	中性盘
11:25:45	72.35	--	1	7234	卖盘
11:25:42	72.35	--	5	36175	卖盘
11:25:30	72.35	0.01	7	50644	买盘
11:25:27	72.34	--	1	7234	买盘
11:25:24	72.34	-0.01	8	57872	卖盘
11:25:21	72.35	0.01	4	28939	买盘
11:25:18	72.34	--	4	28936	卖盘
11:25:03	72.34	0.01	20	144680	买盘
11:24:48	72.33	0.01	4	28932	买盘
11:24:39	72.32	--	1	7231	卖盘
11:24:33	72.32	--	1	7231	卖盘
11:24:30	72.32	--	1	7231	买盘
11:24:24	72.32	--	8	57855	买盘
11:24:21	72.32	0.02	2	14463	买盘
11:24:15	72.3	--	1	7230	买盘
11:24:12	72.3	--	1	7230	买盘
11:24:09	72.3	--	1	7230	卖盘
11:24:06	72.3	--	3	21690	中性盘
11:23:30	72.3	--	20	144600	卖盘
11:23:21	72.3	--	3	21690	卖盘
11:23:18	72.3	--	5	36150	卖盘
11:23:12	72.3	--	2	14460	卖盘
11:23:09	72.3	-0.02	29	209670	卖盘
11:23:03	72.32	0.05	9	65087	买盘
11:22:51	72.27	-0.03	156	1127412	卖盘
11:22:39	72.3	--	36	260280	买盘
11:22:27	72.3	--	1	7230	买盘
11:22:18	72.3	--	42	303660	买盘
11:22:15	72.3	--	23	166290	卖盘
11:22:12	72.3	--	27	195210	买盘
11:22:06	72.3	--	21	151830	买盘
11:22:00	72.3	-0.03	2	14460	中性盘
11:21:48	72.33	0.06	1	7233	买盘
11:21:39	72.27	--	3	21681	卖盘
11:21:36	72.27	--	3	21681	中性盘
11:21:21	72.27	--	1	7227	买盘
11:21:03	72.27	0.02	3	21681	买盘
11:20:51	72.25	--	2	14450	卖盘
11:20:48	72.25	0.02	72	520200	买盘
11:20:42	72.23	--	3	21669	买盘
11:20:27	72.23	--	54	390042	买盘
11:20:06	72.23	--	2	14446	买盘
11:20:00	72.23	--	7	50561	买盘
11:19:57	72.23	0.01	2	14446	买盘
11:19:48	72.22	-0.01	13	93886	卖盘
11:19:42	72.23	0.01	5	36115	买盘
11:19:39	72.22	-0.01	1	7222	卖盘
11:19:33	72.23	0.01	4	28892	买盘
11:19:30	72.22	--	1	7222	卖盘
11:19:27	72.22	-0.01	1	7222	卖盘
11:19:18	72.23	0.01	4	28892	买盘
11:19:12	72.22	--	1	7222	卖盘
11:19:00	72.22	0.01	2	14444	中性盘
11:18:27	72.21	--	4	28883	卖盘
11:18:21	72.21	-0.02	12	86651	卖盘
11:17:54	72.23	--	3	21669	买盘
11:17:39	72.23	--	2	14446	买盘
11:17:03	72.23	-0.02	13	93899	卖盘
11:16:39	72.25	0.02	1	7225	卖盘
11:16:36	72.23	--	5	36115	卖盘
11:16:33	72.23	-0.02	5	36115	卖盘
11:16:30	72.25	--	2	14450	买盘
11:16:24	72.25	--	1	7225	买盘
11:16:21	72.25	--	38	274550	买盘
11:16:18	72.25	0.02	2	14450	买盘
11:16:12	72.23	-0.03	1	7223	卖盘
11:15:57	72.26	0.01	8	57808	卖盘
11:15:54	72.25	-0.01	5	36125	买盘
11:15:48	72.26	0.01	8	57808	买盘
11:15:45	72.25	--	44	317900	卖盘
11:15:36	72.25	--	1	7225	买盘
11:15:33	72.25	--	11	79475	买盘
11:15:15	72.25	--	1	7225	买盘
11:15:12	72.25	--	20	144500	买盘
11:15:09	72.25	-0.01	17	122825	卖盘
11:15:03	72.26	--	1	7226	买盘
11:14:48	72.26	0.01	2	14452	买盘
11:14:45	72.25	--	1	7225	卖盘
11:14:39	72.25	--	1	7225	卖盘
11:14:36	72.25	0.02	1	7225	买盘
11:14:30	72.23	--	2	14446	卖盘
11:14:27	72.23	0.01	8	57784	中性盘
11:14:18	72.22	--	2	14444	买盘
11:14:15	72.22	0.01	5	36110	买盘
11:14:09	72.21	-0.01	1	7220	卖盘
11:14:03	72.22	0.02	2	14444	买盘
11:13:51	72.2	-0.02	68	490960	卖盘
11:13:45	72.22	0.01	1	7222	买盘
11:13:36	72.21	-0.01	23	166083	卖盘
11:13:27	72.22	--	3	21666	买盘
11:13:03	72.22	0.01	101	729422	中性盘
11:12:54	72.21	-0.05	1	7220	卖盘
11:12:51	72.26	0.06	3	21678	买盘
11:12:45	72.2	--	5	36100	卖盘
11:12:33	72.2	--	1	7220	卖盘
11:12:27	72.2	-0.01	10	72200	卖盘
11:12:24	72.21	--	3	21662	卖盘
11:12:18	72.21	--	28	202187	卖盘
11:12:12	72.21	--	12	90334	买盘
11:12:09	72.21	--	3	21662	买盘
11:12:06	72.21	0.01	1	7220	买盘
11:12:03	72.2	-0.01	4	28880	卖盘
11:12:00	72.21	--	11	79431	买盘
11:11:57	72.21	--	4	28883	买盘
11:11:48	72.21	--	5	36105	买盘
11:11:45	72.21	--	13	97411	卖盘
11:11:33	72.21	--	2	14441	卖盘
11:11:24	72.21	--	13	93872	卖盘
11:11:21	72.21	0.01	9	70404	买盘
11:11:18	72.2	--	0	5487	卖盘
11:11:12	72.2	-0.01	36	259920	卖盘
11:11:06	72.21	--	2	14441	买盘
11:11:03	72.21	--	4	28883	买盘
11:10:57	72.21	-0.06	7	54085	卖盘
11:10:51	72.27	0.01	3	21681	买盘
11:10:42	72.26	-0.01	8	57808	买盘
11:10:39	72.27	-0.01	5	36135	卖盘
11:10:36	72.28	0.02	1	7228	买盘
11:10:33	72.26	--	5	36130	卖盘
11:10:27	72.26	--	30	216780	卖盘
11:10:24	72.26	--	1	7226	卖盘
11:10:21	72.26	-0.01	26	187876	卖盘
11:10:18	72.27	0.01	7	50589	买盘
11:10:15	72.26	--	20	144520	卖盘
11:10:09	72.26	--	10	72260	卖盘
11:10:06	72.26	--	12	86712	卖盘
11:10:00	72.26	--	1	7226	卖盘
11:09:57	72.26	0.01	24	173424	买盘
11:09:54	72.25	--	9	65025	卖盘
11:09:48	72.25	0.04	6	43350	买盘
11:09:45	72.21	0.01	5	39787	买盘
11:09:42	72.2	-0.01	8	57760	卖盘
11:09:36	72.21	--	5	36105	买盘
11:09:24	72.21	--	3	21662	卖盘
11:09:21	72.21	--	2	14441	卖盘
11:09:12	72.21	-0.01	5	36105	卖盘
11:09:09	72.22	0.01	2	14444	买盘
11:09:03	72.21	-0.01	1	7220	卖盘
11:08:57	72.22	-0.04	6	43332	卖盘
11:08:48	72.26	--	1	7226	卖盘
11:08:45	72.26	--	2	14452	卖盘
11:08:42	72.26	--	2	14452	卖盘
11:08:39	72.26	-0.02	8	57808	卖盘
11:08:36	72.28	--	4	28912	买盘
11:08:30	72.28	--	1	7228	卖盘
11:08:18	72.28	0.01	6	43368	卖盘
11:08:12	72.27	--	3	21681	买盘
11:08:06	72.27	-0.03	7	50589	卖盘
11:07:42	72.3	--	1	7230	卖盘
11:07:36	72.3	--	3	21690	买盘
11:07:30	72.3	--	3	21690	卖盘
11:07:15	72.3	-0.01	3	21690	卖盘
11:07:12	72.31	0.01	1	7231	中性盘
11:07:06	72.3	--	10	72300	卖盘
11:07:03	72.3	--	5	36150	卖盘
11:06:54	72.3	--	1	7230	卖盘
11:06:48	72.3	--	2	14460	卖盘
11:06:42	72.3	--	2	14460	卖盘
11:06:39	72.3	--	15	108450	买盘
11:06:36	72.3	--	4	28920	买盘
11:06:30	72.3	--	11	79530	买盘
11:06:24	72.3	--	13	93990	买盘
11:06:15	72.3	--	1	7230	买盘
11:06:12	72.3	--	23	166290	卖盘
11:06:00	72.3	-0.05	3	21690	卖盘
11:05:57	72.35	--	1	7234	买盘
11:05:54	72.35	0.05	10	72350	买盘
11:05:51	72.3	--	29	209670	卖盘
11:05:48	72.3	--	4	28920	卖盘
11:05:42	72.3	--	10	72300	卖盘
11:05:36	72.3	-0.01	20	144600	卖盘
11:05:21	72.31	0.01	4	28924	卖盘
11:05:12	72.3	-0.01	19	137370	卖盘
11:05:09	72.31	--	2	14462	买盘
11:05:03	72.31	--	5	36155	买盘
11:04:57	72.31	0.01	2	14462	买盘
11:04:48	72.3	0.03	21	151830	买盘
11:04:39	72.27	-0.03	2	14454	中性盘
11:04:33	72.3	0.03	5	36150	买盘
11:04:30	72.27	--	3	21681	买盘
11:04:24	72.27	--	12	86724	买盘
11:04:18	72.27	--	2	14454	卖盘
11:04:15	72.27	0.01	1	7227	中性盘
11:04:03	72.26	--	12	86712	买盘
11:03:57	72.26	--	52	377486	买盘
11:03:54	72.26	0.05	1	7226	买盘
11:03:45	72.21	0.01	6	43325	中性盘
11:03:42	72.2	-0.06	1	7220	卖盘
11:03:39	72.26	--	9	65034	买盘
11:03:33	72.26	0.06	1	7226	中性盘
11:03:30	72.2	-0.06	100	722000	卖盘
11:03:24	72.26	-0.04	1	7226	卖盘
11:03:15	72.3	-0.01	3	21690	买盘
11:03:12	72.31	0.02	8	57848	买盘
11:03:09	72.29	-0.01	18	130122	卖盘
11:03:06	72.3	--	3	21690	卖盘
11:02:51	72.3	--	1	7230	卖盘
11:02:48	72.3	--	5	36150	卖盘
11:02:45	72.3	--	5	36150	卖盘
11:02:42	72.3	--	2	14460	卖盘
11:02:30	72.3	-0.02	10	72300	卖盘
11:02:27	72.32	--	8	57855	卖盘
11:02:21	72.32	0.02	6	43391	卖盘
11:02:18	72.3	--	27	195210	卖盘
11:02:15	72.3	-0.05	10	72300	卖盘
11:02:12	72.35	0.05	20	144700	买盘
11:02:09	72.3	-0.05	4	28920	卖盘
11:01:57	72.35	--	15	108524	买盘
11:01:51	72.35	--	1	7234	买盘
11:01:48	72.35	--	1	7234	买盘
11:01:42	72.35	-0.02	5	36175	卖盘
11:01:33	72.37	--	4	28948	买盘
11:01:30	72.37	--	1	7237	买盘
11:01:21	72.37	0.02	2	14474	卖盘
11:01:09	72.35	--	9	65114	卖盘
11:01:03	72.35	-0.03	20	144700	卖盘
11:01:00	72.38	0.03	32	231616	买盘
11:00:42	72.35	--	2	14469	卖盘
11:00:30	72.35	-0.02	6	43410	卖盘
11:00:27	72.37	0.02	3	21711	买盘
11:00:24	72.35	--	26	188109	卖盘
11:00:21	72.35	--	5	36175	卖盘
11:00:09	72.35	0.09	33	238754	买盘
10:59:57	72.26	-0.03	5	36130	卖盘
10:59:51	72.29	--	6	43374	买盘
10:59:48	72.29	--	1	7229	买盘
10:59:42	72.29	0.03	4	28916	买盘
10:59:39	72.26	-0.03	5	36130	卖盘
10:59:36	72.29	--	8	57832	买盘
10:59:24	72.29	-0.01	4	28916	中性盘
10:59:21	72.3	--	5	36150	买盘
10:59:18	72.3	0.01	5	36150	买盘
10:59:15	72.29	0.04	5	36145	中性盘
10:59:03	72.25	--	61	440725	卖盘
10:58:57	72.25	--	2	14450	卖盘
10:58:54	72.25	--	2	14450	卖盘
10:58:48	72.25	--	18	130050	买盘
10:58:42	72.25	--	2	14450	买盘
10:58:30	72.25	-0.04	44	317900	卖盘
10:58:18	72.29	0.04	5	36145	买盘
10:58:15	72.25	--	18	130050	买盘
10:58:12	72.25	--	11	79475	卖盘
10:58:03	72.25	--	1	7225	卖盘
10:57:57	72.25	--	2	14450	卖盘
10:57:54	72.25	--	12	86700	卖盘
10:57:51	72.25	0.04	21	151725	买盘
10:57:45	72.21	--	8	57767	卖盘
10:57:42	72.21	-0.04	1	7220	卖盘
10:57:36	72.25	0.04	8	57800	中性盘
10:57:30	72.21	-0.09	8	57767	卖盘
10:57:24	72.3	--	2	14460	买盘
10:57:18	72.3	0.05	5	36150	买盘
10:57:06	72.25	-0.02	3	21675	卖盘
10:57:03	72.27	-0.03	3	21681	卖盘
10:56:51	72.3	-0.09	29	209670	卖盘
10:56:39	72.39	--	6	43434	买盘
10:56:33	72.39	--	1	7239	买盘
10:56:30	72.39	--	39	282321	卖盘
10:56:27	72.39	--	1	7239	卖盘
10:56:12	72.39	--	5	36195	卖盘
10:56:09	72.39	-0.01	10	72390	卖盘
10:56:03	72.4	0.01	15	108600	买盘
10:56:00	72.39	-0.02	6	43434	卖盘
10:55:57	72.41	--	2	14482	买盘
10:55:45	72.41	-0.05	6	43446	卖盘
10:55:39	72.46	--	1	7245	买盘
10:55:33	72.46	-0.04	1	7245	中性盘
10:55:27	72.5	0.04	15	108750	买盘
10:55:24	72.46	-0.04	2	14491	卖盘
10:55:18	72.5	0.03	10	72500	买盘
10:55:12	72.47	-0.03	1	7247	卖盘
10:55:03	72.5	-0.05	19	137750	卖盘
10:55:00	72.55	--	19	137845	买盘
10:54:54	72.55	0.04	1	7255	买盘
10:54:51	72.51	-0.04	1	7251	卖盘
10:54:45	72.55	-0.01	81	587655	卖盘
10:54:36	72.56	0.01	41	297496	买盘
10:54:33	72.55	-0.01	2	14510	卖盘
10:54:30	72.56	--	5	36280	买盘
10:54:27	72.56	--	3	21768	买盘
10:54:24	72.56	--	5	36280	买盘
10:54:21	72.56	-0.04	46	333776	卖盘
10:54:15	72.6	0.01	7	50819	买盘
10:54:12	72.59	0.01	13	94367	买盘
10:54:00	72.58	0.02	10	72580	买盘
10:53:57	72.56	-0.02	1	7256	卖盘
10:53:54	72.58	0.03	3	21774	买盘
10:53:48	72.55	--	2	14510	买盘
10:53:42	72.55	0.05	32	232160	买盘
10:53:39	72.5	0.01	20	145000	买盘
10:53:36	72.49	--	1	7248	卖盘
10:53:30	72.49	--	24	173976	卖盘
10:53:27	72.49	-0.01	6	43494	卖盘
10:53:24	72.5	--	27	195750	买盘
10:53:21	72.5	0.01	181	1312250	买盘
10:53:12	72.49	--	1	7248	卖盘
10:53:09	72.49	0.03	37	268213	买盘
10:53:06	72.46	--	6	43475	买盘
10:53:03	72.46	--	3	21737	买盘
10:52:57	72.46	--	5	36230	买盘
10:52:54	72.46	--	10	72460	买盘
10:52:30	72.46	0.06	7	50721	买盘
10:52:24	72.4	0.01	9	65160	买盘
10:52:09	72.39	--	5	36195	买盘
10:51:57	72.39	0.04	6	43434	买盘
10:51:48	72.35	--	1	7234	卖盘
10:51:42	72.35	--	5	36175	买盘
10:51:39	72.35	--	8	57879	卖盘
10:51:30	72.35	-0.04	69	499214	卖盘
10:51:24	72.39	--	5	36195	卖盘
10:51:21	72.39	0.04	7	50673	买盘
10:51:12	72.35	--	18	130229	卖盘
10:50:57	72.35	-0.03	10	72350	卖盘
10:50:54	72.38	0.01	5	36190	买盘
10:50:51	72.37	0.02	2	14474	中性盘
10:50:45	72.35	--	5	36175	卖盘
10:50:42	72.35	--	1	7234	卖盘
10:50:30	72.35	--	12	86820	卖盘
10:50:18	72.35	0.05	2	14469	买盘
10:50:15	72.3	--	2	14460	卖盘
10:50:12	72.3	--	1	7230	卖盘
10:50:00	72.3	0.03	1	7230	中性盘
10:49:54	72.27	-0.03	4	28908	卖盘
10:49:42	72.3	0.02	1	7230	买盘
10:49:36	72.28	--	3	21684	中性盘
10:49:33	72.28	-0.01	1	7228	买盘
10:49:27	72.29	-0.01	1	7229	中性盘
10:49:24	72.3	--	53	383190	买盘
10:49:15	72.3	0.04	2	14460	买盘
10:49:03	72.26	0.01	15	108390	卖盘
10:49:00	72.25	-0.04	10	72250	卖盘
10:48:48	72.29	-0.01	1	7229	中性盘
10:48:30	72.3	--	4	28920	买盘
10:48:21	72.3	--	1	7230	买盘
10:48:18	72.3	--	1	7230	买盘
10:48:12	72.3	--	1	7230	买盘
10:48:03	72.3	-0.08	54	390420	卖盘
10:48:00	72.38	--	1	7238	卖盘
10:47:57	72.38	--	16	115808	买盘
10:47:45	72.38	--	71	513897	买盘
10:47:42	72.38	--	11	79618	买盘
10:47:33	72.38	--	10	72380	买盘
10:47:27	72.38	--	1	7238	买盘
10:47:24	72.38	-0.01	4	28952	中性盘
10:47:18	72.39	--	4	28956	买盘
10:47:09	72.39	0.01	12	86868	买盘
10:47:06	72.38	--	1	7238	买盘
10:47:00	72.38	0.08	3	21714	买盘
10:46:51	72.3	--	3	21690	卖盘
10:46:48	72.3	--	4	28920	卖盘
10:46:27	72.3	0.1	21	151830	买盘
10:46:18	72.2	--	2	14440	卖盘
10:46:09	72.2	0.02	3	21660	中性盘
10:45:54	72.18	-0.21	36	259848	卖盘
10:45:39	72.39	--	3	21717	卖盘
10:45:33	72.39	-0.11	6	43434	卖盘
10:45:27	72.5	--	11	79750	买盘
10:45:24	72.5	0.11	2	14500	买盘
10:45:21	72.39	-0.11	4	28956	卖盘
10:45:12	72.5	--	20	145000	卖盘
10:45:09	72.5	-0.02	24	174000	卖盘
10:45:06	72.52	0.02	102	739704	买盘
10:45:03	72.5	--	11	79750	卖盘
10:45:00	72.5	-0.03	5	36250	卖盘
10:44:57	72.53	0.03	1	7253	买盘
10:44:54	72.5	--	30	217500	卖盘
10:44:48	72.5	--	33	239250	卖盘
10:44:45	72.5	--	1	7250	卖盘
10:44:42	72.5	-0.05	100	725000	卖盘
10:44:39	72.55	--	1	7255	买盘
10:44:33	72.55	--	11	79805	中性盘
10:44:30	72.55	--	21	152355	卖盘
10:44:27	72.55	--	15	108825	卖盘
10:44:21	72.55	-0.05	6	43530	卖盘
10:44:15	72.6	0.05	37	268620	中性盘
10:44:12	72.55	-0.05	7	50785	卖盘
10:44:09	72.6	--	4	29039	卖盘
10:44:06	72.6	-0.02	12	87120	卖盘
10:44:00	72.62	0.02	15	108930	中性盘
10:43:51	72.6	--	2	14519	卖盘
10:43:48	72.6	0.06	1	7259	中性盘
10:43:42	72.54	-0.01	98	710892	中性盘
10:43:39	72.55	0.05	105	761775	买盘
10:43:36	72.5	--	2	14500	卖盘
10:43:33	72.5	--	15	108750	卖盘
10:43:30	72.5	--	5	36250	卖盘
10:43:24	72.5	--	10	72500	卖盘
10:43:21	72.5	--	24	174000	卖盘
10:43:18	72.5	0.02	19	137750	买盘
10:43:15	72.48	-0.02	2	14496	买盘
10:43:12	72.5	0.11	7	50750	买盘
10:43:06	72.39	-0.14	5	36195	卖盘
10:43:03	72.53	0.03	10	72530	买盘
10:43:00	72.5	0.17	23	166750	买盘
10:42:57	72.33	-0.06	100	723300	卖盘
10:42:54	72.39	-0.11	1	7239	中性盘
10:42:45	72.5	0.13	35	253750	买盘
10:42:42	72.37	--	1	7237	买盘
10:42:36	72.37	0.07	7	50659	买盘
10:42:27	72.3	0.02	1	7230	买盘
10:42:21	72.28	0.08	19	137332	买盘
10:42:15	72.2	0.02	30	216600	买盘
10:42:12	72.18	--	3	21654	买盘
10:42:06	72.18	0.01	1	7218	买盘
10:42:03	72.17	--	7	50519	买盘
10:42:00	72.17	0.02	13	93821	买盘
10:41:57	72.15	--	6	43290	卖盘
10:41:54	72.15	-0.03	10	72150	卖盘
10:41:45	72.18	0.03	3	21654	买盘
10:41:42	72.15	--	5	36075	卖盘
10:41:39	72.15	--	10	72150	买盘
10:41:33	72.15	-0.03	5	36075	买盘
10:41:24	72.18	--	3	21654	买盘
10:41:21	72.18	--	1	7218	买盘
10:41:12	72.18	--	4	28872	买盘
10:41:09	72.18	-0.01	10	72180	买盘
10:40:54	72.19	0.1	12	86628	买盘
10:40:48	72.09	-0.03	10	72090	卖盘
10:40:42	72.12	--	11	79332	买盘
10:40:36	72.12	--	4	28848	买盘
10:40:27	72.12	--	5	36060	中性盘
10:40:24	72.12	0.02	1	7212	买盘
10:40:12	72.1	0.01	17	122569	买盘
10:40:09	72.09	-0.01	3	21627	卖盘
10:40:06	72.1	--	12	86520	买盘
10:40:00	72.1	0.01	4	28839	买盘
10:39:57	72.09	-0.01	14	100926	卖盘
10:39:54	72.1	--	3	21630	买盘
10:39:51	72.1	--	7	50469	买盘
10:39:48	72.1	--	7	50469	买盘
10:39:42	72.1	--	5	36050	买盘
10:39:39	72.1	--	59	425389	买盘
10:39:36	72.1	--	31	223509	买盘
10:39:33	72.1	--	4	28839	买盘
10:39:30	72.1	--	1	7209	买盘
10:39:27	72.1	--	13	93729	买盘
10:39:21	72.1	--	17	122569	买盘
10:39:18	72.1	0.01	1	7209	买盘
10:39:12	72.09	--	10	72090	卖盘
10:39:09	72.09	--	37	266733	卖盘
10:39:00	72.09	0.05	2	14418	买盘
10:38:51	72.04	-0.02	22	158488	卖盘
10:38:48	72.06	--	17	122502	买盘
10:38:39	72.06	0.02	52	374712	买盘
10:38:36	72.04	0.01	3	21612	买盘
10:38:33	72.03	-0.01	4	28812	卖盘
10:38:27	72.04	0.01	2	14408	买盘
10:38:21	72.03	--	1	7203	卖盘
10:38:18	72.03	--	3	21609	卖盘
10:38:15	72.03	--	1	7203	卖盘
10:38:12	72.03	0.03	27	194481	买盘
10:38:06	72.0	-0.04	25	180000	卖盘
10:38:03	72.04	0.01	1	7204	中性盘
10:37:54	72.03	-0.02	4	28812	中性盘
10:37:48	72.05	-0.05	2	14410	卖盘
10:37:36	72.1	--	6	43260	中性盘
10:37:30	72.1	--	6	43260	卖盘
10:37:24	72.1	-0.01	3	21630	卖盘
10:37:18	72.11	-0.09	2	14422	卖盘
10:37:12	72.2	-0.02	39	281580	卖盘
10:37:09	72.22	0.02	37	267214	买盘
10:37:03	72.2	-0.02	22	158840	卖盘
10:36:57	72.22	--	8	57776	买盘
10:36:54	72.22	--	29	209438	卖盘
10:36:48	72.22	--	1	7222	卖盘
10:36:42	72.22	-0.01	19	137218	卖盘
10:36:36	72.23	0.01	4	28892	买盘
10:36:33	72.22	--	10	72220	卖盘
10:36:30	72.22	--	24	173328	买盘
10:36:21	72.22	-0.06	21	151662	卖盘
10:36:15	72.28	--	12	86736	买盘
10:36:09	72.28	0.05	15	108420	买盘
10:36:06	72.23	0.01	1	7223	中性盘
10:36:03	72.22	--	10	72220	卖盘
10:36:00	72.22	-0.06	5	36110	卖盘
10:35:57	72.28	--	2	14456	买盘
10:35:51	72.28	--	5	36140	中性盘
10:35:39	72.28	-0.05	30	216840	卖盘
10:35:33	72.33	--	8	57864	买盘
10:35:30	72.33	--	1	7233	买盘
10:35:27	72.33	-0.02	104	752232	卖盘
10:35:24	72.35	-0.01	5	36175	卖盘
10:35:21	72.36	-0.01	15	108540	卖盘
10:35:15	72.37	--	3	21711	买盘
10:35:12	72.37	--	1	7237	买盘
10:35:06	72.37	-0.13	6	43422	卖盘
10:34:51	72.5	--	1	7250	买盘
10:34:45	72.5	-0.03	22	159500	卖盘
10:34:42	72.53	-0.02	4	29012	中性盘
10:34:30	72.55	--	17	123335	买盘
10:34:27	72.55	-0.01	30	217650	买盘
10:34:24	72.56	0.01	12	87072	买盘
10:34:21	72.55	--	8	58040	卖盘
10:34:18	72.55	--	1	7255	卖盘
10:34:15	72.55	-0.01	3	21765	卖盘
10:34:12	72.56	--	3	21768	买盘
10:34:09	72.56	--	13	94328	买盘
10:34:06	72.56	--	3	21768	买盘
10:34:03	72.56	--	51	370056	卖盘
10:34:00	72.56	-0.02	30	217680	卖盘
10:33:57	72.58	--	20	145160	卖盘
10:33:54	72.58	--	12	87096	买盘
10:33:51	72.58	0.02	2	14516	买盘
10:33:45	72.56	0.01	11	79816	买盘
10:33:36	72.55	0.05	4	29020	买盘
10:33:33	72.5	--	1	7250	卖盘
10:33:30	72.5	0.15	32	232000	买盘
10:33:21	72.35	0.02	2	14469	买盘
10:33:18	72.33	-0.02	3	21699	卖盘
10:33:15	72.35	0.05	15	108524	买盘
10:33:12	72.3	-0.03	5	36150	卖盘
10:33:09	72.33	--	25	180825	买盘
10:33:06	72.33	0.03	1	7233	买盘
10:33:00	72.3	--	20	144600	卖盘
10:32:54	72.3	--	2	14460	卖盘
10:32:51	72.3	--	18	130140	买盘
10:32:45	72.3	--	20	144600	买盘
10:32:42	72.3	0.02	3	21690	买盘
10:32:36	72.28	-0.02	3	21684	中性盘
10:32:33	72.3	--	34	245820	买盘
10:32:30	72.3	--	7	50610	买盘
10:32:27	72.3	--	10	72300	买盘
10:32:24	72.3	0.04	4	28920	买盘
10:32:15	72.26	-0.03	9	65034	卖盘
10:32:09	72.29	0.03	1	7229	买盘
10:32:06	72.26	--	5	36130	卖盘
10:32:03	72.26	--	1	7226	卖盘
10:32:00	72.26	--	1	7226	卖盘
10:31:57	72.26	0.01	13	93938	买盘
10:31:54	72.25	-0.01	3	21675	卖盘
10:31:51	72.26	0.01	8	57808	买盘
10:31:48	72.25	-0.01	7	50575	卖盘
10:31:42	72.26	-0.01	1	7226	买盘
10:31:39	72.27	0.01	4	28908	买盘
10:31:36	72.26	0.01	18	130068	买盘
10:31:33	72.25	--	3	21675	卖盘
10:31:24	72.25	--	7	50575	卖盘
10:31:21	72.25	-0.02	5	36125	卖盘
10:31:18	72.27	0.01	2	14454	买盘
10:31:15	72.26	0.01	7	50582	买盘
10:31:09	72.25	-0.01	4	28900	卖盘
10:31:06	72.26	--	17	122842	卖盘
10:31:03	72.26	-0.01	10	72260	卖盘
10:30:51	72.27	-0.03	12	86724	卖盘
10:30:48	72.3	0.03	1	7230	买盘
10:30:42	72.27	--	6	43362	卖盘
10:30:39	72.27	--	6	43362	卖盘
10:30:33	72.27	0.01	1	7227	买盘
10:30:27	72.26	-0.01	3	21678	卖盘
10:30:24	72.27	-0.03	6	43362	中性盘
10:30:21	72.3	0.03	16	115680	买盘
10:30:18	72.27	--	3	21681	卖盘
10:30:15	72.27	-0.03	6	43362	卖盘
10:30:09	72.3	-0.03	27	195210	卖盘
10:30:06	72.33	--	6	43398	卖盘
10:30:03	72.33	--	8	57864	卖盘
10:30:00	72.33	--	2	14466	卖盘
10:29:57	72.33	--	3	21699	卖盘
10:29:54	72.33	--	10	72330	卖盘
10:29:51	72.33	--	29	209757	买盘
10:29:48	72.33	--	1	7233	买盘
10:29:45	72.33	--	2	14466	买盘
10:29:42	72.33	--	12	86796	买盘
10:29:39	72.33	--	2	14466	买盘
10:29:36	72.33	-0.05	3	21699	卖盘
10:29:33	72.38	0.08	6	43428	中性盘
10:29:24	72.3	-0.11	8	57840	卖盘
10:29:18	72.41	0.03	36	260676	买盘
10:29:15	72.38	--	32	231616	买盘
10:29:12	72.38	-0.12	37	267806	卖盘
10:29:09	72.5	-0.03	3	21750	卖盘
10:29:06	72.53	0.02	1	7253	卖盘
10:29:03	72.51	0.01	3	21753	买盘
10:29:00	72.5	0.09	37	268250	买盘
10:28:57	72.41	-0.01	15	108615	卖盘
10:28:54	72.42	-0.08	7	50694	卖盘
10:28:51	72.5	--	15	108750	买盘
10:28:48	72.5	-0.04	10	72500	买盘
10:28:42	72.54	0.04	23	166842	买盘
10:28:39	72.5	--	17	123250	卖盘
10:28:36	72.5	-0.01	65	471250	卖盘
10:28:33	72.51	0.01	19	137769	中性盘
10:28:30	72.5	--	3	21750	卖盘
10:28:27	72.5	-0.02	35	253750	卖盘
10:28:24	72.52	0.01	3	21756	中性盘
10:28:21	72.51	-0.01	28	203028	卖盘
10:28:18	72.52	-0.01	7	50764	卖盘
10:28:15	72.53	0.01	30	217590	买盘
10:28:12	72.52	--	8	58016	卖盘
10:28:06	72.52	-0.01	5	36260	卖盘
10:28:00	72.53	-0.01	34	246602	卖盘
10:27:54	72.54	-0.02	9	65286	卖盘
10:27:51	72.56	0.02	16	116096	买盘
10:27:48	72.54	0.01	6	43524	卖盘
10:27:42	72.53	-0.03	7	50771	卖盘
10:27:39	72.56	-0.02	5	36280	中性盘
10:27:36	72.58	--	8	58064	买盘
10:27:33	72.58	--	1	7258	买盘
10:27:30	72.58	--	2	14516	买盘
10:27:24	72.58	--	10	72580	买盘
10:27:21	72.58	--	2	14516	买盘
10:27:18	72.58	-0.02	14	101612	卖盘
10:27:15	72.6	0.02	10	72600	买盘
10:27:03	72.58	-0.02	13	94354	卖盘
10:27:00	72.6	-0.05	3	21780	卖盘
10:26:54	72.65	0.07	9	65385	买盘
10:26:51	72.58	0.03	4	29032	买盘
10:26:48	72.55	-0.03	2	14510	卖盘
10:26:45	72.58	--	2	14516	卖盘
10:26:42	72.58	-0.05	35	254030	卖盘
10:26:39	72.63	0.02	9	65366	买盘
10:26:36	72.61	--	4	29044	买盘
10:26:33	72.61	0.01	81	588141	买盘
10:26:30	72.6	-0.01	65	471899	卖盘
10:26:27	72.61	-0.02	6	43566	卖盘
10:26:24	72.63	-0.04	3	21789	中性盘
10:26:21	72.67	0.02	83	603161	买盘
10:26:18	72.65	-0.01	21	152565	中性盘
10:26:15	72.66	-0.02	25	181650	中性盘
10:26:12	72.68	0.03	20	145360	买盘
10:26:06	72.65	0.02	35	254275	买盘
10:26:03	72.63	0.02	1	7263	中性盘
10:26:00	72.61	-0.01	22	159742	卖盘
10:25:57	72.62	-0.08	3	21786	卖盘
10:25:54	72.7	-0.01	24	174480	卖盘
10:25:51	72.71	0.06	123	894332	买盘
10:25:48	72.65	-0.05	20	145300	卖盘
10:25:42	72.7	--	1	7270	买盘
10:25:39	72.7	--	1	7270	买盘
10:25:36	72.7	--	2	14540	买盘
10:25:33	72.7	--	26	189020	卖盘
10:25:30	72.7	-0.05	12	87240	卖盘
10:25:27	72.75	0.01	3	21825	买盘
10:25:24	72.74	-0.01	43	312782	中性盘
10:25:21	72.75	--	1	7275	买盘
10:25:15	72.75	--	18	130950	买盘
10:25:12	72.75	--	1	7275	买盘
10:25:09	72.75	-0.05	5	36375	买盘
10:25:06	72.8	0.1	5	36400	买盘
10:25:03	72.7	-0.05	49	356230	卖盘
10:25:00	72.75	-0.05	4	29100	卖盘
10:24:57	72.8	0.06	14	101920	买盘
10:24:54	72.74	0.13	14	101836	买盘
10:24:51	72.61	-0.24	11	79871	卖盘
10:24:42	72.85	0.15	26	189409	买盘
10:24:39	72.7	-0.1	36	261720	卖盘
10:24:36	72.8	-0.05	4	29120	中性盘
10:24:33	72.85	0.1	9	65565	买盘
10:24:30	72.75	0.24	2	14550	买盘
10:24:27	72.51	-0.36	103	746853	卖盘
10:24:24	72.87	0.12	17	123879	买盘
10:24:21	72.75	--	21	152775	卖盘
10:24:18	72.75	--	64	465600	卖盘
10:24:15	72.75	0.24	3	21825	买盘
10:24:12	72.51	-0.07	5	36255	卖盘
10:24:09	72.58	-0.3	19	137902	卖盘
10:24:06	72.88	0.28	100	728800	买盘
10:24:03	72.6	-0.15	10	72600	中性盘
10:24:00	72.75	0.25	16	116400	买盘
10:23:57	72.5	-0.27	100	725000	卖盘
10:23:54	72.77	-0.11	23	167371	中性盘
10:23:48	72.88	0.38	14	102032	买盘
10:23:45	72.5	-0.27	57	413250	卖盘
10:23:42	72.77	0.27	50	363850	买盘
10:23:39	72.5	-0.2	67	485750	卖盘
10:23:36	72.7	-0.01	12	87240	中性盘
10:23:33	72.71	--	7	50896	买盘
10:23:27	72.71	--	4	29083	买盘
10:23:24	72.71	-0.01	9	65438	买盘
10:23:21	72.72	-0.16	43	312696	卖盘
10:23:18	72.88	--	18	131184	买盘
10:23:15	72.88	0.03	8	58304	买盘
10:23:12	72.85	-0.03	5	36425	中性盘
10:23:09	72.88	0.13	13	94744	买盘
10:23:06	72.75	-0.2	12	87300	卖盘
10:23:03	72.95	-0.04	6	43770	中性盘
10:23:00	72.99	--	3	21897	买盘
10:22:57	72.99	0.01	28	204372	买盘
10:22:54	72.98	-0.02	58	423284	中性盘
10:22:51	73.0	--	10	73000	买盘
10:22:48	73.0	0.01	6	43800	买盘
10:22:45	72.99	-0.01	40	291960	中性盘
10:22:42	73.0	--	3	21900	买盘
10:22:39	73.0	--	14	102200	买盘
10:22:36	73.0	-0.06	44	321200	卖盘
10:22:33	73.06	0.06	73	533338	买盘
10:22:30	73.0	--	68	496400	买盘
10:22:27	73.0	0.73	5	36500	买盘
10:22:24	72.27	-0.73	20	144540	卖盘
10:22:21	73.0	--	6	43800	买盘
10:22:18	73.0	--	7	51100	买盘
10:22:15	73.0	0.5	2	14600	买盘
10:22:12	72.5	0.24	14	101500	买盘
10:22:09	72.26	--	1	7226	卖盘
10:22:06	72.26	-0.74	4	28904	卖盘
10:22:03	73.0	--	14	102200	卖盘
10:22:00	73.0	--	138	1007400	卖盘
10:21:57	73.0	0.77	653	4766900	买盘
10:21:54	72.23	0.02	17	122791	买盘
10:21:51	72.21	--	25	180524	卖盘
10:21:48	72.21	-0.02	11	79431	卖盘
10:21:45	72.23	--	5	36115	买盘
10:21:42	72.23	--	53	382819	买盘
10:21:39	72.23	-0.02	70	505610	卖盘
10:21:36	72.25	0.01	21	151725	买盘
10:21:33	72.24	0.01	4	28895	中性盘
10:21:30	72.23	--	24	173352	卖盘
10:21:27	72.23	-0.02	21	151683	卖盘
10:21:24	72.25	0.02	8	57800	买盘
10:21:21	72.23	0.07	18	130014	买盘
10:21:18	72.16	-0.06	14	101024	卖盘
10:21:15	72.22	0.02	4	28888	中性盘
10:21:12	72.2	--	3	21660	中性盘
10:21:09	72.2	0.04	107	772540	买盘
10:21:06	72.16	-0.02	8	57728	买盘
10:21:03	72.18	-0.02	33	238194	卖盘
10:21:00	72.2	--	25	180500	卖盘
10:20:57	72.2	0.02	61	440420	买盘
10:20:54	72.18	-0.02	5	36090	卖盘
10:20:51	72.2	--	37	267140	买盘
10:20:48	72.2	--	17	122740	买盘
10:20:45	72.2	-0.01	21	151620	中性盘
10:20:42	72.21	0.01	20	144420	买盘
10:20:39	72.2	-0.04	5	36100	卖盘
10:20:36	72.24	-0.01	41	296184	卖盘
10:20:33	72.25	-0.03	48	346800	卖盘
10:20:30	72.28	0.11	104	751712	买盘
10:20:27	72.17	0.02	5	36085	中性盘
10:20:24	72.15	-0.08	18	129870	卖盘
10:20:21	72.23	0.05	42	303366	买盘
10:20:18	72.18	-0.01	4	28872	买盘
10:20:15	72.19	-0.01	29	209351	卖盘
10:20:12	72.2	0.02	63	454860	卖盘
10:20:09	72.18	0.02	4	28872	买盘
10:20:06	72.16	0.03	20	144320	卖盘
10:20:03	72.13	0.03	2	14426	卖盘
10:20:00	72.1	-0.05	41	295610	卖盘
10:19:57	72.15	--	51	367965	买盘
10:19:54	72.15	-0.05	37	266955	买盘
10:19:51	72.2	0.05	34	245480	买盘
10:19:48	72.15	0.15	9	64935	买盘
10:19:45	72.0	-0.15	5	36000	卖盘
10:19:42	72.15	0.11	52	375180	买盘
10:19:39	72.04	-0.06	10	72040	卖盘
10:19:36	72.1	0.06	3	21630	买盘
10:19:33	72.04	0.02	3	21612	卖盘
10:19:30	72.02	0.02	64	460928	买盘
10:19:27	72.0	--	23	165600	买盘
10:19:24	72.0	0.03	97	698400	买盘
10:19:21	71.97	0.09	2	14394	买盘
10:19:18	71.88	-0.11	39	280332	卖盘
10:19:15	71.99	0.04	145	1043854	买盘
10:19:12	71.95	--	17	122315	买盘
10:19:09	71.95	-0.01	14	100730	卖盘
10:19:06	71.96	-0.02	18	129527	卖盘
10:19:03	71.98	0.02	70	503860	买盘
10:19:00	71.96	0.11	6	43175	中性盘
10:18:57	71.85	-0.08	29	208364	卖盘
10:18:54	71.93	-0.02	10	71930	卖盘
10:18:51	71.95	--	4	28780	卖盘
10:18:48	71.95	0.12	86	618770	买盘
10:18:45	71.83	0.03	31	222673	买盘
10:18:42	71.8	0.1	1	7180	买盘
10:18:39	71.7	-0.01	15	107550	卖盘
10:18:36	71.71	0.01	45	322695	买盘
10:18:33	71.7	--	21	150570	买盘
10:18:30	71.7	0.1	72	516240	买盘
10:18:27	71.6	-0.09	18	128879	卖盘
10:18:24	71.69	0.01	17	121873	买盘
10:18:21	71.68	0.08	11	78848	买盘
10:18:18	71.6	--	18	128879	买盘
10:18:15	71.6	0.08	8	57279	买盘
10:18:12	71.52	0.02	4	28608	卖盘
10:18:09	71.5	0.04	8	57200	卖盘
10:18:06	71.46	-0.02	76	543096	卖盘
10:18:03	71.48	0.03	34	243032	买盘
10:18:00	71.45	--	38	271510	买盘
10:17:57	71.45	--	41	292945	买盘
10:17:54	71.45	0.03	68	485860	买盘
10:17:51	71.42	-0.01	13	92846	中性盘
10:17:48	71.43	0.03	7	50001	买盘
10:17:45	71.4	--	32	228480	卖盘
10:17:42	71.4	--	57	406980	买盘
10:17:39	71.4	0.02	107	763980	买盘
10:17:36	71.38	-0.01	5	35690	卖盘
10:17:33	71.39	--	5	35695	买盘
10:17:30	71.39	--	4	28556	买盘
10:17:24	71.39	0.01	61	435479	买盘
10:17:21	71.38	0.01	7	49966	买盘
10:17:18	71.37	0.02	43	306891	买盘
10:17:09	71.35	--	2	14269	卖盘
10:17:06	71.35	0.04	2	14269	中性盘
10:17:03	71.31	--	16	114096	中性盘
10:17:00	71.31	--	1	7131	卖盘
10:16:57	71.31	--	1	7131	卖盘
10:16:54	71.31	0.01	1	7131	中性盘
10:16:51	71.3	--	28	199640	卖盘
10:16:48	71.3	--	22	156860	卖盘
10:16:45	71.3	0.01	21	149730	买盘
10:16:42	71.29	-0.01	14	99806	卖盘
10:16:39	71.3	--	2	14260	买盘
10:16:36	71.3	--	10	71300	买盘
10:16:33	71.3	0.03	14	99820	买盘
10:16:30	71.27	-0.03	19	135413	卖盘
10:16:27	71.3	0.03	7	49910	买盘
10:16:24	71.27	--	25	178175	卖盘
10:16:21	71.27	0.01	80	570160	买盘
10:16:18	71.26	0.06	10	71260	买盘
10:16:12	71.2	--	1	7120	卖盘
10:16:09	71.2	0.06	1	7120	买盘
10:16:06	71.14	-0.01	7	49798	卖盘
10:16:03	71.15	-0.15	2	14230	买盘
10:16:00	71.3	0.1	20	142600	买盘
10:15:57	71.2	--	2	14240	卖盘
10:15:54	71.2	--	8	56960	卖盘
10:15:51	71.2	0.06	2	14240	卖盘
10:15:48	71.14	-0.06	13	92482	卖盘
10:15:45	71.2	--	3	21360	买盘
10:15:42	71.2	--	16	113920	买盘
10:15:39	71.2	--	3	21360	买盘
10:15:36	71.2	--	2	14240	买盘
10:15:33	71.2	-0.06	36	256320	卖盘
10:15:30	71.26	--	1	7126	卖盘
10:15:27	71.26	-0.04	35	249410	卖盘
10:15:24	71.3	0.03	18	128340	买盘
10:15:21	71.27	-0.03	2	14254	卖盘
10:15:18	71.3	--	3	21390	买盘
10:15:15	71.3	0.04	5	35650	买盘
10:15:12	71.26	-0.01	5	35630	卖盘
10:15:09	71.27	-0.03	11	78397	中性盘
10:15:06	71.3	0.03	39	278070	买盘
10:15:03	71.27	-0.03	18	128286	买盘
10:15:00	71.3	--	15	106950	买盘
10:14:57	71.3	0.03	10	71300	买盘
10:14:54	71.27	-0.03	39	277953	卖盘
10:14:51	71.3	0.03	3	21390	买盘
10:14:48	71.27	-0.03	1	7127	卖盘
10:14:45	71.3	--	3	21390	买盘
10:14:42	71.3	--	4	28520	买盘
10:14:39	71.3	--	2	14260	买盘
10:14:36	71.3	--	21	149730	买盘
10:14:33	71.3	-0.02	17	121210	卖盘
10:14:30	71.32	0.01	10	71320	卖盘
10:14:27	71.31	--	24	171144	买盘
10:14:24	71.31	--	9	64179	买盘
10:14:21	71.31	--	4	28524	买盘
10:14:18	71.31	-0.04	30	213930	卖盘
10:14:15	71.35	-0.03	124	884739	卖盘
10:14:12	71.38	0.03	60	428280	买盘
10:14:09	71.35	--	18	128429	买盘
10:14:06	71.35	0.02	21	149835	买盘
10:14:03	71.33	-0.02	137	977221	卖盘
10:14:00	71.35	-0.02	8	57079	卖盘
10:13:57	71.37	--	15	107055	买盘
10:13:54	71.37	-0.01	27	192699	卖盘
10:13:51	71.38	-0.02	19	135622	卖盘
10:13:48	71.4	0.02	28	199920	买盘
10:13:45	71.38	0.03	38	271244	买盘
10:13:42	71.35	--	21	149835	卖盘
10:13:39	71.35	--	5	35675	卖盘
10:13:36	71.35	--	11	78485	卖盘
10:13:33	71.35	--	41	292535	买盘
10:13:30	71.35	--	8	57079	买盘
10:13:27	71.35	0.05	21	149835	买盘
10:13:24	71.3	-0.03	72	513360	卖盘
10:13:21	71.33	0.03	6	42798	中性盘
10:13:18	71.3	-0.03	27	192510	卖盘
10:13:15	71.33	--	75	534975	买盘
10:13:12	71.33	0.03	11	78463	买盘
10:13:09	71.3	--	5	35650	买盘
10:13:06	71.3	0.1	10	71300	买盘
10:13:03	71.2	-0.1	95	676400	卖盘
10:13:00	71.3	--	3	21390	买盘
10:12:57	71.3	--	19	135470	买盘
10:12:54	71.3	--	25	178250	买盘
10:12:51	71.3	--	5	35650	买盘
10:12:48	71.3	--	15	106950	买盘
10:12:45	71.3	--	33	235290	买盘
10:12:42	71.3	--	24	171120	买盘
10:12:39	71.3	-0.08	49	349370	卖盘
10:12:36	71.38	0.1	9	64241	买盘
10:12:33	71.28	-0.02	21	149688	卖盘
10:12:30	71.3	--	41	292330	买盘
10:12:27	71.3	-0.03	168	1197840	卖盘
10:12:24	71.33	--	47	335251	买盘
10:12:21	71.33	0.03	44	313852	买盘
10:12:18	71.3	--	11	78430	卖盘
10:12:15	71.3	-0.03	3	21390	卖盘
10:12:12	71.33	0.08	3	21399	买盘
10:12:09	71.25	-0.05	2	14250	卖盘
10:12:06	71.3	--	7	49910	卖盘
10:12:03	71.3	0.1	7	49910	买盘
10:12:00	71.2	--	8	56960	卖盘
10:11:57	71.2	-0.1	12	85440	卖盘
10:11:54	71.3	0.05	42	299460	买盘
10:11:51	71.25	0.05	6	42750	买盘
10:11:48	71.2	-0.1	4	28480	卖盘
10:11:45	71.3	-0.04	8	57040	中性盘
10:11:42	71.34	-0.01	30	214020	中性盘
10:11:39	71.35	0.1	13	92754	买盘
10:11:36	71.25	0.05	8	57000	买盘
10:11:33	71.2	-0.1	11	78320	卖盘
10:11:30	71.3	0.02	15	106950	买盘
10:11:27	71.28	-0.15	37	263736	卖盘
10:11:24	71.43	--	30	214290	卖盘
10:11:21	71.43	0.05	38	271434	买盘
10:11:18	71.38	-0.05	181	1291978	买盘
10:11:15	71.43	0.15	73	521439	买盘
10:11:12	71.28	-0.12	52	370656	卖盘
10:11:09	71.4	--	87	621180	买盘
10:11:06	71.4	--	11	78540	买盘
10:11:03	71.4	--	69	492660	买盘
10:11:00	71.4	--	76	542640	买盘
10:10:57	71.4	0.09	16	114240	中性盘
10:10:54	71.31	0.09	9	64179	中性盘
10:10:51	71.22	-0.2	75	534150	卖盘
10:10:48	71.42	0.28	22	157124	买盘
10:10:45	71.14	--	43	305902	买盘
10:10:42	71.14	0.14	9	64026	买盘
10:10:39	71.0	-0.14	34	241400	卖盘
10:10:36	71.14	0.18	12	85368	买盘
10:10:33	70.96	-0.02	58	411567	中性盘
10:10:30	70.98	0.08	64	454272	买盘
10:10:27	70.9	-0.06	13	92170	卖盘
10:10:24	70.96	0.18	11	78056	买盘
10:10:18	70.78	0.1	29	210499	买盘
10:10:15	70.68	0.04	7	49476	买盘
10:10:12	70.64	0.02	2	14128	买盘
10:10:09	70.62	0.02	2	14124	买盘
10:10:06	70.6	--	30	211799	卖盘
10:10:03	70.6	0.07	38	268280	买盘
10:10:00	70.53	0.03	15	105795	买盘
10:09:51	70.5	0.1	74	522687	买盘
10:09:48	70.4	0.02	12	84480	买盘
10:09:42	70.38	--	1	7038	卖盘
10:09:39	70.38	--	20	140760	卖盘
10:09:36	70.38	0.03	12	84456	买盘
10:09:30	70.35	--	8	56279	卖盘
10:09:21	70.35	0.03	1	7034	买盘
10:09:18	70.32	--	1	7031	卖盘
10:09:15	70.32	-0.03	2	14063	中性盘
10:09:09	70.35	0.05	13	91454	买盘
10:09:03	70.3	-0.05	1	7030	卖盘
10:09:00	70.35	0.03	11	77385	买盘
10:08:54	70.32	0.02	5	35160	买盘
10:08:51	70.3	--	3	21090	买盘
10:08:48	70.3	-0.02	2	14060	卖盘
10:08:39	70.32	-0.03	4	28127	中性盘
10:08:36	70.35	0.03	12	84420	买盘
10:08:33	70.32	--	3	21095	卖盘
10:08:30	70.32	--	10	70320	卖盘
10:08:27	70.32	-0.03	3	21095	卖盘
10:08:24	70.35	--	1	7034	买盘
10:08:15	70.35	0.03	1	7034	买盘
10:08:06	70.32	--	2	14063	中性盘
10:08:00	70.32	-0.03	1	7031	卖盘
10:07:57	70.35	--	1	7034	买盘
10:07:48	70.35	0.08	1	7034	中性盘
10:07:36	70.27	-0.03	15	105405	卖盘
10:07:27	70.3	-0.09	3	21090	卖盘
10:07:21	70.39	0.12	8	56312	买盘
10:07:18	70.27	--	18	126486	买盘
10:07:09	70.27	--	7	49189	买盘
10:07:03	70.27	-0.01	1	7027	买盘
10:07:00	70.28	-0.12	4	28112	卖盘
10:06:57	70.4	0.01	20	140800	买盘
10:06:54	70.39	0.03	8	56312	买盘
10:06:51	70.36	-0.04	9	63324	买盘
10:06:45	70.4	0.05	2	14080	买盘
10:06:36	70.35	-0.05	5	35175	卖盘
10:06:33	70.4	0.04	5	35200	买盘
10:06:30	70.36	-0.04	24	168864	卖盘
10:06:24	70.4	-0.01	24	175014	卖盘
10:06:18	70.41	--	5	35205	卖盘
10:06:15	70.41	--	5	36190	卖盘
10:06:12	70.41	-0.06	3	21123	买盘
10:06:09	70.47	0.07	20	140940	买盘
10:06:06	70.4	-0.01	4	28160	中性盘
10:05:57	70.41	0.01	8	56328	买盘
10:05:54	70.4	--	16	112640	买盘
10:05:48	70.4	--	14	98560	卖盘
10:05:45	70.4	--	3	21120	卖盘
10:05:42	70.4	0.04	14	98560	买盘
10:05:39	70.36	-0.04	7	49252	卖盘
10:05:36	70.4	0.04	13	91520	买盘
10:05:33	70.36	-0.04	9	63324	卖盘
10:05:30	70.4	--	2	14080	买盘
10:05:21	70.4	0.08	21	147840	买盘
10:05:15	70.32	--	3	21095	买盘
10:05:12	70.32	0.01	2	14063	买盘
10:05:09	70.31	0.1	20	140620	买盘
10:04:57	70.21	0.01	11	77231	卖盘
10:04:45	70.2	--	27	189540	买盘
10:04:36	70.2	0.05	20	140400	买盘
10:04:27	70.15	-0.04	1	7015	卖盘
10:04:24	70.19	0.09	25	181651	买盘
10:04:06	70.1	0.01	7	49069	中性盘
10:03:57	70.09	--	10	70090	卖盘
10:03:51	70.09	-0.01	2	14018	中性盘
10:03:42	70.1	--	1	7009	买盘
10:03:30	70.1	0.1	20	140200	买盘
10:03:12	70.0	--	4	30100	买盘
10:03:09	70.0	--	1	7000	买盘
10:03:06	70.0	--	4	28000	买盘
10:03:03	70.0	0.02	16	112000	卖盘
10:02:24	69.98	-0.12	4	27992	卖盘
10:02:18	70.1	--	5	35050	买盘
10:02:15	70.1	0.1	7	49069	买盘
10:02:09	70.0	-0.1	1	7000	卖盘
10:02:03	70.1	--	5	35050	买盘
10:01:54	70.1	0.14	3	21030	买盘
10:01:30	69.96	--	2	13991	买盘
10:01:27	69.96	--	4	27983	买盘
10:01:21	69.96	0.01	10	69960	买盘
10:01:12	69.95	--	1	6995	买盘
10:01:09	69.95	--	4	27980	卖盘
10:00:57	69.95	-0.01	6	41970	卖盘
10:00:48	69.96	--	1	6995	买盘
10:00:42	69.96	-0.01	13	90947	卖盘
10:00:30	69.97	--	5	34985	卖盘
10:00:27	69.97	--	4	27988	卖盘
10:00:18	69.97	--	1	6997	卖盘
10:00:12	69.97	--	3	20991	卖盘
10:00:03	69.97	-0.01	6	41982	卖盘
09:59:51	69.98	-0.02	18	125964	卖盘
09:59:48	70.0	0.02	1	7000	买盘
09:59:45	69.98	-0.02	1	6998	卖盘
09:59:30	70.0	--	12	84000	买盘
09:59:15	70.0	0.03	1	7000	买盘
09:59:12	69.97	-0.03	11	76967	卖盘
09:58:54	70.0	--	3	21000	买盘
09:58:45	70.0	0.03	1	7000	买盘
09:58:42	69.97	-0.03	0	4897	卖盘
09:58:24	70.0	-0.06	4	28000	卖盘
09:58:21	70.06	--	1	7006	中性盘
09:58:18	70.06	0.06	2	14012	买盘
09:58:09	70.0	--	9	63000	卖盘
09:57:54	70.0	0.02	7	49000	买盘
09:57:39	69.98	-0.02	3	20994	卖盘
09:57:30	70.0	0.02	7	49000	买盘
09:57:24	69.98	--	3	20994	卖盘
09:57:06	69.98	-0.02	8	55984	卖盘
09:56:45	70.0	--	1	7000	卖盘
09:56:30	70.0	-0.05	2	14000	买盘
09:56:15	70.05	0.05	2	14010	买盘
09:56:12	70.0	-0.05	9	63000	卖盘
09:55:54	70.05	0.05	1	7005	买盘
09:55:45	70.0	--	2	14000	卖盘
09:55:39	70.0	0.02	20	140000	买盘
09:55:15	69.98	0.04	8	55984	买盘
09:55:09	69.94	--	5	37068	买盘
09:55:06	69.94	--	1	6994	买盘
09:55:00	69.94	-0.03	3	25877	卖盘
09:54:57	69.97	0.03	1	6997	买盘
09:54:39	69.94	--	2	13988	卖盘
09:54:33	69.94	0.05	5	37068	买盘
09:54:30	69.89	--	5	34945	卖盘
09:54:27	69.89	-0.05	4	27956	卖盘
09:54:21	69.94	0.05	1	6994	买盘
09:54:15	69.89	--	20	139780	卖盘
09:53:57	69.89	-0.01	10	69890	卖盘
09:53:54	69.9	-0.08	15	104850	卖盘
09:53:45	69.98	0.08	25	174950	买盘
09:53:42	69.9	-0.06	11	76890	卖盘
09:53:36	69.96	-0.02	20	139920	买盘
09:53:33	69.98	-0.02	2	13996	卖盘
09:53:27	70.0	--	6	42000	买盘
09:53:18	70.0	--	5	35000	买盘
09:53:15	70.0	--	3	21000	卖盘
09:53:12	70.0	--	5	35000	卖盘
09:53:09	70.0	--	2	14000	买盘
09:53:06	70.0	--	1	7000	买盘
09:52:57	70.0	--	11	77000	卖盘
09:52:51	70.0	-0.05	1	7000	卖盘
09:52:48	70.05	0.04	5	35025	买盘
09:52:39	70.01	0.01	9	63009	卖盘
09:52:18	70.0	--	2	14000	卖盘
09:52:12	70.0	--	2	14000	卖盘
09:52:03	70.0	0.02	4	28000	买盘
09:51:57	69.98	-0.02	1	6998	卖盘
09:51:51	70.0	--	11	77000	买盘
09:51:30	70.0	-0.05	88	616000	卖盘
09:51:27	70.05	-0.03	1	7005	卖盘
09:51:18	70.08	-0.06	3	21024	卖盘
09:51:15	70.14	--	1	7014	卖盘
09:51:12	70.14	0.06	3	21042	买盘
09:51:06	70.08	--	2	14016	卖盘
09:50:51	70.08	--	1	7008	卖盘
09:50:48	70.08	-0.06	1	7008	卖盘
09:50:36	70.14	0.06	5	35070	中性盘
09:50:21	70.08	--	6	42048	中性盘
09:50:09	70.08	-0.07	2	14016	卖盘
09:49:51	70.15	0.07	1	7015	买盘
09:49:42	70.08	-0.07	2	14016	卖盘
09:49:03	70.15	-0.01	2	14030	卖盘
09:48:42	70.16	-0.01	3	21048	中性盘
09:48:33	70.17	-0.03	1	7017	卖盘
09:48:27	70.2	--	2	14040	买盘
09:48:24	70.2	0.04	4	28080	买盘
09:48:21	70.16	--	1	7016	买盘
09:48:15	70.16	-0.08	9	63144	卖盘
09:48:09	70.24	0.03	15	105359	买盘
09:47:54	70.21	--	1	7020	卖盘
09:47:48	70.21	0.05	7	49146	买盘
09:47:42	70.16	-0.04	6	42096	卖盘
09:47:36	70.2	--	3	21060	买盘
09:47:30	70.2	--	2	14040	卖盘
09:47:18	70.2	--	1	7020	卖盘
09:47:12	70.2	--	5	35100	买盘
09:47:09	70.2	-0.01	3	21060	中性盘
09:47:03	70.21	-0.01	4	28083	中性盘
09:46:57	70.22	0.02	1	7022	买盘
09:46:48	70.2	-0.02	11	77220	卖盘
09:46:45	70.22	-0.02	3	21066	卖盘
09:46:42	70.24	-0.01	2	14047	中性盘
09:46:24	70.25	0.05	22	154550	买盘
09:46:15	70.2	-0.04	13	91260	卖盘
09:46:12	70.24	0.02	35	245839	买盘
09:46:09	70.22	-0.01	4	28088	买盘
09:46:03	70.23	-0.01	2	14046	卖盘
09:46:00	70.24	-0.01	4	28095	中性盘
09:45:54	70.25	--	10	70250	买盘
09:45:51	70.25	0.02	18	126450	买盘
09:45:45	70.23	--	2	14046	卖盘
09:45:42	70.23	--	1	7023	卖盘
09:45:36	70.23	-0.04	6	42138	卖盘
09:45:30	70.27	0.05	20	140540	买盘
09:45:27	70.22	0.01	3	21066	买盘
09:45:24	70.21	-0.01	1	7020	卖盘
09:45:15	70.22	--	1	7022	买盘
09:45:12	70.22	-0.01	10	70220	卖盘
09:44:48	70.23	-0.04	1	7023	卖盘
09:44:45	70.27	0.12	4	28108	买盘
09:44:42	70.15	--	2	14030	买盘
09:44:39	70.15	-0.08	20	140300	卖盘
09:44:30	70.23	--	1	7023	买盘
09:44:27	70.23	--	1	7023	买盘
09:44:21	70.23	--	5	35115	买盘
09:44:18	70.23	--	5	35115	买盘
09:44:00	70.23	0.04	2	14046	买盘
09:43:54	70.19	--	1	7019	中性盘
09:43:45	70.19	--	1	7019	卖盘
09:43:42	70.19	0.04	4	28076	买盘
09:43:39	70.15	--	1	7015	买盘
09:43:27	70.15	--	2	14030	中性盘
09:43:18	70.15	0.1	3	21045	买盘
09:43:09	70.05	-0.14	35	245175	卖盘
09:43:06	70.19	0.14	1	7019	卖盘
09:42:51	70.05	-0.14	10	70050	卖盘
09:42:48	70.19	0.14	12	84228	买盘
09:42:45	70.05	-0.1	11	77055	卖盘
09:42:36	70.15	0.1	1	7015	中性盘
09:42:27	70.05	--	3	21015	卖盘
09:42:15	70.05	0.02	86	602430	买盘
09:42:12	70.03	-0.02	2	14006	卖盘
09:42:09	70.05	--	5	35025	买盘
09:42:06	70.05	-0.02	3	21015	买盘
09:42:00	70.07	-0.12	6	42041	卖盘
09:41:57	70.19	--	11	77209	买盘
09:41:54	70.19	0.01	43	301817	买盘
09:41:51	70.18	--	10	70180	卖盘
09:41:48	70.18	--	4	28072	卖盘
09:41:42	70.18	0.15	1	7018	买盘
09:41:24	70.03	0.02	2	14006	中性盘
09:41:18	70.01	-0.18	26	182026	卖盘
09:41:09	70.19	--	2	14038	买盘
09:41:00	70.19	--	1	7019	买盘
09:40:54	70.19	-0.01	53	372007	卖盘
09:40:51	70.2	-0.12	12	84240	卖盘
09:40:42	70.32	-0.01	2	14063	中性盘
09:40:27	70.33	--	8	56264	买盘
09:40:24	70.33	--	1	7033	买盘
09:40:21	70.33	--	2	14066	买盘
09:40:18	70.33	-0.03	12	84396	卖盘
09:40:15	70.36	--	2	14072	卖盘
09:40:12	70.36	0.03	3	21108	卖盘
09:40:09	70.33	-0.07	1	7033	卖盘
09:40:03	70.4	0.01	6	42240	买盘
09:39:54	70.39	--	5	35195	卖盘
09:39:51	70.39	0.06	30	211170	买盘
09:39:48	70.33	--	1	7033	卖盘
09:39:42	70.33	0.14	1	7033	中性盘
09:39:30	70.19	-0.09	8	56152	卖盘
09:39:27	70.28	0.03	2	14056	买盘
09:39:24	70.25	0.06	4	28100	买盘
09:39:21	70.19	-0.01	32	224608	卖盘
09:39:18	70.2	--	1	7020	买盘
09:39:15	70.2	--	6	42120	买盘
09:39:09	70.2	0.01	3	21060	买盘
09:39:00	70.19	--	5	35095	卖盘
09:38:57	70.19	0.19	15	105285	买盘
09:38:39	70.0	0.1	7	49000	买盘
09:38:33	69.9	--	4	27960	卖盘
09:38:24	69.9	--	4	27960	卖盘
09:38:21	69.9	0.01	25	174750	买盘
09:38:18	69.89	--	1	6989	卖盘
09:38:06	69.89	-0.01	2	13978	卖盘
09:37:57	69.9	0.06	1	6990	买盘
09:37:51	69.84	0.08	12	83808	买盘
09:37:48	69.76	--	3	20928	卖盘
09:37:42	69.76	--	4	27904	卖盘
09:37:39	69.76	--	1	6976	卖盘
09:37:36	69.76	--	2	13952	卖盘
09:37:33	69.76	--	1	6976	卖盘
09:37:30	69.76	0.01	6	41856	买盘
09:37:27	69.75	--	28	195300	卖盘
09:37:24	69.75	--	1	6975	卖盘
09:37:21	69.75	-0.01	10	69750	卖盘
09:37:18	69.76	-0.04	31	216256	卖盘
09:37:15	69.8	0.04	22	153560	买盘
09:37:00	69.76	-0.04	1	6976	卖盘
09:36:42	69.8	0.02	78	544440	买盘
09:36:39	69.78	-0.01	2	13956	卖盘
09:36:36	69.79	-0.01	1	6979	中性盘
09:36:27	69.8	--	18	125640	买盘
09:36:21	69.8	--	1	6980	买盘
09:36:15	69.8	--	1	6980	买盘
09:36:12	69.8	-0.1	21	146580	卖盘
09:35:57	69.9	0.1	2	13980	买盘
09:35:45	69.8	-0.02	31	216380	卖盘
09:35:42	69.82	--	2	13963	卖盘
09:35:36	69.82	-0.08	2	13963	卖盘
09:35:33	69.9	0.08	1	6990	中性盘
09:35:21	69.82	-0.08	9	62837	卖盘
09:35:12	69.9	0.12	1	6990	买盘
09:34:57	69.78	--	6	41868	卖盘
09:34:48	69.78	0.01	10	69780	卖盘
09:34:45	69.77	-0.01	20	139540	卖盘
09:34:42	69.78	--	2	13956	买盘
09:34:30	69.78	--	2	13956	买盘
09:34:27	69.78	0.01	1	6978	买盘
09:34:21	69.77	0.01	1	6977	买盘
09:34:12	69.76	0.03	3	20928	买盘
09:34:06	69.73	-0.01	21	146433	卖盘
09:34:03	69.74	--	2	13947	买盘
09:34:00	69.74	0.01	2	13947	买盘
09:33:51	69.73	0.03	4	27892	买盘
09:33:48	69.7	--	6	41820	卖盘
09:33:45	69.7	-0.01	24	167280	卖盘
09:33:42	69.71	0.01	4	27883	中性盘
09:33:39	69.7	-0.03	5	34850	卖盘
09:33:36	69.73	0.01	39	271947	买盘
09:33:33	69.72	-0.02	7	48804	卖盘
09:33:30	69.74	--	6	41844	买盘
09:33:27	69.74	--	10	69740	买盘
09:33:24	69.74	--	50	348700	买盘
09:33:21	69.74	-0.04	12	83688	卖盘
09:33:15	69.78	0.02	1	6978	买盘
09:33:12	69.76	-0.02	5	34880	中性盘
09:33:09	69.78	0.02	3	20934	买盘
09:33:06	69.76	--	1	6976	买盘
09:33:00	69.76	--	1	6976	买盘
09:32:57	69.76	--	7	48832	卖盘
09:32:54	69.76	-0.03	6	41856	卖盘
09:32:51	69.79	-0.01	1	6979	中性盘
09:32:48	69.8	--	2	13960	买盘
09:32:45	69.8	0.01	17	118660	买盘
09:32:39	69.79	0.04	2	13958	买盘
09:32:36	69.75	-0.04	2	13950	卖盘
09:32:33	69.79	-0.01	3	20937	中性盘
09:32:27	69.8	--	1	6980	买盘
09:32:21	69.8	-0.01	2	13960	买盘
09:32:18	69.81	-0.09	16	111696	卖盘
09:32:15	69.9	-0.08	1	6990	卖盘
09:32:12	69.98	--	3	20994	买盘
09:32:09	69.98	--	2	13996	买盘
09:32:06	69.98	--	6	41988	买盘
09:31:51	69.98	-0.01	1	6998	买盘
09:31:48	69.99	--	12	83988	卖盘
09:31:45	69.99	--	1	6998	卖盘
09:31:39	69.99	--	3	20997	卖盘
09:31:36	69.99	0.09	1	6998	卖盘
09:31:33	69.9	-0.08	3	20970	中性盘
09:31:21	69.98	0.18	13	90974	中性盘
09:31:15	69.8	-0.2	5	34900	中性盘
09:31:03	70.0	--	1	7000	买盘
09:31:00	70.0	0.1	6	42000	买盘
09:30:51	69.9	-0.1	2	13980	卖盘
09:30:45	70.0	--	10	70000	买盘
09:30:42	70.0	-0.4	25	175000	卖盘
09:30:36	70.4	0.38	1	7040	中性盘
09:30:21	70.02	-0.46	3	21006	卖盘
09:30:15	70.48	0.46	1	7048	中性盘
09:30:06	70.02	0.01	31	217062	中性盘
09:30:03	70.01	-0.58	11	77011	卖盘
09:25:03	70.59	70.59	51	360009	买盘
