成交时间	成交价	价格变动	成交量(手)	成交额(元)	性质
15:00:03	16.89	0.01	740	1249860	买盘
14:57:03	16.88	--	0	0	卖盘
14:56:45	16.88	--	3	5064	卖盘
14:56:42	16.88	0.01	358	604911	买盘
14:56:33	16.87	0.01	68	114716	买盘
14:56:30	16.86	-0.01	35	59010	卖盘
14:56:27	16.87	--	14	23618	买盘
14:56:24	16.87	0.01	10	16870	买盘
14:56:18	16.86	-0.01	125	210750	卖盘
14:56:12	16.87	--	63	106281	买盘
14:56:06	16.87	--	13	21931	买盘
14:56:00	16.87	--	147	247989	买盘
14:55:57	16.87	--	107	180509	卖盘
14:55:51	16.87	--	31	52297	买盘
14:55:45	16.87	--	61	102907	卖盘
14:55:42	16.87	--	4	6748	买盘
14:55:36	16.87	-0.01	43	72541	卖盘
14:55:33	16.88	--	16	27008	买盘
14:55:30	16.88	--	6	10128	买盘
14:55:21	16.88	0.01	10	16880	买盘
14:55:18	16.87	--	129	217623	买盘
14:55:15	16.87	--	182	308113	卖盘
14:55:06	16.87	--	17	28679	卖盘
14:55:03	16.87	-0.01	107	180509	卖盘
14:55:00	16.88	--	5	8440	买盘
14:54:57	16.88	--	14	23632	买盘
14:54:54	16.88	0.01	95	160360	买盘
14:54:51	16.87	--	184	310408	卖盘
14:54:45	16.87	--	27	45549	卖盘
14:54:42	16.87	-0.01	2	3374	卖盘
14:54:39	16.88	--	10	16880	买盘
14:54:36	16.88	--	9	15192	买盘
14:54:33	16.88	0.01	46	77648	中性盘
14:54:30	16.87	-0.01	23	38801	卖盘
14:54:27	16.88	-0.01	282	476016	卖盘
14:54:24	16.89	--	56	95192	买盘
14:54:21	16.89	0.01	5	8445	买盘
14:54:12	16.88	-0.01	999	1686312	卖盘
14:54:09	16.89	--	6	10134	买盘
14:54:03	16.89	--	28	47292	买盘
14:53:57	16.89	--	12	20268	买盘
14:53:51	16.89	--	35	59115	买盘
14:53:48	16.89	--	21	35469	买盘
14:53:42	16.89	--	10	16890	买盘
14:53:39	16.89	--	23	38847	买盘
14:53:30	16.89	0.01	60	101340	买盘
14:53:27	16.88	-0.01	4	6752	卖盘
14:53:24	16.89	0.01	10	16890	买盘
14:53:21	16.88	--	313	528344	卖盘
14:53:18	16.88	--	129	217752	卖盘
14:53:03	16.88	-0.01	16	27008	卖盘
14:53:00	16.89	0.01	5	8445	买盘
14:52:54	16.88	-0.01	25	42200	卖盘
14:52:51	16.89	--	2	3378	买盘
14:52:48	16.89	--	200	337800	买盘
14:52:45	16.89	0.01	7	11823	买盘
14:52:42	16.88	-0.01	12	20256	卖盘
14:52:36	16.89	--	1	1689	买盘
14:52:30	16.89	--	16	27024	卖盘
14:52:18	16.89	--	1	1689	卖盘
14:52:15	16.89	--	20	33780	卖盘
14:52:09	16.89	-0.01	3	5067	买盘
14:52:06	16.9	0.02	15	25349	买盘
14:52:03	16.88	-0.01	100	168800	卖盘
14:52:00	16.89	--	10	16890	买盘
14:51:57	16.89	--	2	3378	买盘
14:51:54	16.89	--	100	168900	买盘
14:51:51	16.89	--	14	23646	买盘
14:51:48	16.89	--	203	342867	卖盘
14:51:39	16.89	--	34	57426	卖盘
14:51:30	16.89	-0.01	200	337800	卖盘
14:51:18	16.9	--	20	33800	买盘
14:51:15	16.9	--	560	946399	卖盘
14:51:12	16.9	-0.01	14	23659	卖盘
14:51:09	16.91	--	40	67640	买盘
14:51:00	16.91	0.01	40	67640	买盘
14:50:54	16.9	--	2	3379	买盘
14:50:51	16.9	--	41	69290	中性盘
14:50:42	16.9	--	30	50699	卖盘
14:50:27	16.9	0.01	1	1689	买盘
14:50:24	16.89	--	25	42225	卖盘
14:50:21	16.89	-0.01	29	48981	卖盘
14:50:06	16.9	0.02	5	8450	中性盘
14:50:03	16.88	--	155	261639	卖盘
14:49:51	16.88	-0.01	221	373048	卖盘
14:49:36	16.89	-0.02	137	231393	卖盘
14:49:15	16.91	0.02	20	33820	买盘
14:49:09	16.89	--	1	1689	卖盘
14:49:06	16.89	--	357	602973	卖盘
14:49:03	16.89	--	56	94584	卖盘
14:49:00	16.89	--	73	123297	卖盘
14:48:51	16.89	-0.01	212	358068	卖盘
14:48:48	16.9	--	9	15209	买盘
14:48:45	16.9	-0.01	281	474940	卖盘
14:48:39	16.91	--	4	6764	买盘
14:48:36	16.91	0.01	1	1691	买盘
14:48:27	16.9	-0.01	255	430949	卖盘
14:48:24	16.91	--	5	8455	买盘
14:48:15	16.91	--	10	16910	买盘
14:48:12	16.91	--	52	87932	卖盘
14:48:06	16.91	--	33	55803	卖盘
14:48:03	16.91	-0.01	200	338200	卖盘
14:47:54	16.92	0.01	2	3384	买盘
14:47:51	16.91	--	6	10146	卖盘
14:47:48	16.91	--	2	3382	卖盘
14:47:36	16.91	-0.01	20	33820	卖盘
14:47:21	16.92	--	20	33840	买盘
14:47:18	16.92	--	10	16920	买盘
14:47:15	16.92	--	32	54279	卖盘
14:47:09	16.92	--	8	13536	卖盘
14:47:03	16.92	--	6	10152	卖盘
14:46:57	16.92	--	1	1692	卖盘
14:46:54	16.92	0.01	0	1556	卖盘
14:46:39	16.91	--	1	1691	卖盘
14:46:36	16.91	-0.01	56	94696	卖盘
14:46:24	16.92	-0.01	40	67680	卖盘
14:46:12	16.93	0.01	50	84650	买盘
14:46:09	16.92	0.01	5	8460	买盘
14:45:51	16.91	-0.02	52	87932	卖盘
14:45:48	16.93	0.01	22	37246	买盘
14:45:15	16.92	0.01	100	169200	买盘
14:45:06	16.91	-0.01	43	72713	卖盘
14:45:00	16.92	--	6	10152	买盘
14:44:30	16.92	--	46	77832	买盘
14:44:27	16.92	--	13	21996	买盘
14:44:21	16.92	--	71	120132	买盘
14:44:15	16.92	--	10	16920	买盘
14:44:03	16.92	--	1	1692	买盘
14:43:57	16.92	--	10	16920	买盘
14:43:54	16.92	0.01	12	20304	买盘
14:43:51	16.91	-0.01	1	1691	卖盘
14:43:36	16.92	--	117	197964	买盘
14:43:33	16.92	-0.01	30	50760	卖盘
14:43:27	16.93	0.01	50	84650	买盘
14:43:21	16.92	--	10	16920	卖盘
14:42:51	16.92	-0.01	15	25380	卖盘
14:42:48	16.93	--	1	1693	买盘
14:42:24	16.93	0.01	4	6772	买盘
14:42:21	16.92	--	5	8460	卖盘
14:42:15	16.92	0.01	3	5076	卖盘
14:42:06	16.91	-0.01	43	72713	卖盘
14:42:00	16.92	0.01	4	6768	买盘
14:41:54	16.91	-0.01	18	30438	卖盘
14:41:51	16.92	--	30	50760	买盘
14:41:42	16.92	--	30	50760	买盘
14:41:39	16.92	0.01	2	3384	买盘
14:41:24	16.91	--	10	16910	卖盘
14:41:21	16.91	--	18	30438	卖盘
14:41:15	16.91	--	10	16910	卖盘
14:41:12	16.91	--	2	3382	卖盘
14:40:57	16.91	--	10	16910	卖盘
14:40:42	16.91	0.01	4	6764	中性盘
14:40:36	16.9	-0.02	55	92949	卖盘
14:40:18	16.92	--	2	3384	卖盘
14:40:09	16.92	--	8	13536	卖盘
14:40:06	16.92	--	10	16920	卖盘
14:39:51	16.92	--	153	258876	中性盘
14:39:12	16.92	0.02	40	67680	买盘
14:39:06	16.9	-0.01	249	420809	卖盘
14:39:00	16.91	--	5	8455	卖盘
14:38:51	16.91	--	6	10146	卖盘
14:38:42	16.91	--	7	11837	买盘
14:38:36	16.91	0.01	10	16910	中性盘
14:38:33	16.9	-0.02	597	1008929	卖盘
14:38:30	16.92	0.01	4	6768	买盘
14:38:21	16.91	--	33	55803	卖盘
14:38:15	16.91	-0.01	1	1826	卖盘
14:38:12	16.92	--	63	106596	买盘
14:37:48	16.92	0.01	3	5076	买盘
14:37:36	16.91	-0.01	23	38893	卖盘
14:37:30	16.92	0.01	4	6768	中性盘
14:37:03	16.91	--	48	81168	卖盘
14:36:51	16.91	-0.01	17	28747	卖盘
14:36:30	16.92	0.01	5	8460	中性盘
14:36:06	16.91	-0.01	60	101460	卖盘
14:36:00	16.92	0.01	4	6768	买盘
14:35:42	16.91	--	3	5073	卖盘
14:35:21	16.91	-0.01	192	324672	卖盘
14:35:15	16.92	0.02	50	84600	中性盘
14:35:03	16.9	-0.05	371	626990	卖盘
14:34:51	16.95	0.03	42	71190	买盘
14:34:45	16.92	0.01	42	71064	买盘
14:34:39	16.91	--	5	8455	卖盘
14:34:36	16.91	-0.01	39	65949	卖盘
14:34:33	16.92	--	15	25380	买盘
14:34:21	16.92	0.01	42	71064	买盘
14:34:18	16.91	0.01	12	20292	中性盘
14:33:51	16.9	-0.01	85	143650	卖盘
14:33:42	16.91	--	8	13528	卖盘
14:33:39	16.91	--	3	5073	卖盘
14:33:36	16.91	--	10	16910	卖盘
14:33:24	16.91	0.01	32	55616	买盘
14:33:18	16.9	-0.01	25	42250	卖盘
14:33:15	16.91	--	14	23674	买盘
14:33:09	16.91	0.01	50	84550	买盘
14:33:06	16.9	-0.01	136	229839	卖盘
14:32:57	16.91	--	52	88118	卖盘
14:32:54	16.91	--	152	257032	卖盘
14:32:51	16.91	-0.01	1	1691	卖盘
14:32:42	16.92	0.01	10	16920	买盘
14:32:24	16.91	--	55	93005	卖盘
14:32:21	16.91	-0.01	105	177555	卖盘
14:32:15	16.92	0.01	26	43992	买盘
14:31:57	16.91	-0.01	90	152190	卖盘
14:31:51	16.92	--	7	11844	买盘
14:31:45	16.92	--	30	50760	买盘
14:31:42	16.92	0.01	15	25380	买盘
14:31:36	16.91	--	72	121752	卖盘
14:31:30	16.91	-0.01	86	145426	卖盘
14:31:18	16.92	-0.03	6	10152	卖盘
14:31:12	16.95	0.03	45	76275	买盘
14:31:03	16.92	-0.03	3	5076	中性盘
14:30:57	16.95	0.04	23	38985	买盘
14:30:51	16.91	-0.01	196	331436	卖盘
14:30:42	16.92	--	4	6768	卖盘
14:30:33	16.92	0.01	1	1692	中性盘
14:30:27	16.91	-0.04	130	219830	卖盘
14:30:24	16.95	0.03	55	93225	买盘
14:30:06	16.92	-0.03	308	521136	卖盘
14:30:03	16.95	--	80	135600	卖盘
14:30:00	16.95	0.03	38	64410	中性盘
14:29:54	16.92	-0.01	72	121824	卖盘
14:29:48	16.93	--	137	231941	卖盘
14:29:45	16.93	-0.02	84	142212	卖盘
14:29:42	16.95	--	16	27120	卖盘
14:29:39	16.95	0.03	155	262725	买盘
14:29:36	16.92	-0.03	58	98136	卖盘
14:29:33	16.95	0.03	2	3390	买盘
14:29:21	16.92	-0.01	120	203040	卖盘
14:29:15	16.93	--	12	20316	卖盘
14:29:12	16.93	-0.01	42	71106	卖盘
14:29:09	16.94	0.01	1	1694	买盘
14:29:03	16.93	--	48	81264	卖盘
14:29:00	16.93	-0.02	45	76185	卖盘
14:28:45	16.95	0.02	10	16950	买盘
14:28:36	16.93	-0.01	314	531602	卖盘
14:28:15	16.94	--	772	1307768	买盘
14:28:12	16.94	0.01	4	6776	买盘
14:28:06	16.93	--	10	16930	卖盘
14:27:51	16.93	--	40	67720	卖盘
14:27:45	16.93	-0.01	1	1693	卖盘
14:27:42	16.94	--	45	76230	买盘
14:27:39	16.94	--	3	5082	买盘
14:27:30	16.94	--	20	33880	买盘
14:27:18	16.94	--	26	44044	卖盘
14:27:09	16.94	--	1	1694	卖盘
14:27:06	16.94	--	11	18634	卖盘
14:26:45	16.94	--	6	10164	卖盘
14:26:39	16.94	--	5	8470	卖盘
14:26:21	16.94	--	23	38962	卖盘
14:26:15	16.94	--	6	10164	卖盘
14:26:03	16.94	--	27	45738	买盘
14:25:42	16.94	--	19	32186	卖盘
14:25:36	16.94	-0.01	5	8470	卖盘
14:25:33	16.95	0.02	10	16950	中性盘
14:24:51	16.93	-0.04	23	38939	卖盘
14:24:12	16.97	0.04	45	76365	买盘
14:24:06	16.93	-0.03	28	47404	卖盘
14:23:57	16.96	0.03	5	8480	买盘
14:23:54	16.93	-0.04	16	27088	卖盘
14:23:42	16.97	--	5	8485	买盘
14:23:21	16.97	0.06	67	113698	买盘
14:22:36	16.91	-0.06	241	407531	卖盘
14:22:33	16.97	0.03	9	15272	买盘
14:22:30	16.94	--	10	16940	买盘
14:22:27	16.94	--	4	6776	买盘
14:22:24	16.94	--	78	132132	卖盘
14:22:21	16.94	-0.02	150	254100	卖盘
14:22:15	16.96	-0.01	200	339200	卖盘
14:22:12	16.97	0.01	54	91638	买盘
14:22:09	16.96	--	20	33920	卖盘
14:22:03	16.96	--	10	16960	卖盘
14:22:00	16.96	--	19	32224	卖盘
14:21:57	16.96	--	50	84800	卖盘
14:21:51	16.96	--	62	105152	卖盘
14:21:15	16.96	0.02	3	5088	买盘
14:21:09	16.94	--	42	71148	卖盘
14:21:06	16.94	-0.02	157	265958	卖盘
14:21:03	16.96	--	27	45792	卖盘
14:20:48	16.96	-0.01	243	412128	卖盘
14:20:36	16.97	--	91	154427	买盘
14:20:30	16.97	0.01	11	18667	买盘
14:20:21	16.96	--	33	55968	卖盘
14:20:18	16.96	-0.01	8	13568	卖盘
14:20:12	16.97	--	3	5091	买盘
14:20:09	16.97	0.01	23	39031	买盘
14:20:03	16.96	-0.01	29	49184	卖盘
14:20:00	16.97	0.01	5	8485	买盘
14:19:36	16.96	-0.01	50	84800	卖盘
14:19:18	16.97	--	50	84850	买盘
14:19:15	16.97	0.01	28	47516	中性盘
14:18:51	16.96	-0.02	87	147552	卖盘
14:18:39	16.98	--	10	16980	买盘
14:18:33	16.98	0.01	5	8490	买盘
14:18:30	16.97	-0.01	20	33940	卖盘
14:18:24	16.98	0.01	3	5094	买盘
14:18:21	16.97	--	12	20364	卖盘
14:18:18	16.97	-0.01	2	3394	卖盘
14:18:15	16.98	0.02	14	23772	买盘
14:18:06	16.96	-0.02	154	261184	卖盘
14:18:03	16.98	0.02	2	3396	买盘
14:18:00	16.96	-0.01	70	118720	卖盘
14:17:51	16.97	--	188	319036	买盘
14:17:48	16.97	--	3	5091	买盘
14:17:45	16.97	--	6	10182	买盘
14:17:36	16.97	--	91	154427	买盘
14:17:30	16.97	--	3	5091	买盘
14:17:24	16.97	0.01	10	16970	买盘
14:17:21	16.96	-0.01	127	215392	卖盘
14:17:12	16.97	--	2	3394	买盘
14:17:03	16.97	--	10	16970	买盘
14:16:57	16.97	0.01	22	37334	买盘
14:16:48	16.96	--	10	16960	卖盘
14:16:39	16.96	--	210	356160	卖盘
14:16:36	16.96	--	87	147552	卖盘
14:16:33	16.96	0.01	9	15264	买盘
14:16:21	16.95	--	12	20340	卖盘
14:16:18	16.95	--	10	16950	卖盘
14:16:15	16.95	--	20	33900	卖盘
14:16:09	16.95	0.01	17	28815	买盘
14:16:06	16.94	-0.01	30	50820	卖盘
14:15:51	16.95	--	44	74580	买盘
14:15:27	16.95	--	10	16950	买盘
14:15:15	16.95	-0.03	22	37290	卖盘
14:15:12	16.98	0.03	1	1698	买盘
14:15:06	16.95	-0.03	32	54240	卖盘
14:15:03	16.98	0.02	42	71316	买盘
14:15:00	16.96	0.01	21	35616	买盘
14:14:57	16.95	-0.01	24	40680	卖盘
14:14:54	16.96	--	18	30528	买盘
14:14:42	16.96	--	3	5088	买盘
14:14:24	16.96	0.02	20	33920	买盘
14:14:21	16.94	-0.02	27	45738	卖盘
14:14:15	16.96	--	2	3392	买盘
14:13:51	16.96	--	10	16960	买盘
14:13:48	16.96	0.02	50	84800	买盘
14:13:36	16.94	-0.02	17	28798	卖盘
14:13:24	16.96	0.02	6	10176	中性盘
14:13:09	16.94	--	24	40656	卖盘
14:12:51	16.94	--	15	25410	卖盘
14:12:48	16.94	0.01	6	10164	买盘
14:12:27	16.93	--	20	33860	卖盘
14:12:12	16.93	--	2	3386	卖盘
14:12:06	16.93	--	23	38939	卖盘
14:12:03	16.93	--	1	1693	卖盘
14:11:48	16.93	--	7	11851	买盘
14:11:33	16.93	0.01	8	13544	中性盘
14:11:21	16.92	-0.02	85	143820	卖盘
14:10:51	16.94	-0.01	186	315084	卖盘
14:10:39	16.95	0.01	27	45765	买盘
14:10:36	16.94	-0.01	15	25410	卖盘
14:10:18	16.95	--	3	5085	买盘
14:10:15	16.95	0.01	9	15255	中性盘
14:09:51	16.94	--	46	77924	卖盘
14:09:36	16.94	-0.04	8	13552	卖盘
14:09:24	16.98	0.04	73	123954	买盘
14:09:12	16.94	0.01	22	37268	中性盘
14:09:06	16.93	0.01	28	47404	卖盘
14:08:21	16.92	-0.03	130	219960	卖盘
14:08:09	16.95	-0.01	18	30510	卖盘
14:08:03	16.96	--	10	16960	买盘
14:07:48	16.96	--	253	429088	卖盘
14:07:36	16.96	--	81	137376	卖盘
14:07:30	16.96	-0.01	12	20352	卖盘
14:07:24	16.97	--	128	217216	买盘
14:07:09	16.97	0.01	7	11879	买盘
14:06:51	16.96	--	11	18656	卖盘
14:06:45	16.96	0.01	66	111936	买盘
14:06:21	16.95	0.01	19	32205	买盘
14:06:06	16.94	--	23	38962	卖盘
14:05:36	16.94	--	25	42350	卖盘
14:05:21	16.94	--	39	66066	卖盘
14:04:57	16.94	0.01	21	35574	买盘
14:04:42	16.93	--	3	5079	买盘
14:04:39	16.93	0.01	7	11851	卖盘
14:04:36	16.92	-0.01	19	32148	卖盘
14:04:24	16.93	-0.01	1	1693	买盘
14:04:15	16.94	0.01	20	33880	买盘
14:04:09	16.93	0.01	13	22009	卖盘
14:03:51	16.92	-0.03	23	38916	卖盘
14:03:36	16.95	-0.01	5	8475	中性盘
14:03:12	16.96	0.04	46	78016	买盘
14:03:06	16.92	-0.04	15	25380	卖盘
14:02:45	16.96	0.04	2	3392	买盘
14:02:42	16.92	--	8	13536	卖盘
14:02:21	16.92	--	24	40608	卖盘
14:02:18	16.92	-0.04	16	27072	卖盘
14:02:09	16.96	0.04	1	1696	买盘
14:02:00	16.92	0.01	2	3384	卖盘
14:01:36	16.91	--	98	165718	卖盘
14:01:27	16.91	--	2	3382	卖盘
14:01:21	16.91	--	10	16910	卖盘
14:01:15	16.91	--	2	3382	卖盘
14:01:12	16.91	--	1	1691	卖盘
14:01:00	16.91	-0.02	42	71022	卖盘
14:00:57	16.93	0.02	32	54176	买盘
14:00:51	16.91	-0.01	266	449806	卖盘
14:00:39	16.92	-0.01	48	81216	卖盘
14:00:36	16.93	--	56	94808	卖盘
14:00:27	16.93	-0.01	109	184537	卖盘
14:00:24	16.94	--	64	108416	卖盘
14:00:21	16.94	-0.03	48	81312	卖盘
14:00:12	16.97	0.02	96	162912	买盘
14:00:06	16.95	-0.02	287	486465	卖盘
14:00:00	16.97	0.01	2	3394	买盘
13:59:51	16.96	-0.02	293	496928	卖盘
13:59:39	16.98	0.03	416	706368	买盘
13:59:21	16.95	-0.02	54	91530	卖盘
13:59:15	16.97	--	2	3394	卖盘
13:59:09	16.97	--	10	16970	卖盘
13:59:03	16.97	--	9	15272	卖盘
13:58:54	16.97	--	1	1697	卖盘
13:58:51	16.97	--	73	123880	卖盘
13:58:48	16.97	-0.01	4	6788	中性盘
13:58:36	16.98	0.01	76	129048	买盘
13:58:27	16.97	-0.01	8	13576	卖盘
13:58:18	16.98	--	170	288660	卖盘
13:57:51	16.98	-0.01	32	54336	卖盘
13:57:36	16.99	--	3	5096	买盘
13:57:33	16.99	0.01	1	1698	买盘
13:57:24	16.98	--	2	3396	卖盘
13:57:21	16.98	--	16	27168	卖盘
13:57:15	16.98	--	1	1698	卖盘
13:57:12	16.98	-0.01	32	54336	卖盘
13:57:06	16.99	--	43	73057	买盘
13:56:54	16.99	0.01	1	1698	买盘
13:56:27	16.98	--	1	1698	卖盘
13:56:24	16.98	-0.01	8	13584	卖盘
13:56:21	16.99	--	157	266743	买盘
13:56:15	16.99	--	1	1698	买盘
13:56:03	16.99	--	31	52668	买盘
13:55:57	16.99	--	8	13591	买盘
13:55:54	16.99	0.01	5	8495	买盘
13:55:51	16.98	-0.01	20	33960	卖盘
13:55:45	16.99	0.01	191	324508	买盘
13:55:36	16.98	--	13	22074	卖盘
13:55:33	16.98	--	49	83202	卖盘
13:55:30	16.98	--	85	144330	买盘
13:55:27	16.98	--	3	5094	买盘
13:55:03	16.98	0.02	10	16980	买盘
13:54:54	16.96	--	1	1696	卖盘
13:54:51	16.96	-0.01	23	39008	卖盘
13:54:36	16.97	--	1	1697	卖盘
13:54:24	16.97	--	16	27152	卖盘
13:54:15	16.97	--	1	1697	卖盘
13:54:06	16.97	--	66	112001	卖盘
13:54:00	16.97	--	8	13576	卖盘
13:53:48	16.97	0.02	12	20364	买盘
13:53:39	16.95	--	72	122040	卖盘
13:53:27	16.95	--	1	1695	卖盘
13:53:24	16.95	-0.01	50	84750	卖盘
13:53:21	16.96	--	45	76320	卖盘
13:53:15	16.96	--	8	13568	卖盘
13:53:09	16.96	-0.02	10	16960	卖盘
13:53:06	16.98	--	1	1698	卖盘
13:52:57	16.98	0.04	14	23772	买盘
13:52:36	16.94	-0.02	143	242242	卖盘
13:52:06	16.96	-0.04	8	13568	卖盘
13:52:00	17.0	0.06	190	323000	买盘
13:51:51	16.94	-0.05	315	533610	卖盘
13:51:15	16.99	0.03	397	674502	买盘
13:51:12	16.96	-0.03	352	596992	卖盘
13:51:09	16.99	0.01	44	74756	买盘
13:51:06	16.98	0.02	31	52638	中性盘
13:50:48	16.96	-0.02	15	25440	卖盘
13:50:36	16.98	--	6	10188	买盘
13:50:27	16.98	0.03	5	8490	买盘
13:50:21	16.95	-0.03	72	122040	卖盘
13:50:15	16.98	--	16	27168	买盘
13:50:03	16.98	--	42	71316	买盘
13:49:54	16.98	--	70	118860	买盘
13:49:48	16.98	0.03	42	71316	买盘
13:49:42	16.95	--	4	6780	卖盘
13:49:39	16.95	--	4	6780	卖盘
13:49:36	16.95	-0.03	45	76275	卖盘
13:49:27	16.98	0.01	42	71316	买盘
13:49:21	16.97	-0.01	21	35637	卖盘
13:49:12	16.98	0.01	30	50940	买盘
13:48:51	16.97	--	43	72971	买盘
13:48:33	16.97	--	1	1697	买盘
13:48:30	16.97	--	54	91638	卖盘
13:48:27	16.97	--	1	1697	卖盘
13:48:21	16.97	--	20	33940	卖盘
13:48:06	16.97	-0.01	47	79759	卖盘
13:47:48	16.98	0.01	69	117162	买盘
13:47:33	16.97	--	1	1697	卖盘
13:47:21	16.97	-0.01	42	71274	卖盘
13:47:18	16.98	--	7	11886	买盘
13:47:12	16.98	--	13	22074	买盘
13:47:06	16.98	--	1	1698	买盘
13:47:03	16.98	0.01	3	5094	买盘
13:47:00	16.97	-0.01	1	1697	卖盘
13:46:57	16.98	0.01	42	71316	买盘
13:46:51	16.97	-0.01	1	1697	卖盘
13:46:45	16.98	--	13	22074	买盘
13:46:36	16.98	--	28	47544	买盘
13:46:33	16.98	--	2	3396	买盘
13:46:30	16.98	--	1	1698	买盘
13:46:18	16.98	0.01	14	23772	买盘
13:46:06	16.97	--	10	16970	买盘
13:46:03	16.97	0.01	3	5091	买盘
13:46:00	16.96	--	1	1696	卖盘
13:45:51	16.96	--	7	11872	卖盘
13:45:48	16.96	-0.01	14	23744	卖盘
13:45:33	16.97	0.01	1	1697	中性盘
13:45:06	16.96	--	28	47488	卖盘
13:44:48	16.96	-0.02	2	3392	中性盘
13:44:24	16.98	0.03	10	16980	买盘
13:44:21	16.95	-0.03	34	57630	卖盘
13:44:15	16.98	0.01	42	71316	买盘
13:44:12	16.97	0.02	5	8485	买盘
13:44:06	16.95	-0.03	4	6780	卖盘
13:43:54	16.98	0.01	59	100182	买盘
13:43:39	16.97	0.02	1	1697	卖盘
13:43:36	16.95	-0.02	37	62715	卖盘
13:43:24	16.97	-0.01	16	27152	中性盘
13:43:00	16.98	0.02	20	33960	买盘
13:42:57	16.96	--	1	1696	卖盘
13:42:54	16.96	--	2	3392	卖盘
13:42:51	16.96	-0.01	83	140768	卖盘
13:42:48	16.97	-0.01	11	18667	卖盘
13:42:42	16.98	0.01	101	171498	买盘
13:42:30	16.97	--	1	1697	卖盘
13:42:21	16.97	--	18	30545	买盘
13:42:12	16.97	0.01	16	27152	买盘
13:42:06	16.96	-0.01	20	33920	卖盘
13:42:03	16.97	0.01	66	112001	买盘
13:42:00	16.96	--	1	1696	卖盘
13:41:39	16.96	--	9	15264	卖盘
13:41:21	16.96	--	80	135680	卖盘
13:41:12	16.96	--	2	3392	卖盘
13:41:03	16.96	--	4	6784	卖盘
13:40:57	16.96	--	30	50880	卖盘
13:40:54	16.96	0.04	160	271360	买盘
13:40:36	16.92	-0.01	5	8460	卖盘
13:40:33	16.93	0.01	5	8465	中性盘
13:39:51	16.92	-0.01	3	5076	卖盘
13:39:45	16.93	--	10	16930	卖盘
13:39:06	16.93	0.01	16	27088	卖盘
13:38:21	16.92	-0.01	63	106596	卖盘
13:38:15	16.93	-0.03	9	15237	卖盘
13:38:12	16.96	0.04	77	132101	买盘
13:38:09	16.92	-0.01	10	16920	卖盘
13:38:00	16.93	--	63	106659	卖盘
13:37:48	16.93	--	5	8465	卖盘
13:37:36	16.93	--	4	6772	卖盘
13:37:30	16.93	--	2	3386	卖盘
13:37:12	16.93	0.01	3	5079	中性盘
13:36:51	16.92	-0.01	11	18612	卖盘
13:36:30	16.93	0.01	1	1693	中性盘
13:36:06	16.92	-0.01	52	87984	卖盘
13:35:57	16.93	-0.03	13	22009	卖盘
13:35:51	16.96	0.03	66	111936	买盘
13:35:36	16.93	0.01	2	3386	中性盘
13:35:21	16.92	-0.03	75	126900	卖盘
13:35:06	16.95	-0.02	1	1695	中性盘
13:34:42	16.97	0.05	147	249458	买盘
13:34:39	16.92	--	4	6768	卖盘
13:34:36	16.92	-0.02	31	52452	卖盘
13:34:18	16.94	-0.01	10	16940	卖盘
13:34:12	16.95	0.02	33	55935	中性盘
13:34:03	16.93	--	9	15237	卖盘
13:33:51	16.93	--	29	49097	卖盘
13:33:39	16.93	--	40	67720	卖盘
13:33:18	16.93	-0.03	3	5079	卖盘
13:33:06	16.96	0.04	38	64448	买盘
13:33:03	16.92	--	3	5076	卖盘
13:32:45	16.92	0.01	24	40608	卖盘
13:32:21	16.91	-0.05	28	47348	卖盘
13:32:18	16.96	0.05	10	16960	买盘
13:32:12	16.91	-0.05	5	8455	卖盘
13:32:03	16.96	0.04	35	59360	买盘
13:32:00	16.92	0.01	4	6768	卖盘
13:31:36	16.91	-0.05	49	82859	卖盘
13:31:21	16.96	0.05	2	3392	买盘
13:31:00	16.91	-0.01	89	150499	卖盘
13:30:51	16.92	-0.04	47	79524	卖盘
13:30:27	16.96	0.04	104	176384	买盘
13:30:06	16.92	--	35	59220	卖盘
13:29:54	16.92	-0.03	5	8460	中性盘
13:29:27	16.95	0.04	56	94920	买盘
13:29:21	16.91	--	39	65949	卖盘
13:29:15	16.91	-0.04	10	16910	卖盘
13:29:06	16.95	0.05	66	111870	买盘
13:28:36	16.9	--	61	103089	卖盘
13:28:24	16.9	--	1	1689	卖盘
13:28:00	16.9	-0.04	59	99709	卖盘
13:27:57	16.94	0.04	66	111804	买盘
13:27:51	16.9	--	54	91259	卖盘
13:27:06	16.9	--	171	288990	卖盘
13:27:03	16.9	0.01	15	25349	卖盘
13:27:00	16.89	--	32	54048	卖盘
13:26:57	16.89	--	15	25335	卖盘
13:26:54	16.89	--	42	70938	卖盘
13:26:48	16.89	--	68	114852	卖盘
13:26:45	16.89	-0.01	42	70938	卖盘
13:26:39	16.9	--	98	165620	卖盘
13:26:33	16.9	-0.01	97	163930	卖盘
13:26:30	16.91	--	53	89623	卖盘
13:26:21	16.91	-0.03	43	72713	卖盘
13:26:06	16.94	-0.01	1	1694	中性盘
13:25:54	16.95	0.03	2	3390	买盘
13:25:51	16.92	-0.03	2	3384	卖盘
13:25:48	16.95	0.04	7	11865	买盘
13:25:36	16.91	-0.03	58	98078	卖盘
13:25:33	16.94	0.03	58	98252	买盘
13:25:30	16.91	--	9	15219	卖盘
13:25:21	16.91	-0.01	16	27056	卖盘
13:25:15	16.92	--	10	16920	买盘
13:25:09	16.92	--	45	76140	买盘
13:25:06	16.92	--	6	10152	买盘
13:24:54	16.92	0.03	1	1692	买盘
13:24:51	16.89	-0.01	134	226326	卖盘
13:24:15	16.9	-0.01	300	506999	卖盘
13:24:06	16.91	-0.04	86	145426	卖盘
13:23:48	16.95	0.04	1	1695	买盘
13:23:30	16.91	-0.01	200	338200	卖盘
13:23:21	16.92	-0.04	38	64296	卖盘
13:22:39	16.96	0.04	66	111936	买盘
13:22:36	16.92	-0.04	57	96444	卖盘
13:22:24	16.96	-0.01	49	84189	卖盘
13:22:21	16.97	--	30	50910	买盘
13:21:51	16.97	--	116	196852	买盘
13:21:33	16.97	0.01	20	33940	买盘
13:21:12	16.96	0.03	225	382210	买盘
13:21:06	16.93	-0.03	49	82957	卖盘
13:20:54	16.96	--	12	20352	买盘
13:20:36	16.96	--	47	79712	买盘
13:20:27	16.96	0.04	20	33920	买盘
13:20:21	16.92	-0.03	41	69372	卖盘
13:20:18	16.95	--	9	15255	卖盘
13:20:15	16.95	-0.01	18	30510	卖盘
13:20:09	16.96	0.01	5	8480	买盘
13:20:06	16.95	-0.01	40	67800	卖盘
13:20:03	16.96	--	1	1696	买盘
13:19:42	16.96	0.04	4	6784	买盘
13:19:36	16.92	-0.03	98	165816	卖盘
13:19:27	16.95	--	14	23730	买盘
13:19:21	16.95	--	51	86445	买盘
13:19:18	16.95	--	30	50850	买盘
13:19:09	16.95	--	41	69495	买盘
13:18:57	16.95	--	91	154245	卖盘
13:18:51	16.95	--	31	52545	卖盘
13:18:48	16.95	-0.01	11	18645	卖盘
13:18:42	16.96	--	20	33920	买盘
13:18:39	16.96	--	10	16960	买盘
13:18:33	16.96	0.01	10	16960	买盘
13:18:18	16.95	--	18	30510	买盘
13:18:09	16.95	0.03	5	8475	买盘
13:18:06	16.92	0.02	24	40608	卖盘
13:17:21	16.9	-0.06	111	187589	卖盘
13:17:03	16.96	0.06	5	8480	买盘
13:16:54	16.9	-0.06	109	184209	卖盘
13:16:39	16.96	0.05	7	11872	买盘
13:16:36	16.91	-0.05	43	72713	卖盘
13:16:33	16.96	--	115	195040	买盘
13:16:27	16.96	--	5	8480	买盘
13:16:18	16.96	--	66	111936	买盘
13:16:12	16.96	0.06	5	8480	买盘
13:15:51	16.9	--	67	113229	卖盘
13:15:42	16.9	-0.06	9	15209	卖盘
13:15:39	16.96	0.05	100	169600	买盘
13:15:36	16.91	0.01	32	54112	中性盘
13:15:15	16.9	--	9	15209	卖盘
13:15:06	16.9	-0.04	41	69290	卖盘
13:14:48	16.94	0.04	1	1694	买盘
13:14:39	16.9	--	9	15209	卖盘
13:14:21	16.9	-0.04	55	92949	卖盘
13:14:15	16.94	0.01	66	111804	买盘
13:14:09	16.93	--	5	8465	买盘
13:14:03	16.93	--	5	8465	买盘
13:13:45	16.93	0.04	33	55869	买盘
13:13:42	16.89	--	9	15201	卖盘
13:13:39	16.89	-0.04	20	33780	卖盘
13:13:36	16.93	0.04	111	187923	买盘
13:13:09	16.89	-0.04	42	70938	中性盘
13:13:03	16.93	0.04	24	40632	买盘
13:13:00	16.89	0.01	3	5067	中性盘
13:12:51	16.88	-0.05	372	627936	卖盘
13:12:42	16.93	-0.01	2	3386	中性盘
13:12:36	16.94	--	8	13552	买盘
13:12:24	16.94	0.03	929	1573726	买盘
13:12:06	16.91	-0.02	31	52421	卖盘
13:11:54	16.93	-0.01	2	3386	卖盘
13:11:30	16.94	0.05	22	37268	买盘
13:11:21	16.89	-0.05	103	173967	卖盘
13:11:00	16.94	0.01	42	71148	买盘
13:10:57	16.93	--	40	67720	买盘
13:10:54	16.93	--	72	121896	买盘
13:10:48	16.93	--	42	71106	买盘
13:10:42	16.93	0.04	9	15237	买盘
13:10:36	16.89	-0.04	42	70938	卖盘
13:10:30	16.93	0.04	42	71106	买盘
13:10:06	16.89	--	19	32091	买盘
13:10:03	16.89	--	15	25335	买盘
13:09:54	16.89	0.01	20	33780	买盘
13:09:51	16.88	-0.01	56	94528	卖盘
13:09:48	16.89	-0.04	18	30402	卖盘
13:09:39	16.93	0.05	33	55869	买盘
13:09:06	16.88	-0.02	207	349416	卖盘
13:09:03	16.9	0.02	2	3379	中性盘
13:08:33	16.88	-0.01	500	844000	卖盘
13:08:21	16.89	-0.02	50	84450	卖盘
13:08:09	16.91	0.03	2	3382	中性盘
13:07:39	16.88	--	9	15192	卖盘
13:07:36	16.88	-0.04	125	211000	卖盘
13:07:30	16.92	0.04	28	47376	买盘
13:07:15	16.88	--	7	11816	卖盘
13:07:03	16.88	--	16	27008	买盘
13:06:54	16.88	--	31	52328	买盘
13:06:51	16.88	--	27	45576	买盘
13:06:48	16.88	-0.04	243	410184	卖盘
13:06:45	16.92	--	4	6768	卖盘
13:06:33	16.92	--	10	16920	卖盘
13:06:24	16.92	0.03	11	18612	卖盘
13:06:06	16.89	-0.03	41	69249	卖盘
13:06:03	16.92	--	1	1692	买盘
13:05:42	16.92	--	20	33840	买盘
13:05:36	16.92	--	5	8460	买盘
13:05:33	16.92	0.02	43	72756	买盘
13:05:21	16.9	-0.01	45	76050	卖盘
13:05:15	16.91	--	15	25365	卖盘
13:05:12	16.91	--	24	40584	买盘
13:05:09	16.91	--	3	5073	买盘
13:05:00	16.91	0.01	2	3382	买盘
13:04:57	16.9	-0.01	10	16900	卖盘
13:04:51	16.91	0.02	40	67640	买盘
13:04:36	16.89	-0.01	48	81072	卖盘
13:04:30	16.9	--	11	18590	买盘
13:04:27	16.9	--	9	15209	买盘
13:04:24	16.9	--	20	33800	买盘
13:04:21	16.9	--	15	25349	买盘
13:04:09	16.9	--	71	119989	卖盘
13:03:51	16.9	--	13	21969	买盘
13:03:18	16.9	--	20	33800	买盘
13:03:15	16.9	0.01	5	8450	买盘
13:03:06	16.89	--	16	27024	卖盘
13:02:57	16.89	-0.01	5	8445	中性盘
13:02:33	16.9	--	2	3379	买盘
13:02:30	16.9	0.02	20	33800	买盘
13:02:21	16.88	-0.02	26	43888	卖盘
13:02:09	16.9	--	21	35490	买盘
13:02:00	16.9	--	15	25349	买盘
13:01:36	16.9	0.01	31	52389	买盘
13:01:30	16.89	0.02	7	11823	中性盘
13:00:51	16.87	-0.03	77	129899	卖盘
13:00:42	16.9	--	10	16900	买盘
13:00:33	16.9	0.02	2	3379	买盘
13:00:21	16.88	--	7	11816	卖盘
13:00:15	16.88	--	50	84400	卖盘
13:00:12	16.88	-0.01	38	64143	卖盘
13:00:09	16.89	-0.01	6	10134	卖盘
13:00:06	16.9	0.01	78	131820	买盘
13:00:03	16.89	0.02	10	16890	中性盘
11:30:03	16.87	--	0	0	卖盘
11:29:36	16.87	--	29	48923	卖盘
11:29:03	16.87	-0.04	35	59045	卖盘
11:28:57	16.91	0.04	1	1691	买盘
11:28:51	16.87	-0.04	60	101220	卖盘
11:28:12	16.91	0.04	3	5073	买盘
11:28:06	16.87	-0.03	284	479108	卖盘
11:27:54	16.9	--	26	43939	买盘
11:27:48	16.9	-0.01	74	125059	卖盘
11:27:45	16.91	--	10	16910	买盘
11:27:42	16.91	0.01	542	916522	买盘
11:27:27	16.9	0.04	6	10140	买盘
11:27:21	16.86	-0.04	129	217494	卖盘
11:27:15	16.9	--	6	10140	买盘
11:26:57	16.9	0.02	260	439399	买盘
11:26:54	16.88	--	4	6752	买盘
11:26:36	16.88	--	78	131664	买盘
11:26:33	16.88	0.01	5	8440	买盘
11:26:24	16.87	--	40	67480	卖盘
11:26:18	16.87	-0.01	2	3374	卖盘
11:26:12	16.88	-0.01	5	8440	中性盘
11:25:57	16.89	--	4	6756	买盘
11:25:54	16.89	0.02	5	8445	买盘
11:25:51	16.87	-0.02	46	77602	卖盘
11:25:45	16.89	--	10	16890	买盘
11:25:30	16.89	0.02	50	84450	买盘
11:25:15	16.87	--	2	3374	卖盘
11:25:06	16.87	-0.02	90	151830	卖盘
11:25:03	16.89	--	1	1689	买盘
11:25:00	16.89	0.01	15	25335	买盘
11:24:57	16.88	--	140	236320	卖盘
11:24:45	16.88	-0.01	8	13504	卖盘
11:24:27	16.89	0.01	5	8445	买盘
11:24:21	16.88	--	120	202560	卖盘
11:24:18	16.88	--	15	25320	卖盘
11:24:15	16.88	--	2	3376	卖盘
11:24:09	16.88	--	12	20256	买盘
11:24:06	16.88	--	50	84400	买盘
11:23:57	16.88	--	4	6752	买盘
11:23:54	16.88	0.01	2	3376	买盘
11:23:42	16.87	0.01	9	15183	卖盘
11:23:39	16.86	--	21	35406	卖盘
11:23:36	16.86	-0.01	108	182088	卖盘
11:23:33	16.87	--	111	187257	买盘
11:23:30	16.87	0.01	40	67480	买盘
11:23:27	16.86	--	146	246156	卖盘
11:23:24	16.86	-0.01	5	8430	卖盘
11:23:21	16.87	0.01	1	1687	买盘
11:23:18	16.86	-0.01	2	3372	卖盘
11:23:12	16.87	0.01	12	20244	买盘
11:23:09	16.86	-0.01	10	16860	卖盘
11:23:06	16.87	--	20	33740	买盘
11:23:00	16.87	--	20	33740	买盘
11:22:54	16.87	--	5	8435	买盘
11:22:51	16.87	--	105	177135	买盘
11:22:33	16.87	--	2	3374	买盘
11:22:30	16.87	--	85	143395	买盘
11:22:27	16.87	--	88	148456	卖盘
11:22:18	16.87	-0.01	3	5061	卖盘
11:22:15	16.88	0.01	50	84400	买盘
11:22:06	16.87	-0.01	36	60732	卖盘
11:22:00	16.88	--	17	28696	买盘
11:21:54	16.88	--	5	8440	买盘
11:21:36	16.88	0.02	50	84400	买盘
11:21:21	16.86	-0.01	53	89358	卖盘
11:21:15	16.87	-0.01	2	3374	卖盘
11:21:12	16.88	--	5	8440	买盘
11:21:03	16.88	--	3	5064	卖盘
11:21:00	16.88	-0.01	8	13504	卖盘
11:20:39	16.89	0.03	10	16890	买盘
11:20:36	16.86	-0.01	108	182088	卖盘
11:20:33	16.87	0.01	9	15183	中性盘
11:20:27	16.86	--	8	13488	卖盘
11:20:18	16.86	--	2	3372	卖盘
11:20:12	16.86	-0.03	86	144996	卖盘
11:19:57	16.89	--	5	8445	买盘
11:19:54	16.89	0.02	13	21957	买盘
11:19:51	16.87	-0.01	111	187257	卖盘
11:19:39	16.88	--	6	10128	卖盘
11:19:15	16.88	0.01	2	3376	卖盘
11:19:12	16.87	--	42	70854	卖盘
11:19:06	16.87	-0.02	110	185570	卖盘
11:19:03	16.89	0.01	20	33780	买盘
11:19:00	16.88	--	10	16880	买盘
11:18:57	16.88	--	22	37136	卖盘
11:18:51	16.88	--	5	8440	卖盘
11:18:48	16.88	--	4	6752	卖盘
11:18:45	16.88	--	42	70896	卖盘
11:18:36	16.88	--	42	70896	卖盘
11:18:27	16.88	--	11	18568	卖盘
11:18:21	16.88	--	111	187368	卖盘
11:18:18	16.88	-0.01	2	3376	卖盘
11:18:15	16.89	-0.02	40	67560	卖盘
11:18:12	16.91	--	30	50730	买盘
11:18:00	16.91	-0.01	10	16910	中性盘
11:17:57	16.92	0.03	5	8460	买盘
11:17:45	16.89	--	9	15201	卖盘
11:17:39	16.89	0.01	10	16890	买盘
11:17:36	16.88	--	111	187368	卖盘
11:17:18	16.88	--	1	1688	买盘
11:17:15	16.88	0.01	12	20256	中性盘
11:17:00	16.87	-0.03	100	168700	卖盘
11:16:57	16.9	0.02	179	302510	买盘
11:16:51	16.88	--	110	185680	卖盘
11:16:42	16.88	--	48	81024	买盘
11:16:21	16.88	0.01	5	8440	买盘
11:16:18	16.87	-0.01	3	5061	卖盘
11:16:12	16.88	0.02	5	8440	买盘
11:16:06	16.86	-0.01	111	187146	卖盘
11:16:03	16.87	-0.01	20	33740	卖盘
11:15:54	16.88	--	12	20256	卖盘
11:15:51	16.88	0.02	14	23632	买盘
11:15:27	16.86	--	43	72498	买盘
11:15:24	16.86	--	114	192204	买盘
11:15:21	16.86	--	157	264702	买盘
11:15:18	16.86	--	27	45522	买盘
11:15:15	16.86	--	5	8430	买盘
11:15:09	16.86	--	25	42150	买盘
11:15:06	16.86	--	6	10116	买盘
11:15:03	16.86	-0.02	405	682830	卖盘
11:15:00	16.88	-0.01	10	16880	买盘
11:14:57	16.89	--	13	21957	卖盘
11:14:48	16.89	--	42	70938	买盘
11:14:45	16.89	--	1	1689	买盘
11:14:39	16.89	0.03	16	27024	买盘
11:14:36	16.86	-0.03	111	187146	卖盘
11:14:33	16.89	--	10	16890	买盘
11:14:30	16.89	--	9	15201	买盘
11:14:24	16.89	--	8	13512	买盘
11:14:15	16.89	--	7	11823	买盘
11:14:12	16.89	0.01	4	6756	买盘
11:14:00	16.88	-0.01	5	8440	卖盘
11:13:57	16.89	0.03	4	6756	买盘
11:13:51	16.86	-0.03	123	207378	卖盘
11:13:48	16.89	0.03	15	25335	中性盘
11:13:30	16.86	-0.03	500	843000	卖盘
11:13:27	16.89	0.01	1	1689	中性盘
11:13:18	16.88	-0.02	2	3376	卖盘
11:13:15	16.9	0.01	45	76050	买盘
11:13:12	16.89	--	13	21957	买盘
11:13:09	16.89	0.01	5	8445	买盘
11:13:06	16.88	-0.02	110	185680	卖盘
11:13:03	16.9	--	7	11829	买盘
11:12:57	16.9	--	10	16900	买盘
11:12:51	16.9	0.01	10	16900	买盘
11:12:42	16.89	0.01	25	42225	中性盘
11:12:21	16.88	-0.01	123	207624	卖盘
11:12:18	16.89	--	4	6756	买盘
11:12:15	16.89	--	4	6756	买盘
11:12:12	16.89	--	13	21957	买盘
11:12:09	16.89	--	24	40536	卖盘
11:12:00	16.89	--	1	1689	买盘
11:11:54	16.89	--	10	16890	买盘
11:11:39	16.89	0.01	4	6756	中性盘
11:11:36	16.88	-0.01	134	226192	卖盘
11:11:33	16.89	0.01	10	16890	中性盘
11:11:18	16.88	-0.01	502	847376	卖盘
11:11:15	16.89	-0.01	2	3378	卖盘
11:11:12	16.9	--	2	3379	买盘
11:11:09	16.9	--	64	108159	买盘
11:11:03	16.9	--	5	8450	买盘
11:11:00	16.9	--	42	70980	买盘
11:10:54	16.9	0.01	3	5070	买盘
11:10:51	16.89	--	107	180723	卖盘
11:10:48	16.89	-0.01	2	3378	卖盘
11:10:45	16.9	--	5	8450	买盘
11:10:39	16.9	--	52	87879	买盘
11:10:36	16.9	--	109	184209	买盘
11:10:33	16.9	--	49	82810	卖盘
11:10:18	16.9	--	5	8450	卖盘
11:10:15	16.9	0.01	3	5070	卖盘
11:10:06	16.89	-0.02	97	163833	卖盘
11:10:03	16.91	0.02	5	8455	买盘
11:09:48	16.89	-0.01	160	270240	卖盘
11:09:39	16.9	0.01	3	5070	中性盘
11:09:21	16.89	-0.01	109	184101	卖盘
11:09:18	16.9	--	31	52389	卖盘
11:09:09	16.9	-0.02	8	13519	卖盘
11:09:03	16.92	0.02	45	76140	买盘
11:08:57	16.9	-0.02	12	20280	卖盘
11:08:45	16.92	--	4	6768	买盘
11:08:42	16.92	--	66	111672	买盘
11:08:36	16.92	0.01	199	336708	买盘
11:08:24	16.91	0.01	34	57494	买盘
11:08:21	16.9	--	50	84500	卖盘
11:08:15	16.9	--	2	3379	卖盘
11:07:51	16.9	-0.01	59	99709	卖盘
11:07:48	16.91	0.02	5	8455	中性盘
11:07:45	16.89	--	300	506700	卖盘
11:07:21	16.89	-0.01	12	20268	卖盘
11:07:18	16.9	-0.01	2	3379	卖盘
11:07:15	16.91	-0.01	20	33820	中性盘
11:07:06	16.92	--	116	196272	买盘
11:06:30	16.92	0.04	3	5076	买盘
11:06:21	16.88	-0.02	276	465888	卖盘
11:06:18	16.9	--	10	16900	买盘
11:06:09	16.9	--	12	20280	卖盘
11:06:06	16.9	--	24	40560	卖盘
11:06:03	16.9	0.01	46	77740	买盘
11:06:00	16.89	--	22	37158	买盘
11:05:57	16.89	--	136	229704	卖盘
11:05:54	16.89	-0.01	8	13512	卖盘
11:05:51	16.9	-0.01	50	84500	中性盘
11:05:45	16.91	0.01	400	676400	买盘
11:05:39	16.9	0.01	19	32109	买盘
11:05:36	16.89	-0.01	190	320910	卖盘
11:05:33	16.9	--	30	50699	买盘
11:05:30	16.9	0.01	5	8450	买盘
11:05:18	16.89	-0.01	2	3378	卖盘
11:05:15	16.9	--	10	16900	买盘
11:05:06	16.9	--	13	21969	买盘
11:05:03	16.9	-0.01	19	32109	卖盘
11:05:00	16.91	--	3	5073	买盘
11:04:54	16.91	0.02	9	15219	买盘
11:04:51	16.89	-0.02	223	376647	卖盘
11:04:48	16.91	-0.01	163	275633	卖盘
11:04:45	16.92	0.01	20	33840	买盘
11:04:42	16.91	--	10	16910	卖盘
11:04:33	16.91	-0.01	200	338200	卖盘
11:04:27	16.92	0.01	119	201348	买盘
11:04:21	16.91	--	2	3382	卖盘
11:04:06	16.91	-0.01	395	667945	卖盘
11:03:54	16.92	0.01	4	6768	买盘
11:03:48	16.91	--	30	50730	卖盘
11:03:45	16.91	0.01	129	218139	买盘
11:03:42	16.9	--	222	375179	卖盘
11:03:39	16.9	--	210	354899	卖盘
11:03:21	16.9	-0.01	550	929499	卖盘
11:03:12	16.91	0.01	3	5073	中性盘
11:02:54	16.9	-0.01	505	853449	卖盘
11:02:51	16.91	-0.01	24	40584	卖盘
11:02:48	16.92	--	5	8460	买盘
11:02:45	16.92	--	4	6768	卖盘
11:02:42	16.92	--	17	28764	买盘
11:02:36	16.92	--	306	517752	卖盘
11:02:30	16.92	--	679	1148868	卖盘
11:02:27	16.92	--	16	27072	卖盘
11:02:21	16.92	-0.01	2	3384	卖盘
11:02:18	16.93	0.01	30	50790	买盘
11:02:15	16.92	--	2	3384	卖盘
11:02:00	16.92	-0.01	500	846000	卖盘
11:01:57	16.93	--	18	30474	卖盘
11:01:51	16.93	-0.01	139	235327	卖盘
11:01:48	16.94	0.01	5	8470	买盘
11:01:45	16.93	--	64	108352	卖盘
11:01:42	16.93	--	43	72799	卖盘
11:01:39	16.93	-0.01	38	64334	卖盘
11:01:36	16.94	0.01	4	6776	中性盘
11:01:33	16.93	-0.01	131	221783	卖盘
11:01:30	16.94	--	56	94864	卖盘
11:01:24	16.94	--	42	71148	卖盘
11:01:15	16.94	--	2	3388	卖盘
11:01:06	16.94	-0.01	59	99946	卖盘
11:01:03	16.95	0.01	6	10170	买盘
11:00:57	16.94	-0.01	5	8470	卖盘
11:00:51	16.95	--	4	6780	买盘
11:00:42	16.95	--	1	1695	买盘
11:00:21	16.95	0.01	174	294930	买盘
11:00:18	16.94	--	15	25410	卖盘
11:00:15	16.94	-0.01	2	3388	卖盘
11:00:03	16.95	--	200	339000	买盘
10:59:57	16.95	--	10	16950	买盘
10:59:54	16.95	0.01	5	8475	买盘
10:59:51	16.94	--	130	220220	卖盘
10:59:42	16.94	-0.01	2	3388	卖盘
10:59:36	16.95	--	146	247470	买盘
10:59:27	16.95	0.01	3	5085	买盘
10:59:15	16.94	-0.01	2	3388	卖盘
10:59:06	16.95	0.01	5	8475	中性盘
10:58:57	16.94	-0.02	200	338800	卖盘
10:58:54	16.96	0.02	4	6784	买盘
10:58:51	16.94	-0.01	76	128744	卖盘
10:58:45	16.95	--	112	189840	买盘
10:58:36	16.95	--	6	10170	买盘
10:58:33	16.95	--	3	5085	买盘
10:58:24	16.95	--	5	8475	买盘
10:58:18	16.95	--	10	16950	买盘
10:58:15	16.95	--	52	88140	买盘
10:58:12	16.95	--	18	30510	买盘
10:58:09	16.95	0.01	30	50850	买盘
10:58:06	16.94	-0.01	35	59290	卖盘
10:58:00	16.95	--	10	16950	买盘
10:57:57	16.95	--	4	6780	买盘
10:57:51	16.95	--	25	42375	买盘
10:57:48	16.95	--	10	16950	买盘
10:57:45	16.95	--	6	10170	买盘
10:57:30	16.95	0.01	10	16950	买盘
10:57:21	16.94	--	33	55902	卖盘
10:57:18	16.94	-0.01	3	5082	卖盘
10:57:03	16.95	0.01	4	6780	买盘
10:56:57	16.94	-0.01	5	8470	卖盘
10:56:51	16.95	0.01	21	35595	买盘
10:56:36	16.94	--	86	145684	卖盘
10:56:30	16.94	--	8	13552	买盘
10:56:18	16.94	--	22	37268	买盘
10:56:15	16.94	0.01	5	8470	买盘
10:56:06	16.93	-0.01	71	120203	卖盘
10:56:00	16.94	--	4	6776	买盘
10:55:57	16.94	0.02	3	5082	买盘
10:55:51	16.92	-0.01	188	318096	卖盘
10:55:48	16.93	-0.01	14	23702	卖盘
10:55:42	16.94	--	3	5082	买盘
10:55:39	16.94	--	24	40656	买盘
10:55:27	16.94	--	10	16940	买盘
10:55:24	16.94	0.01	10	16940	买盘
10:55:21	16.93	--	300	507900	卖盘
10:55:15	16.93	-0.01	2	3386	卖盘
10:55:09	16.94	--	6	10164	买盘
10:55:06	16.94	-0.01	102	172788	卖盘
10:55:03	16.95	--	5	8475	买盘
10:55:00	16.95	0.01	21	35595	买盘
10:54:57	16.94	--	40	67760	卖盘
10:54:45	16.94	-0.01	121	204974	卖盘
10:54:27	16.95	0.02	10	16950	中性盘
10:54:21	16.93	-0.01	207	350451	卖盘
10:54:15	16.94	-0.02	12	20328	卖盘
10:54:00	16.96	0.02	66	111936	买盘
10:53:54	16.94	--	202	342188	买盘
10:53:48	16.94	--	11	18634	买盘
10:53:39	16.94	0.01	8	13552	中性盘
10:53:36	16.93	-0.02	385	651805	卖盘
10:53:30	16.95	0.01	42	71190	买盘
10:53:24	16.94	--	2	3388	买盘
10:53:21	16.94	--	10	16940	买盘
10:53:18	16.94	--	3	5082	买盘
10:53:15	16.94	--	44	74536	卖盘
10:53:09	16.94	--	265	448910	买盘
10:53:06	16.94	-0.01	43	72842	中性盘
10:52:54	16.95	0.02	341	577995	买盘
10:52:51	16.93	-0.01	241	408013	卖盘
10:52:48	16.94	-0.01	10	16940	卖盘
10:52:45	16.95	--	42	71190	买盘
10:52:39	16.95	0.01	6	10170	买盘
10:52:24	16.94	-0.01	11	18634	卖盘
10:52:15	16.95	0.01	2	3390	中性盘
10:52:12	16.94	-0.01	2	3388	卖盘
10:52:09	16.95	0.01	8	13560	买盘
10:52:06	16.94	-0.02	73	123662	卖盘
10:52:00	16.96	0.01	4	6784	买盘
10:51:54	16.95	-0.01	120	203400	卖盘
10:51:27	16.96	0.01	3	5088	买盘
10:51:24	16.95	--	32	54240	卖盘
10:51:21	16.95	--	58	98310	卖盘
10:51:18	16.95	-0.01	2	3390	卖盘
10:51:06	16.96	--	42	71232	买盘
10:51:03	16.96	-0.01	12	20352	卖盘
10:50:57	16.97	0.01	4	6788	买盘
10:50:54	16.96	-0.01	1	1696	卖盘
10:50:51	16.97	0.01	5	8485	买盘
10:50:45	16.96	--	3	5088	卖盘
10:50:42	16.96	--	10	16960	卖盘
10:50:39	16.96	0.01	14	23744	买盘
10:50:36	16.95	-0.01	82	138990	卖盘
10:50:30	16.96	0.01	12	20352	买盘
10:50:24	16.95	--	5	8475	卖盘
10:50:21	16.95	--	19	32205	卖盘
10:50:18	16.95	-0.01	64	108480	卖盘
10:50:15	16.96	0.01	8	13568	买盘
10:50:12	16.95	--	5	8475	卖盘
10:50:06	16.95	-0.01	30	50850	卖盘
10:49:54	16.96	0.01	4	6784	买盘
10:49:51	16.95	--	70	118650	卖盘
10:49:48	16.95	--	40	67800	卖盘
10:49:30	16.95	-0.01	84	142380	卖盘
10:49:24	16.96	--	5	8480	买盘
10:49:21	16.96	0.01	11	18656	买盘
10:49:18	16.95	-0.02	36	61020	卖盘
10:49:12	16.97	0.01	9	15272	买盘
10:49:06	16.96	-0.01	55	93280	卖盘
10:49:03	16.97	0.01	4	6788	买盘
10:48:45	16.96	--	34	57664	买盘
10:48:42	16.96	--	5	8480	买盘
10:48:39	16.96	--	4	6784	卖盘
10:48:33	16.96	--	29	49184	买盘
10:48:27	16.96	0.01	20	33920	买盘
10:48:21	16.95	--	90	152550	卖盘
10:48:12	16.95	-0.01	4	6780	卖盘
10:48:06	16.96	0.01	10	16960	买盘
10:47:54	16.95	-0.01	20	33900	卖盘
10:47:51	16.96	--	4	6784	买盘
10:47:48	16.96	--	5	8480	买盘
10:47:42	16.96	--	139	235744	卖盘
10:47:36	16.96	--	42	71232	卖盘
10:47:15	16.96	--	47	79712	卖盘
10:47:12	16.96	--	9	15264	买盘
10:47:03	16.96	-0.01	14	23744	卖盘
10:47:00	16.97	--	8	13576	买盘
10:46:54	16.97	0.01	11	18667	买盘
10:46:51	16.96	0.01	28	47488	中性盘
10:46:12	16.95	-0.02	2	3390	卖盘
10:46:06	16.97	--	121	205337	买盘
10:45:57	16.97	0.01	31	52607	买盘
10:45:48	16.96	--	37	62752	买盘
10:45:33	16.96	0.01	3	5088	中性盘
10:45:24	16.95	-0.01	39	66105	卖盘
10:45:21	16.96	--	104	176384	买盘
10:45:18	16.96	0.01	20	33920	买盘
10:45:15	16.95	-0.01	117	198315	卖盘
10:45:09	16.96	--	22	37312	买盘
10:45:03	16.96	--	5	8480	买盘
10:44:57	16.96	--	106	179776	卖盘
10:44:54	16.96	-0.01	6	10176	卖盘
10:44:51	16.97	0.01	29	49213	买盘
10:44:36	16.96	-0.01	10	16960	卖盘
10:44:33	16.97	0.01	88	149336	买盘
10:44:15	16.96	-0.01	2	3392	卖盘
10:44:09	16.97	0.01	4	6788	买盘
10:44:03	16.96	--	5	8480	卖盘
10:43:51	16.96	--	26	44096	卖盘
10:43:33	16.96	--	10	16960	卖盘
10:43:30	16.96	--	7	11872	卖盘
10:43:15	16.96	-0.01	3	5088	卖盘
10:43:06	16.97	-0.01	56	95032	卖盘
10:42:54	16.98	0.01	4	6792	买盘
10:42:36	16.97	0.01	10	16970	中性盘
10:42:21	16.96	-0.01	72	122112	卖盘
10:42:18	16.97	--	2	3394	卖盘
10:42:12	16.97	--	40	67880	卖盘
10:42:03	16.97	0.01	46	78062	买盘
10:41:57	16.96	--	50	84800	卖盘
10:41:36	16.96	--	82	139072	卖盘
10:41:15	16.96	--	2	3392	卖盘
10:41:12	16.96	-0.02	8	13568	卖盘
10:41:00	16.98	0.02	4	6792	买盘
10:40:57	16.96	-0.01	100	169600	卖盘
10:40:51	16.97	--	83	140851	卖盘
10:40:48	16.97	--	38	64485	卖盘
10:40:39	16.97	--	15	25455	卖盘
10:40:18	16.97	--	2	3394	卖盘
10:40:15	16.97	--	173	293581	买盘
10:40:09	16.97	0.01	2	3394	买盘
10:40:06	16.96	-0.01	37	62752	卖盘
10:39:54	16.97	0.01	4	6788	买盘
10:39:48	16.96	--	30	50880	卖盘
10:39:42	16.96	--	10	16960	卖盘
10:39:24	16.96	--	10	16960	卖盘
10:39:21	16.96	--	72	122112	卖盘
10:39:18	16.96	--	2	3392	卖盘
10:39:12	16.96	--	14	23744	卖盘
10:39:09	16.96	-0.01	35	59360	卖盘
10:39:06	16.97	--	40	67880	买盘
10:38:57	16.97	--	1	1697	买盘
10:38:51	16.97	--	16	27152	卖盘
10:38:48	16.97	--	8	13576	买盘
10:38:45	16.97	--	20	33940	买盘
10:38:39	16.97	0.01	7	11879	买盘
10:38:36	16.96	--	54	91584	卖盘
10:38:24	16.96	--	1	1696	卖盘
10:38:21	16.96	--	80	135680	卖盘
10:38:15	16.96	-0.01	2	3392	卖盘
10:38:09	16.97	-0.01	5	8485	卖盘
10:38:00	16.98	0.01	4	6792	买盘
10:37:57	16.97	--	22	37334	卖盘
10:37:51	16.97	0.01	21	35637	买盘
10:37:48	16.96	-0.01	12	20352	卖盘
10:37:18	16.97	--	2	3394	卖盘
10:37:15	16.97	0.01	3	5091	卖盘
10:37:06	16.96	-0.01	61	103456	卖盘
10:37:00	16.97	--	2	3394	买盘
10:36:51	16.97	--	102	173094	买盘
10:36:33	16.97	--	5	8485	买盘
10:36:30	16.97	--	2	3394	买盘
10:36:24	16.97	--	3	5091	卖盘
10:36:21	16.97	--	52	88244	卖盘
10:36:18	16.97	--	12	20364	卖盘
10:36:15	16.97	--	1	1697	卖盘
10:36:12	16.97	0.02	12	20364	买盘
10:36:09	16.95	-0.01	8	13560	卖盘
10:36:06	16.96	-0.01	1	1696	卖盘
10:36:03	16.97	--	9	15272	买盘
10:35:57	16.97	0.01	23	39031	买盘
10:35:54	16.96	--	9	15264	买盘
10:35:48	16.96	0.01	15	25440	买盘
10:35:36	16.95	-0.01	48	81360	卖盘
10:35:33	16.96	--	35	59360	卖盘
10:35:18	16.96	0.01	76	128896	买盘
10:35:15	16.95	--	40	67800	卖盘
10:35:06	16.95	-0.01	10	16950	卖盘
10:34:54	16.96	-0.01	14	23744	卖盘
10:34:48	16.97	0.01	5	8485	中性盘
10:34:45	16.96	-0.02	13	22048	卖盘
10:34:39	16.98	0.02	13	22074	买盘
10:34:24	16.96	-0.01	55	93280	卖盘
10:34:18	16.97	-0.01	2	3394	卖盘
10:34:15	16.98	--	3	5094	买盘
10:34:03	16.98	0.02	4	6792	买盘
10:34:00	16.96	-0.02	111	188256	卖盘
10:33:57	16.98	--	5	8490	中性盘
10:33:51	16.98	--	15	25470	买盘
10:33:45	16.98	0.01	55	93390	买盘
10:33:42	16.97	--	14	23758	卖盘
10:33:36	16.97	--	33	56000	买盘
10:33:27	16.97	0.01	4	6788	买盘
10:33:24	16.96	--	7	11872	卖盘
10:33:15	16.96	-0.01	32	54272	卖盘
10:33:12	16.97	--	3	5091	买盘
10:33:06	16.97	0.01	100	169700	买盘
10:33:03	16.96	-0.01	15	25440	卖盘
10:32:54	16.97	0.01	4	6788	买盘
10:32:48	16.96	--	9	15264	卖盘
10:32:42	16.96	--	108	183168	卖盘
10:32:39	16.96	-0.04	6	10176	卖盘
10:32:36	17.0	0.04	20	34000	买盘
10:32:33	16.96	-0.04	78	132288	卖盘
10:32:27	17.0	0.01	27	45900	买盘
10:32:24	16.99	0.02	53	90046	买盘
10:32:21	16.97	-0.01	84	142548	卖盘
10:32:15	16.98	--	2	3396	卖盘
10:32:12	16.98	--	4	6792	卖盘
10:32:00	16.98	--	30	50940	卖盘
10:31:57	16.98	-0.01	54	91692	卖盘
10:31:54	16.99	0.01	4	6795	卖盘
10:31:51	16.98	-0.02	42	71316	卖盘
10:31:48	17.0	--	4	6800	买盘
10:31:30	17.0	0.02	35	59500	买盘
10:31:24	16.98	-0.01	116	196968	卖盘
10:31:15	16.99	-0.01	2	3397	中性盘
10:30:48	17.0	--	4	6800	买盘
10:30:33	17.0	0.02	1	1700	买盘
10:30:30	16.98	--	13	22074	卖盘
10:30:24	16.98	--	49	83202	卖盘
10:30:12	16.98	-0.02	103	174894	卖盘
10:30:06	17.0	0.02	10	17000	买盘
10:30:03	16.98	-0.02	114	193572	卖盘
10:29:54	17.0	--	4	6800	买盘
10:29:39	17.0	0.02	10	17000	买盘
10:29:36	16.98	-0.02	65	110370	卖盘
10:29:33	17.0	0.01	5	8500	买盘
10:29:27	16.99	--	10	16990	卖盘
10:29:12	16.99	--	2	3397	卖盘
10:29:06	16.99	-0.01	106	180093	卖盘
10:29:00	17.0	--	4	6800	买盘
10:28:57	17.0	--	21	35700	买盘
10:28:42	17.0	0.01	30	51000	买盘
10:28:33	16.99	--	25	42474	卖盘
10:28:24	16.99	--	5	8495	卖盘
10:28:21	16.99	--	11	18689	卖盘
10:28:18	16.99	--	4	6795	买盘
10:28:15	16.99	0.01	26	44173	买盘
10:28:12	16.98	--	2	3396	卖盘
10:28:09	16.98	--	296	502608	卖盘
10:28:06	16.98	-0.01	38	64524	卖盘
10:28:00	16.99	--	13	22086	买盘
10:27:57	16.99	0.01	3	5096	买盘
10:27:51	16.98	-0.01	106	179988	卖盘
10:27:48	16.99	--	4	6795	买盘
10:27:36	16.99	0.01	10	16990	买盘
10:27:27	16.98	--	3	5094	卖盘
10:27:18	16.98	-0.01	2	3396	卖盘
10:27:15	16.99	0.01	1	1698	卖盘
10:27:06	16.98	--	55	93390	卖盘
10:26:57	16.98	--	50	84900	卖盘
10:26:15	16.98	--	2	3396	卖盘
10:26:12	16.98	-0.04	135	229230	卖盘
10:26:03	17.02	0.02	4	6808	买盘
10:25:33	17.0	--	1	1700	买盘
10:25:21	17.0	0.02	3	5100	买盘
10:25:15	16.98	-0.02	2	3396	卖盘
10:24:57	17.0	--	8	13600	卖盘
10:24:51	17.0	--	19	32300	卖盘
10:24:48	17.0	0.02	30	51000	中性盘
10:24:36	16.98	-0.04	168	285264	卖盘
10:24:27	17.02	0.02	1	1702	买盘
10:24:15	17.0	-0.02	2	3400	卖盘
10:23:57	17.02	--	4	6808	买盘
10:23:51	17.02	0.03	42	71484	买盘
10:23:21	16.99	-0.03	21	35679	卖盘
10:23:18	17.02	0.03	1	1702	买盘
10:23:15	16.99	-0.01	113	191986	卖盘
10:23:12	17.0	--	35	59500	卖盘
10:23:06	17.0	-0.02	12	20400	卖盘
10:22:57	17.02	--	2	3404	买盘
10:22:54	17.02	--	4	6808	买盘
10:22:48	17.02	0.02	25	42550	买盘
10:22:45	17.0	-0.02	30	51000	卖盘
10:22:36	17.02	0.02	17	28934	买盘
10:22:21	17.0	--	106	180200	卖盘
10:22:18	17.0	--	2	3400	卖盘
10:22:15	17.0	--	106	180200	卖盘
10:22:12	17.0	-0.02	42	71400	卖盘
10:22:06	17.02	--	50	85100	卖盘
10:21:48	17.02	--	17	30193	买盘
10:21:39	17.02	0.01	2	3404	买盘
10:21:30	17.01	-0.01	5	8505	卖盘
10:21:27	17.02	--	1	1702	买盘
10:21:21	17.02	0.01	63	107226	买盘
10:21:15	17.01	0.01	22	37422	中性盘
10:21:09	17.0	-0.02	2	3400	卖盘
10:21:03	17.02	0.02	42	71484	买盘
10:21:00	17.0	--	71	120700	买盘
10:20:57	17.0	--	42	71400	买盘
10:20:54	17.0	--	4	6800	买盘
10:20:51	17.0	--	164	278800	买盘
10:20:39	17.0	0.01	5	8500	买盘
10:20:33	16.99	--	2	3397	卖盘
10:20:27	16.99	--	22	37378	卖盘
10:20:18	16.99	-0.01	2	3397	卖盘
10:20:15	17.0	0.01	346	588200	买盘
10:20:12	16.99	--	44	74756	买盘
10:20:09	16.99	--	10	16990	买盘
10:20:06	16.99	--	5	8495	买盘
10:20:03	16.99	-0.01	54	91745	卖盘
10:20:00	17.0	--	1	1700	买盘
10:19:57	17.0	0.01	4	6800	买盘
10:19:54	16.99	--	57	96842	卖盘
10:19:51	16.99	--	105	178394	卖盘
10:19:48	16.99	-0.01	2	3397	卖盘
10:19:45	17.0	0.01	20	34000	买盘
10:19:18	16.99	--	10	16990	卖盘
10:19:15	16.99	--	42	71358	买盘
10:19:12	16.99	--	53	90046	买盘
10:19:06	16.99	0.01	5	8495	买盘
10:19:03	16.98	-0.01	15	25470	卖盘
10:19:00	16.99	0.01	9	15290	买盘
10:18:54	16.98	0.01	10	16980	中性盘
10:18:51	16.97	-0.02	33	56000	卖盘
10:18:48	16.99	--	53	90046	买盘
10:18:45	16.99	--	46	78154	买盘
10:18:33	16.99	0.01	15	25484	买盘
10:18:30	16.98	--	3	5094	卖盘
10:18:27	16.98	0.01	9	15282	买盘
10:18:24	16.97	--	32	54304	卖盘
10:18:18	16.97	--	3	5091	卖盘
10:18:15	16.97	--	2	3394	卖盘
10:18:12	16.97	--	110	186670	卖盘
10:18:06	16.97	-0.01	5	8485	卖盘
10:18:03	16.98	0.01	53	89994	买盘
10:17:57	16.97	--	30	50910	卖盘
10:17:36	16.97	--	12	20364	卖盘
10:17:24	16.97	-0.02	53	89941	卖盘
10:17:18	16.99	0.01	4	6795	买盘
10:17:15	16.98	--	12	20376	卖盘
10:17:12	16.98	--	2	3396	卖盘
10:17:06	16.98	-0.01	2	3396	卖盘
10:17:03	16.99	0.01	10	16990	买盘
10:17:00	16.98	-0.01	4	6792	卖盘
10:16:57	16.99	0.02	4	6795	买盘
10:16:54	16.97	-0.01	128	217216	卖盘
10:16:51	16.98	--	5	8490	卖盘
10:16:48	16.98	-0.01	50	84900	卖盘
10:16:45	16.99	0.01	3	5096	中性盘
10:16:12	16.98	-0.01	3	5094	卖盘
10:16:09	16.99	0.01	5	8495	买盘
10:16:03	16.98	-0.01	7	11886	卖盘
10:16:00	16.99	-0.01	13	22086	中性盘
10:15:51	17.0	0.01	140	238000	买盘
10:15:48	16.99	--	18	30581	卖盘
10:15:33	16.99	-0.01	4	6795	卖盘
10:15:24	17.0	0.01	3	5100	买盘
10:15:18	16.99	--	1	1919	卖盘
10:15:15	16.99	--	2	3397	卖盘
10:15:09	16.99	--	75	127424	买盘
10:15:06	16.99	0.01	12	20387	买盘
10:15:03	16.98	-0.01	53	89994	卖盘
10:15:00	16.99	--	6	10193	买盘
10:14:54	16.99	0.01	10	16990	买盘
10:14:48	16.98	--	30	50940	卖盘
10:14:45	16.98	-0.01	35	59430	卖盘
10:14:39	16.99	--	27	45872	买盘
10:14:36	16.99	0.01	16	27183	买盘
10:14:24	16.98	--	107	181686	卖盘
10:14:21	16.98	--	10	16980	卖盘
10:14:15	16.98	-0.01	44	74712	卖盘
10:14:12	16.99	--	14	23785	买盘
10:14:06	16.99	--	2	3397	买盘
10:14:03	16.99	--	31	52668	买盘
10:14:00	16.99	--	172	292228	卖盘
10:13:54	16.99	-0.01	61	103638	卖盘
10:13:51	17.0	--	44	74800	买盘
10:13:45	17.0	--	46	78200	买盘
10:13:42	17.0	--	297	504900	卖盘
10:13:39	17.0	--	15	25500	卖盘
10:13:36	17.0	-0.01	42	71400	卖盘
10:13:33	17.01	--	106	180306	买盘
10:13:30	17.01	--	50	85050	买盘
10:13:27	17.01	0.01	52	88452	买盘
10:13:24	17.0	-0.01	180	306000	卖盘
10:13:21	17.01	0.01	121	205821	买盘
10:13:12	17.0	--	5	8500	卖盘
10:13:03	17.0	-0.01	38	64600	卖盘
10:13:00	17.01	-0.01	10	17010	卖盘
10:12:57	17.02	0.02	8	13616	买盘
10:12:48	17.0	-0.02	126	214200	卖盘
10:12:45	17.02	0.01	4	6808	买盘
10:12:42	17.01	--	52	88452	卖盘
10:12:36	17.01	--	41	69741	卖盘
10:12:33	17.01	-0.01	11	18711	卖盘
10:12:27	17.02	0.01	2	3404	买盘
10:12:24	17.01	-0.01	2	3402	卖盘
10:12:21	17.02	0.01	10	17020	买盘
10:12:15	17.01	--	2	3402	卖盘
10:12:12	17.01	--	20	34020	卖盘
10:12:06	17.01	-0.01	20	34020	卖盘
10:12:03	17.02	0.01	3	5106	买盘
10:12:00	17.01	-0.01	86	146286	卖盘
10:11:45	17.02	0.02	4	6808	买盘
10:11:39	17.0	-0.02	110	187000	卖盘
10:11:36	17.02	0.01	55	93610	买盘
10:11:33	17.01	-0.01	59	100359	卖盘
10:11:30	17.02	0.01	2	3404	买盘
10:11:18	17.01	--	1	1701	买盘
10:11:15	17.01	--	48	81648	买盘
10:11:12	17.01	0.01	2	3402	买盘
10:11:09	17.0	-0.01	21	35700	卖盘
10:11:06	17.01	--	30	51030	买盘
10:11:03	17.01	--	5	8505	买盘
10:10:57	17.01	--	30	51030	买盘
10:10:54	17.01	--	236	401436	卖盘
10:10:51	17.01	--	106	180306	卖盘
10:10:48	17.01	-0.01	12	20412	卖盘
10:10:45	17.02	0.01	108	183816	买盘
10:10:39	17.01	--	3	5103	卖盘
10:10:27	17.01	--	50	85050	卖盘
10:10:21	17.01	-0.01	52	88452	卖盘
10:10:15	17.02	--	10	17020	买盘
10:10:12	17.02	0.01	12	20424	买盘
10:10:09	17.01	-0.01	60	102060	卖盘
10:10:06	17.02	--	4	6808	买盘
10:10:03	17.02	--	1	1702	买盘
10:10:00	17.02	--	10	17020	买盘
10:09:57	17.02	0.01	1	1702	买盘
10:09:48	17.01	-0.01	7	11907	卖盘
10:09:45	17.02	--	4	6808	买盘
10:09:42	17.02	0.01	11	18722	买盘
10:09:36	17.01	-0.01	106	180306	卖盘
10:09:33	17.02	--	14	23828	买盘
10:09:27	17.02	--	184	313610	卖盘
10:09:24	17.02	-0.01	10	17020	卖盘
10:09:18	17.03	--	10	17030	买盘
10:09:15	17.03	0.01	10	17030	买盘
10:09:12	17.02	--	3	5106	卖盘
10:09:03	17.02	-0.01	11	18722	卖盘
10:08:57	17.03	0.01	47	80041	买盘
10:08:54	17.02	-0.01	84	142968	卖盘
10:08:48	17.03	--	4	6812	买盘
10:08:45	17.03	--	112	190736	卖盘
10:08:42	17.03	0.01	108	183924	买盘
10:08:39	17.02	-0.01	44	74888	卖盘
10:08:36	17.03	--	225	383175	买盘
10:08:33	17.03	--	2	3406	买盘
10:08:30	17.03	0.01	30	51090	买盘
10:08:27	17.02	--	62	105524	卖盘
10:08:21	17.02	-0.01	92	156584	卖盘
10:08:18	17.03	--	86	146458	买盘
10:08:15	17.03	--	12	20436	买盘
10:08:12	17.03	--	19	32357	买盘
10:08:09	17.03	--	18	30654	买盘
10:08:06	17.03	--	25	42575	买盘
10:08:03	17.03	-0.01	123	209469	卖盘
10:07:57	17.04	--	10	17040	买盘
10:07:54	17.04	--	4	6816	买盘
10:07:51	17.04	--	2	3408	卖盘
10:07:48	17.04	--	2	3408	买盘
10:07:45	17.04	0.01	23	39192	买盘
10:07:42	17.03	--	30	51090	卖盘
10:07:30	17.03	--	483	822549	买盘
10:07:21	17.03	0.01	5	8515	买盘
10:07:18	17.02	-0.01	73	124246	卖盘
10:07:15	17.03	0.01	10	17030	买盘
10:07:12	17.02	--	13	22126	卖盘
10:07:09	17.02	--	44	74888	卖盘
10:07:03	17.02	-0.01	38	64676	卖盘
10:06:57	17.03	0.01	42	71526	买盘
10:06:51	17.02	0.01	137	234433	买盘
10:06:48	17.01	-0.01	30	51030	卖盘
10:06:42	17.02	--	11	18722	买盘
10:06:36	17.02	0.01	118	200836	买盘
10:06:33	17.01	--	52	88452	卖盘
10:06:27	17.01	0.01	30	51030	中性盘
10:06:21	17.0	-0.01	56	95200	卖盘
10:06:18	17.01	--	98	166698	买盘
10:06:15	17.01	--	10	17010	买盘
10:06:12	17.01	--	17	28917	买盘
10:06:09	17.01	--	13	22113	买盘
10:06:06	17.01	--	10	17010	买盘
10:06:03	17.01	--	30	51030	买盘
10:06:00	17.01	--	13	22113	买盘
10:05:57	17.01	0.01	5	8505	买盘
10:05:54	17.0	-0.01	64	108800	卖盘
10:05:51	17.01	--	15	25515	买盘
10:05:45	17.01	0.01	40	68040	买盘
10:05:42	17.0	-0.01	55	93500	卖盘
10:05:39	17.01	--	3	5103	买盘
10:05:36	17.01	--	20	34020	买盘
10:05:33	17.01	-0.01	312	530712	卖盘
10:05:30	17.02	--	21	35742	买盘
10:05:24	17.02	0.01	49	83398	买盘
10:05:21	17.01	--	42	71442	卖盘
10:05:15	17.01	-0.02	2	3402	卖盘
10:05:12	17.03	0.01	200	340600	买盘
10:05:09	17.02	--	7	11914	买盘
10:05:06	17.02	--	3	5106	买盘
10:04:54	17.02	-0.01	10	17020	中性盘
10:04:51	17.03	0.02	4	6812	买盘
10:04:45	17.01	--	42	71442	卖盘
10:04:36	17.01	--	54	91854	卖盘
10:04:33	17.01	-0.01	24	40824	卖盘
10:04:27	17.02	0.01	14	23828	买盘
10:04:21	17.01	-0.01	31	52731	卖盘
10:04:18	17.02	0.01	50	85100	买盘
10:04:15	17.01	-0.01	7	11907	卖盘
10:04:12	17.02	--	92	156584	买盘
10:04:09	17.02	--	46	78292	买盘
10:04:06	17.02	--	110	187220	买盘
10:04:00	17.02	--	24	40848	买盘
10:03:54	17.02	--	2	3404	买盘
10:03:51	17.02	--	68	115736	买盘
10:03:36	17.02	0.01	7	11914	中性盘
10:03:30	17.01	-0.01	5	8505	卖盘
10:03:24	17.02	--	60	102120	买盘
10:03:18	17.02	--	65	110630	买盘
10:03:15	17.02	0.01	105	178710	买盘
10:03:09	17.01	-0.01	18	30618	卖盘
10:03:03	17.02	--	10	17020	买盘
10:02:57	17.02	--	58	98716	买盘
10:02:54	17.02	--	4	6808	买盘
10:02:51	17.02	0.01	16	27232	买盘
10:02:48	17.01	-0.01	124	210924	卖盘
10:02:39	17.02	-0.01	230	391460	卖盘
10:02:21	17.03	0.01	3	5109	买盘
10:02:15	17.02	-0.01	3	5106	卖盘
10:02:09	17.03	-0.01	137	233311	卖盘
10:02:03	17.04	0.01	5	8520	买盘
10:01:57	17.03	-0.01	1	1703	卖盘
10:01:51	17.04	--	5	8520	买盘
10:01:48	17.04	--	4	6816	中性盘
10:01:39	17.04	--	20	34080	卖盘
10:01:33	17.04	0.01	10	17040	买盘
10:01:21	17.03	-0.01	109	185627	卖盘
10:01:15	17.04	--	2	3408	卖盘
10:01:12	17.04	0.01	2	3408	买盘
10:01:06	17.03	-0.02	1	1703	卖盘
10:01:03	17.05	0.02	53	90365	买盘
10:01:00	17.03	-0.03	93	158379	卖盘
10:00:54	17.06	--	10	17060	买盘
10:00:51	17.06	--	79	134774	买盘
10:00:48	17.06	--	4	6823	买盘
10:00:45	17.06	0.02	7	11942	买盘
10:00:36	17.04	-0.02	19	32376	卖盘
10:00:24	17.06	--	10	17060	买盘
10:00:21	17.06	0.02	12	20472	买盘
10:00:15	17.04	--	2	3408	卖盘
10:00:03	17.04	-0.02	116	197664	卖盘
09:59:57	17.06	0.01	5	8530	买盘
09:59:54	17.05	-0.01	26	44330	卖盘
09:59:42	17.06	--	4	6823	买盘
09:59:39	17.06	--	10	17060	买盘
09:59:33	17.06	--	4	6823	买盘
09:59:24	17.06	-0.01	31	52885	卖盘
09:59:21	17.07	0.01	10	17070	买盘
09:59:15	17.06	--	2	3411	卖盘
09:59:12	17.06	--	2	3411	卖盘
09:59:09	17.06	0.01	227	387262	买盘
09:59:06	17.05	--	164	279620	买盘
09:59:03	17.05	0.01	5	8525	中性盘
09:58:51	17.04	--	48	81792	卖盘
09:58:48	17.04	--	54	92016	卖盘
09:58:42	17.04	-0.01	53	90312	卖盘
09:58:33	17.05	0.02	241	410905	买盘
09:58:27	17.03	-0.01	128	217984	卖盘
09:58:15	17.04	--	52	88608	卖盘
09:58:12	17.04	--	38	64752	卖盘
09:58:00	17.04	--	66	112464	卖盘
09:57:54	17.04	--	39	66456	买盘
09:57:51	17.04	--	7	11928	买盘
09:57:45	17.04	--	20	34080	买盘
09:57:42	17.04	0.01	41	69864	买盘
09:57:39	17.03	-0.01	53	90259	卖盘
09:57:33	17.04	--	21	35784	买盘
09:57:24	17.04	0.01	5	8520	买盘
09:57:18	17.03	0.01	49	83447	买盘
09:57:15	17.02	-0.01	2	3404	卖盘
09:57:06	17.03	--	10	17030	买盘
09:57:03	17.03	--	32	54496	卖盘
09:56:54	17.03	--	2	3406	卖盘
09:56:51	17.03	-0.02	16	27248	卖盘
09:56:48	17.05	0.02	12	20460	买盘
09:56:45	17.03	-0.02	2	3406	中性盘
09:56:42	17.05	0.03	17	28985	买盘
09:56:33	17.02	-0.03	90	153180	卖盘
09:56:27	17.05	--	42	71610	买盘
09:56:24	17.05	0.04	42	71610	买盘
09:56:18	17.01	-0.04	52	88452	卖盘
09:56:15	17.05	0.03	86	146630	买盘
09:56:12	17.02	-0.03	100	170200	中性盘
09:56:09	17.05	0.02	42	71610	买盘
09:56:06	17.03	--	84	143052	买盘
09:56:03	17.03	--	210	357630	买盘
09:55:57	17.03	0.01	42	71526	买盘
09:55:54	17.02	-0.01	126	214452	买盘
09:55:51	17.03	--	42	71526	买盘
09:55:48	17.03	0.02	48	81744	买盘
09:55:45	17.01	--	210	357210	买盘
09:55:42	17.01	-0.02	369	627669	卖盘
09:55:39	17.03	--	4	6812	买盘
09:55:36	17.03	0.01	42	71526	买盘
09:55:33	17.02	--	20	34040	卖盘
09:55:24	17.02	--	100	170200	卖盘
09:55:21	17.02	--	106	180412	卖盘
09:55:15	17.02	--	65	110630	卖盘
09:55:12	17.02	-0.01	89	151478	卖盘
09:55:06	17.03	--	1	1703	买盘
09:55:03	17.03	--	35	59605	买盘
09:54:48	17.03	--	63	107289	买盘
09:54:42	17.03	-0.02	400	681200	卖盘
09:54:39	17.05	--	4	6820	买盘
09:54:24	17.05	0.02	10	17050	买盘
09:54:12	17.03	--	2	3406	卖盘
09:54:00	17.03	-0.02	52	88556	卖盘
09:53:51	17.05	0.02	10	17050	中性盘
09:53:48	17.03	--	23	39169	卖盘
09:53:42	17.03	-0.02	133	226499	卖盘
09:53:39	17.05	0.02	7	11935	买盘
09:53:36	17.03	-0.02	3	5109	卖盘
09:53:33	17.05	0.02	46	78430	买盘
09:53:15	17.03	--	2	3406	卖盘
09:53:09	17.03	--	34	57902	买盘
09:53:06	17.03	--	23	39169	卖盘
09:52:51	17.03	-0.02	6	10218	中性盘
09:52:45	17.05	0.02	47	80135	买盘
09:52:42	17.03	0.01	5	8515	买盘
09:52:36	17.02	-0.01	106	180412	卖盘
09:52:33	17.03	--	1	1703	卖盘
09:52:21	17.03	--	2	3406	卖盘
09:52:15	17.03	--	2	3406	卖盘
09:52:12	17.03	--	10	17030	卖盘
09:52:09	17.03	--	20	34060	卖盘
09:52:06	17.03	--	3	5109	卖盘
09:52:00	17.03	--	10	17030	卖盘
09:51:51	17.03	-0.01	27	45981	卖盘
09:51:45	17.04	-0.01	38	64752	中性盘
09:51:39	17.05	--	77	131285	买盘
09:51:30	17.05	0.01	9	15345	买盘
09:51:27	17.04	0.01	3	5112	买盘
09:51:21	17.03	--	23	39169	卖盘
09:51:18	17.03	-0.01	98	166894	卖盘
09:51:15	17.04	-0.01	115	195960	卖盘
09:51:06	17.05	0.01	10	17050	买盘
09:50:57	17.04	-0.01	2	3408	卖盘
09:50:54	17.05	--	25	42625	买盘
09:50:51	17.05	--	4	6820	卖盘
09:50:48	17.05	--	32	54560	买盘
09:50:45	17.05	0.01	6	10230	买盘
09:50:33	17.04	--	8	13632	卖盘
09:50:24	17.04	--	10	17040	卖盘
09:50:15	17.04	-0.01	2	3408	中性盘
09:50:03	17.05	0.03	25	42625	买盘
09:49:45	17.02	-0.03	110	187220	卖盘
09:49:42	17.05	0.02	42	71610	买盘
09:49:36	17.03	--	19	32357	卖盘
09:49:27	17.03	--	10	17030	卖盘
09:49:21	17.03	--	12	20436	卖盘
09:49:18	17.03	--	54	91962	卖盘
09:49:12	17.03	--	2	3406	卖盘
09:49:09	17.03	--	20	34060	卖盘
09:48:57	17.03	-0.01	520	885560	卖盘
09:48:51	17.04	--	105	178920	卖盘
09:48:48	17.04	-0.02	89	151656	卖盘
09:48:45	17.06	--	5	8530	买盘
09:48:42	17.06	0.01	4	6823	买盘
09:48:39	17.05	--	259	441595	卖盘
09:48:36	17.05	-0.01	5	8525	卖盘
09:48:21	17.06	--	86	146716	卖盘
09:48:18	17.06	--	38	64827	卖盘
09:48:15	17.06	--	30	51179	卖盘
09:48:12	17.06	--	35	59709	卖盘
09:48:09	17.06	--	14	23884	卖盘
09:48:03	17.06	--	9	15353	卖盘
09:48:00	17.06	--	13	22178	买盘
09:47:57	17.06	--	13	22178	买盘
09:47:54	17.06	--	6	10236	卖盘
09:47:51	17.06	-0.01	28	47768	卖盘
09:47:48	17.07	--	5	8535	买盘
09:47:45	17.07	0.01	6	10242	买盘
09:47:42	17.06	-0.01	15	25589	卖盘
09:47:36	17.07	--	111	189477	买盘
09:47:30	17.07	0.01	2	3414	买盘
09:47:27	17.06	-0.01	53	90418	卖盘
09:47:21	17.07	--	76	129732	卖盘
09:47:12	17.07	-0.01	32	54624	卖盘
09:47:09	17.08	--	20	34160	买盘
09:47:06	17.08	0.01	20	34160	买盘
09:47:03	17.07	-0.01	42	71694	卖盘
09:46:57	17.08	--	21	35868	卖盘
09:46:54	17.08	--	73	124683	卖盘
09:46:48	17.08	--	52	88815	卖盘
09:46:45	17.08	-0.01	25	42699	卖盘
09:46:39	17.09	--	20	34180	买盘
09:46:36	17.09	--	4	6836	买盘
09:46:33	17.09	0.01	2	3418	买盘
09:46:24	17.08	--	7	11955	卖盘
09:46:18	17.08	0.01	324	553392	买盘
09:46:15	17.07	--	2	3414	卖盘
09:46:06	17.07	--	7	11949	卖盘
09:46:03	17.07	-0.01	13	22191	卖盘
09:45:48	17.08	0.01	8	13663	买盘
09:45:45	17.07	--	75	128025	卖盘
09:45:42	17.07	-0.01	10	17070	卖盘
09:45:33	17.08	--	15	25619	买盘
09:45:24	17.08	--	8	13663	卖盘
09:45:21	17.08	--	500	853999	卖盘
09:45:12	17.08	-0.01	2	3415	卖盘
09:45:06	17.09	--	129	220461	卖盘
09:45:03	17.09	--	2	3418	卖盘
09:45:00	17.09	--	5	8545	卖盘
09:44:54	17.09	-0.01	5	8545	卖盘
09:44:48	17.1	--	12	20520	买盘
09:44:45	17.1	--	4	6840	买盘
09:44:42	17.1	-0.03	821	1405175	卖盘
09:44:33	17.13	0.01	48	82224	买盘
09:44:30	17.12	-0.01	62	106144	卖盘
09:44:27	17.13	--	20	34260	买盘
09:44:24	17.13	0.01	7	11991	买盘
09:44:21	17.12	--	12	20544	卖盘
09:44:12	17.12	-0.02	12	20544	卖盘
09:43:57	17.14	0.01	120	205680	买盘
09:43:54	17.13	-0.01	10	17130	中性盘
09:43:51	17.14	0.01	108	185112	买盘
09:43:45	17.13	-0.01	20	34260	卖盘
09:43:39	17.14	--	32	54848	买盘
09:43:36	17.14	--	4	6856	买盘
09:43:33	17.14	--	71	121694	买盘
09:43:18	17.14	0.01	20	34280	买盘
09:43:12	17.13	--	20	34260	卖盘
09:43:09	17.13	--	14	23982	卖盘
09:43:03	17.13	--	5	8565	卖盘
09:43:00	17.13	--	50	85650	卖盘
09:42:57	17.13	0.01	182	312211	买盘
09:42:45	17.12	0.01	6	10272	买盘
09:42:42	17.11	-0.01	42	71862	卖盘
09:42:36	17.12	0.01	4	6848	中性盘
09:42:33	17.11	-0.01	38	65018	卖盘
09:42:30	17.12	-0.02	162	278610	卖盘
09:42:27	17.14	0.01	349	598631	买盘
09:42:15	17.13	--	198	340441	卖盘
09:42:12	17.13	--	163	279219	卖盘
09:42:09	17.13	--	5	8565	卖盘
09:42:03	17.13	--	51	87363	卖盘
09:41:57	17.13	0.02	55	94660	买盘
09:41:54	17.11	--	7	11977	卖盘
09:41:51	17.11	-0.01	156	266916	卖盘
09:41:42	17.12	0.01	4	6848	中性盘
09:41:12	17.11	-0.02	89	152279	卖盘
09:41:09	17.13	--	10	17130	买盘
09:41:06	17.13	--	76	131455	卖盘
09:41:03	17.13	--	5	8565	卖盘
09:40:54	17.13	0.01	270	462955	买盘
09:40:51	17.12	-0.01	10	17120	买盘
09:40:45	17.13	0.01	195	334035	买盘
09:40:39	17.12	--	45	77040	买盘
09:40:18	17.12	--	38	65056	买盘
09:40:15	17.12	--	5	8560	买盘
09:39:51	17.12	--	72	123264	买盘
09:39:45	17.12	0.03	18	30816	买盘
09:39:42	17.09	-0.04	6	10254	卖盘
09:39:39	17.13	0.03	5	8565	买盘
09:39:36	17.1	-0.03	125	213750	卖盘
09:39:33	17.13	0.03	4	6852	买盘
09:39:27	17.1	--	27	46170	买盘
09:39:12	17.1	-0.02	475	812250	卖盘
09:39:06	17.12	0.02	271	463952	买盘
09:39:03	17.1	0.01	111	189810	买盘
09:38:54	17.09	--	36	61524	买盘
09:38:45	17.09	--	1	1709	买盘
09:38:42	17.09	0.01	53	90577	买盘
09:38:39	17.08	--	5	8540	买盘
09:38:36	17.08	-0.01	73	124683	中性盘
09:38:30	17.09	--	5	8545	买盘
09:38:18	17.09	--	5	8545	买盘
09:38:15	17.09	0.04	50	85450	买盘
09:38:12	17.05	-0.05	153	260865	卖盘
09:38:06	17.1	0.01	42	71820	买盘
09:38:03	17.09	-0.01	11	18799	卖盘
09:38:00	17.1	0.02	42	71820	买盘
09:37:57	17.08	--	85	145180	卖盘
09:37:54	17.08	-0.01	50	85399	卖盘
09:37:48	17.09	0.01	42	71778	中性盘
09:37:42	17.08	--	15	25619	卖盘
09:37:39	17.08	--	11	18787	买盘
09:37:36	17.08	0.02	19	32451	买盘
09:37:33	17.06	-0.02	54	92124	卖盘
09:37:27	17.08	--	6	10247	卖盘
09:37:24	17.08	--	157	268156	买盘
09:37:15	17.08	0.02	10	17080	买盘
09:37:12	17.06	-0.02	120	204719	卖盘
09:37:03	17.08	0.04	5	8540	买盘
09:36:57	17.04	-0.04	119	202776	卖盘
09:36:54	17.08	--	88	150303	买盘
09:36:51	17.08	--	7	11955	买盘
09:36:48	17.08	0.01	90	153719	买盘
09:36:36	17.07	0.01	6	10242	买盘
09:36:30	17.06	-0.01	147	250781	卖盘
09:36:24	17.07	--	32	54624	卖盘
09:36:21	17.07	--	10	17070	卖盘
09:36:18	17.07	--	17	29019	买盘
09:36:12	17.07	-0.01	10	17070	卖盘
09:36:00	17.08	0.02	4	6831	买盘
09:35:54	17.06	--	32	54591	卖盘
09:35:48	17.06	-0.02	98	167188	卖盘
09:35:42	17.08	-0.01	39	66612	卖盘
09:35:39	17.09	--	124	211916	买盘
09:35:36	17.09	0.01	4	6836	中性盘
09:35:24	17.08	-0.01	57	97355	卖盘
09:35:21	17.09	-0.01	2	3418	卖盘
09:35:15	17.1	--	24	41040	卖盘
09:35:09	17.1	--	72	123120	卖盘
09:35:06	17.1	--	6	10260	卖盘
09:35:03	17.1	0.02	99	169290	买盘
09:35:00	17.08	-0.01	13	22203	卖盘
09:34:57	17.09	--	19	32471	买盘
09:34:51	17.09	-0.01	29	49561	卖盘
09:34:48	17.1	--	2	3420	买盘
09:34:45	17.1	--	13	22230	买盘
09:34:42	17.1	0.01	10	17100	买盘
09:34:36	17.09	-0.02	106	181154	卖盘
09:34:33	17.11	0.01	8	13688	买盘
09:34:30	17.1	--	9	15390	卖盘
09:34:24	17.1	-0.01	65	111150	卖盘
09:34:18	17.11	0.01	4	6844	买盘
09:34:12	17.1	--	2	3420	卖盘
09:34:09	17.1	0.01	25	42750	买盘
09:34:06	17.09	0.01	24	41016	买盘
09:34:03	17.08	--	279	476531	卖盘
09:34:00	17.08	-0.02	60	102479	卖盘
09:33:54	17.1	0.02	70	119700	买盘
09:33:51	17.08	--	24	40991	卖盘
09:33:48	17.08	-0.02	10	17080	卖盘
09:33:45	17.1	--	8	13680	买盘
09:33:42	17.1	--	7	11970	买盘
09:33:39	17.1	--	30	51300	买盘
09:33:33	17.1	0.01	10	17100	买盘
09:33:30	17.09	-0.01	15	25635	卖盘
09:33:21	17.1	--	12	20520	买盘
09:33:15	17.1	0.01	100	171000	买盘
09:33:12	17.09	--	43	73487	卖盘
09:33:09	17.09	--	53	90577	卖盘
09:33:06	17.09	--	23	39307	卖盘
09:33:03	17.09	--	108	184572	卖盘
09:33:00	17.09	-0.02	5	8545	卖盘
09:32:54	17.11	0.02	10	17110	买盘
09:32:48	17.09	-0.03	52	88868	卖盘
09:32:39	17.12	0.02	10	17120	买盘
09:32:33	17.1	-0.03	292	499320	卖盘
09:32:27	17.13	0.03	23	39399	买盘
09:32:24	17.1	--	55	94050	卖盘
09:32:21	17.1	--	6	10260	卖盘
09:32:15	17.1	-0.03	2	3420	卖盘
09:32:12	17.13	0.03	17	29121	买盘
09:32:03	17.1	0.02	43	73530	买盘
09:31:51	17.08	--	10	17080	卖盘
09:31:48	17.08	--	110	187879	买盘
09:31:39	17.08	--	20	34160	买盘
09:31:27	17.08	0.02	60	102479	买盘
09:31:18	17.06	--	11	18766	卖盘
09:31:15	17.06	0.02	46	78476	买盘
09:31:12	17.04	--	2	3408	卖盘
09:31:09	17.04	-0.02	84	143136	卖盘
09:31:03	17.06	--	50	85300	买盘
09:31:00	17.06	0.03	30	51179	买盘
09:30:48	17.03	--	13	22139	卖盘
09:30:45	17.03	--	15	25545	卖盘
09:30:39	17.03	--	122	207766	买盘
09:30:36	17.03	--	4	6812	买盘
09:30:30	17.03	0.01	15	25545	买盘
09:30:15	17.02	0.01	4	6808	卖盘
09:30:09	17.01	--	116	197316	卖盘
09:30:06	17.01	-0.01	216	367416	卖盘
09:30:03	17.02	0.01	44	74888	买盘
09:25:03	17.01	17.01	167	284067	买盘
