成交时间	成交价	价格变动	成交量(手)	成交额(元)	性质
15:00:03	8.29	--	1677	1390232	卖盘
14:57:03	8.29	--	34	28185	卖盘
14:57:00	8.29	--	10	8290	卖盘
14:56:57	8.29	--	401	332428	卖盘
14:56:54	8.29	--	240	198959	买盘
14:56:51	8.29	--	181	150048	卖盘
14:56:48	8.29	--	10	8290	卖盘
14:56:45	8.29	--	120	99479	卖盘
14:56:39	8.29	0.01	100	82899	卖盘
14:56:36	8.28	-0.02	30	24839	卖盘
14:56:33	8.3	0.01	728	604240	买盘
14:56:30	8.29	0.01	70	58029	买盘
14:56:24	8.28	-0.01	43	35604	卖盘
14:56:21	8.29	0.01	100	82899	买盘
14:56:18	8.28	-0.01	111	91908	卖盘
14:56:15	8.29	--	278	230461	买盘
14:56:09	8.29	--	22	18237	买盘
14:56:06	8.29	--	30	24869	买盘
14:56:00	8.29	-0.01	2911	2413368	卖盘
14:55:57	8.3	--	10	8300	买盘
14:55:54	8.3	--	18	14940	买盘
14:55:42	8.3	--	101	83830	买盘
14:55:39	8.3	--	209	173470	买盘
14:55:36	8.3	--	4	3320	买盘
14:55:30	8.3	--	113	93790	卖盘
14:55:27	8.3	--	8	6640	卖盘
14:55:24	8.3	--	40	33200	卖盘
14:55:12	8.3	-0.01	27	22410	卖盘
14:55:09	8.31	--	6	4986	买盘
14:55:03	8.31	0.01	130	108030	买盘
14:55:00	8.3	--	123	102090	卖盘
14:54:57	8.3	-0.01	15	12450	卖盘
14:54:54	8.31	0.01	3	2493	买盘
14:54:51	8.3	-0.01	609	505470	卖盘
14:54:48	8.31	0.01	1	831	买盘
14:54:42	8.3	--	20	16600	卖盘
14:54:36	8.3	--	37	30710	卖盘
14:54:30	8.3	-0.01	20	16600	卖盘
14:54:27	8.31	0.01	47	39057	买盘
14:54:24	8.3	-0.01	1	830	卖盘
14:54:21	8.31	0.01	50	41550	买盘
14:54:18	8.3	-0.01	30	24900	卖盘
14:54:15	8.31	--	97	80607	买盘
14:54:12	8.31	--	28	23268	买盘
14:54:09	8.31	0.01	103	85593	买盘
14:54:06	8.3	--	29	24070	卖盘
14:54:00	8.3	-0.01	510	423300	卖盘
14:53:54	8.31	--	15	12465	买盘
14:53:48	8.31	0.01	3	2493	买盘
14:53:42	8.3	--	79	65570	卖盘
14:53:39	8.3	--	6	4980	卖盘
14:53:33	8.3	--	60	49800	卖盘
14:53:30	8.3	--	10	8300	卖盘
14:53:21	8.3	--	10	8300	卖盘
14:53:15	8.3	--	3	2490	卖盘
14:53:12	8.3	--	5	4150	卖盘
14:53:09	8.3	--	1	830	卖盘
14:53:03	8.3	--	6	4980	卖盘
14:53:00	8.3	-0.01	38	31540	卖盘
14:52:57	8.31	0.01	10	8310	买盘
14:52:51	8.3	-0.01	70	58100	卖盘
14:52:48	8.31	0.01	22	18282	买盘
14:52:45	8.3	--	10	8300	卖盘
14:52:42	8.3	--	10	8300	卖盘
14:52:39	8.3	-0.01	40	33200	卖盘
14:52:36	8.31	0.01	3	2493	买盘
14:52:30	8.3	--	8	6640	卖盘
14:52:18	8.3	--	7	5810	卖盘
14:52:15	8.3	--	60	49800	卖盘
14:52:12	8.3	--	50	41500	卖盘
14:52:09	8.3	--	146	121180	卖盘
14:52:06	8.3	-0.01	100	83000	卖盘
14:52:00	8.31	0.01	25	20775	买盘
14:51:54	8.3	--	220	182600	卖盘
14:51:48	8.3	--	20	16600	卖盘
14:51:45	8.3	--	141	117030	卖盘
14:51:42	8.3	--	1	830	卖盘
14:51:36	8.3	--	14	11620	卖盘
14:51:27	8.3	--	25	20750	买盘
14:51:24	8.3	0.01	10	8300	买盘
14:51:21	8.29	-0.01	21	17409	卖盘
14:51:18	8.3	--	13	10790	买盘
14:51:09	8.3	--	2	1660	买盘
14:51:06	8.3	--	120	99600	买盘
14:51:00	8.3	--	54	44820	买盘
14:50:57	8.3	--	31	25730	买盘
14:50:54	8.3	--	2	1660	买盘
14:50:51	8.3	--	10	8300	买盘
14:50:48	8.3	--	10	8300	买盘
14:50:42	8.3	--	3	2490	买盘
14:50:39	8.3	--	29	24070	买盘
14:50:36	8.3	--	4	3320	买盘
14:50:33	8.3	--	12	9960	买盘
14:50:30	8.3	--	43	35690	买盘
14:50:21	8.3	--	109	90470	卖盘
14:50:15	8.3	--	494	410020	买盘
14:50:09	8.3	--	20	16600	买盘
14:50:06	8.3	--	5	4150	买盘
14:50:03	8.3	--	1	830	买盘
14:49:54	8.3	-0.01	673	558590	卖盘
14:49:51	8.31	0.01	4	3324	买盘
14:49:48	8.3	-0.01	4	3320	卖盘
14:49:42	8.31	--	185	153735	买盘
14:49:36	8.31	0.01	50	41550	买盘
14:49:33	8.3	--	155	128650	卖盘
14:49:30	8.3	--	25	20750	卖盘
14:49:27	8.3	--	6	4980	卖盘
14:49:21	8.3	-0.01	2	1660	卖盘
14:49:12	8.31	0.01	4	3324	买盘
14:49:06	8.3	--	1	830	卖盘
14:49:00	8.3	--	5	4150	卖盘
14:48:54	8.3	--	19	15770	卖盘
14:48:51	8.3	-0.01	35	29050	卖盘
14:48:36	8.31	--	20	16620	买盘
14:48:33	8.31	0.01	6	4986	买盘
14:48:30	8.3	--	3	2490	卖盘
14:48:27	8.3	--	30	24900	卖盘
14:48:21	8.3	--	200	166000	卖盘
14:48:15	8.3	-0.01	10	8300	卖盘
14:48:12	8.31	0.01	200	166200	买盘
14:48:09	8.3	--	200	166000	买盘
14:48:06	8.3	--	41	34030	买盘
14:48:00	8.3	--	10	8300	买盘
14:47:57	8.3	--	27	22410	买盘
14:47:54	8.3	-0.01	567	470701	卖盘
14:47:51	8.31	--	20	16620	买盘
14:47:45	8.31	--	21	17451	中性盘
14:47:33	8.31	0.01	62	51522	买盘
14:47:30	8.3	-0.01	2	1992	卖盘
14:47:27	8.31	0.01	750	623250	买盘
14:47:21	8.3	-0.01	10	8300	卖盘
14:47:18	8.31	--	100	83100	买盘
14:47:15	8.31	0.01	73	60663	买盘
14:47:09	8.3	--	178	147740	卖盘
14:47:06	8.3	--	3	2490	卖盘
14:47:03	8.3	--	109	90470	卖盘
14:46:54	8.3	--	1	830	卖盘
14:46:45	8.3	-0.01	17	14110	卖盘
14:46:39	8.31	--	100	83100	买盘
14:46:36	8.31	--	3	2493	买盘
14:46:33	8.31	0.01	100	83100	买盘
14:46:30	8.3	-0.01	2	1660	卖盘
14:46:24	8.31	--	9	7479	买盘
14:46:21	8.31	0.01	2	1662	买盘
14:46:18	8.3	-0.01	300	249000	卖盘
14:46:03	8.31	--	100	83100	买盘
14:46:00	8.31	--	168	139608	卖盘
14:45:51	8.31	--	15	12465	卖盘
14:45:48	8.31	--	5	4155	卖盘
14:45:42	8.31	--	26	21606	卖盘
14:45:39	8.31	0.01	4	3324	卖盘
14:45:36	8.3	-0.01	50	41500	卖盘
14:45:33	8.31	0.01	85	71042	买盘
14:45:30	8.3	-0.01	32	26560	卖盘
14:45:27	8.31	--	3	2493	买盘
14:45:21	8.31	--	571	474501	买盘
14:45:15	8.31	0.01	77	63987	买盘
14:45:12	8.3	--	15	12450	卖盘
14:45:03	8.3	--	470	390100	买盘
14:45:00	8.3	--	40	33200	买盘
14:44:57	8.3	0.01	50	41500	买盘
14:44:51	8.29	-0.01	10	8290	卖盘
14:44:45	8.3	0.01	111	92130	买盘
14:44:42	8.29	--	200	165799	卖盘
14:44:36	8.29	-0.01	30	24869	卖盘
14:44:33	8.3	--	115	95450	买盘
14:44:27	8.3	0.01	44	36520	买盘
14:44:21	8.29	--	10	8290	卖盘
14:44:18	8.29	-0.01	259	214710	卖盘
14:44:12	8.3	--	23	19090	买盘
14:44:09	8.3	0.01	16	13280	买盘
14:44:03	8.29	-0.01	17	14092	卖盘
14:44:00	8.3	0.01	10	8300	买盘
14:43:57	8.29	-0.01	21	17409	卖盘
14:43:54	8.3	--	37	30710	买盘
14:43:51	8.3	0.01	5	4150	买盘
14:43:48	8.29	-0.01	15	12434	卖盘
14:43:42	8.3	--	123	102090	买盘
14:43:39	8.3	0.01	15	12450	买盘
14:43:36	8.29	-0.01	65	53884	卖盘
14:43:33	8.3	0.01	3	2490	买盘
14:43:27	8.29	-0.01	12	9947	卖盘
14:43:24	8.3	--	8	6640	买盘
14:43:21	8.3	--	46	38180	买盘
14:43:15	8.3	--	28	23240	买盘
14:43:12	8.3	0.01	51	42330	买盘
14:43:09	8.29	-0.01	45	37304	卖盘
14:43:03	8.3	--	122	101260	买盘
14:42:51	8.3	--	624	517920	买盘
14:42:48	8.3	--	10	8300	买盘
14:42:45	8.3	0.01	45	37350	买盘
14:42:36	8.29	--	1	828	卖盘
14:42:30	8.29	-0.01	8	6631	卖盘
14:42:27	8.3	--	16	13280	买盘
14:42:21	8.3	0.01	11	9130	买盘
14:42:03	8.29	-0.01	20	16580	卖盘
14:42:00	8.3	--	5	4150	买盘
14:41:57	8.3	--	1439	1194370	卖盘
14:41:48	8.3	-0.01	13	10790	卖盘
14:41:39	8.31	0.01	38	31578	买盘
14:41:36	8.3	-0.01	33	27390	卖盘
14:41:30	8.31	--	100	83100	买盘
14:41:27	8.31	--	236	196116	买盘
14:41:24	8.31	--	47	39057	买盘
14:41:21	8.31	--	2	1662	买盘
14:41:18	8.31	0.01	22	18282	买盘
14:41:15	8.3	--	10	8300	卖盘
14:41:12	8.3	-0.01	5	4150	卖盘
14:41:06	8.31	0.01	5	4155	买盘
14:41:03	8.3	-0.01	16	13280	卖盘
14:41:00	8.31	--	100	83100	买盘
14:40:57	8.31	0.01	13	10803	买盘
14:40:54	8.3	--	10	8300	卖盘
14:40:51	8.3	--	14	11620	卖盘
14:40:48	8.3	--	30	24900	卖盘
14:40:45	8.3	-0.01	6	4980	卖盘
14:40:42	8.31	--	20	16620	买盘
14:40:36	8.31	0.01	3	2493	买盘
14:40:33	8.3	-0.01	77	63910	卖盘
14:40:30	8.31	0.01	124	103044	买盘
14:40:15	8.3	--	55	45650	卖盘
14:40:09	8.3	-0.01	50	41500	卖盘
14:40:03	8.31	--	20	16620	买盘
14:40:00	8.31	0.01	100	83100	买盘
14:39:57	8.3	--	3	2490	卖盘
14:39:45	8.3	--	10	8300	卖盘
14:39:39	8.3	--	50	41500	卖盘
14:39:36	8.3	--	40	33200	卖盘
14:39:33	8.3	--	74	61420	卖盘
14:39:30	8.3	-0.01	123	102090	卖盘
14:39:27	8.31	0.01	25	20775	买盘
14:39:24	8.3	--	20	16600	卖盘
14:39:21	8.3	--	129	107070	卖盘
14:39:18	8.3	--	75	62250	卖盘
14:39:15	8.3	--	55	45650	卖盘
14:39:09	8.3	--	30	24900	卖盘
14:39:06	8.3	--	10	8300	卖盘
14:39:00	8.3	--	174	144420	卖盘
14:38:57	8.3	--	39	32370	卖盘
14:38:54	8.3	--	20	16600	卖盘
14:38:51	8.3	--	291	241530	卖盘
14:38:45	8.3	--	17	14110	卖盘
14:38:39	8.3	--	10	8300	卖盘
14:38:36	8.3	--	30	24900	卖盘
14:38:33	8.3	--	10	8300	卖盘
14:38:30	8.3	--	38	31540	卖盘
14:38:27	8.3	--	40	33200	卖盘
14:38:24	8.3	--	22	18260	卖盘
14:38:21	8.3	--	206	170980	卖盘
14:38:15	8.3	--	77	63910	卖盘
14:38:12	8.3	--	103	85490	卖盘
14:38:06	8.3	--	493	409190	卖盘
14:38:03	8.3	--	30	24900	卖盘
14:37:54	8.3	--	3	2490	卖盘
14:37:48	8.3	--	312	258960	卖盘
14:37:45	8.3	-0.01	20	16600	卖盘
14:37:42	8.31	--	72	59832	买盘
14:37:36	8.31	--	5	4155	买盘
14:37:33	8.31	-0.01	1313	1091526	卖盘
14:37:30	8.32	0.01	10	8320	买盘
14:37:27	8.31	--	3	2493	卖盘
14:37:24	8.31	-0.01	23	19113	卖盘
14:37:21	8.32	--	202	168064	买盘
14:37:18	8.32	0.01	170	141440	买盘
14:37:12	8.31	-0.01	20	16620	卖盘
14:37:06	8.32	--	30	24960	买盘
14:37:03	8.32	--	21	17472	卖盘
14:36:57	8.32	--	3	2496	卖盘
14:36:54	8.32	--	175	145600	卖盘
14:36:51	8.32	--	8	6656	卖盘
14:36:48	8.32	--	175	145600	卖盘
14:36:39	8.32	--	329	273728	卖盘
14:36:36	8.32	--	9	7488	卖盘
14:36:30	8.32	--	155	128960	卖盘
14:36:27	8.32	--	50	41600	卖盘
14:36:21	8.32	--	5	4160	卖盘
14:36:18	8.32	-0.01	10	8320	卖盘
14:36:15	8.33	0.01	9	7497	买盘
14:36:00	8.32	-0.01	2	1664	卖盘
14:35:57	8.33	0.01	22	18326	买盘
14:35:54	8.32	-0.01	207	172224	卖盘
14:35:51	8.33	--	24	19992	买盘
14:35:45	8.33	0.01	3	2499	买盘
14:35:39	8.32	--	1	832	卖盘
14:35:36	8.32	--	10	8320	卖盘
14:35:33	8.32	-0.01	15	12480	卖盘
14:35:27	8.33	0.01	1	833	买盘
14:35:24	8.32	--	3	2496	卖盘
14:35:21	8.32	--	10	8320	卖盘
14:35:18	8.32	-0.01	12	9984	卖盘
14:35:15	8.33	--	100	83300	买盘
14:35:09	8.33	--	9	7497	买盘
14:35:03	8.33	--	11	9163	买盘
14:35:00	8.33	0.01	60	49980	买盘
14:34:54	8.32	-0.01	40	33280	卖盘
14:34:48	8.33	0.01	200	166600	买盘
14:34:45	8.32	--	101	84032	卖盘
14:34:42	8.32	--	10	8320	卖盘
14:34:39	8.32	--	33	27456	卖盘
14:34:36	8.32	-0.01	2	1664	卖盘
14:34:33	8.33	--	50	41650	买盘
14:34:30	8.33	--	8	6664	买盘
14:34:21	8.33	--	88	73304	买盘
14:34:15	8.33	0.01	14	11662	买盘
14:34:12	8.32	--	1	832	卖盘
14:34:00	8.32	--	10	8320	卖盘
14:33:57	8.32	-0.01	20	16640	卖盘
14:33:39	8.33	--	56	46648	买盘
14:33:36	8.33	--	3	2499	买盘
14:33:33	8.33	--	50	41650	买盘
14:33:30	8.33	--	5	4165	买盘
14:33:15	8.33	0.01	35	29155	买盘
14:33:12	8.32	-0.01	5	4160	卖盘
14:32:57	8.33	0.01	5	4165	买盘
14:32:42	8.32	--	29	24128	卖盘
14:32:36	8.32	-0.01	16	13312	卖盘
14:32:33	8.33	--	5	4165	买盘
14:32:30	8.33	0.01	10	8330	买盘
14:32:24	8.32	--	4	3328	卖盘
14:32:18	8.32	-0.01	10	8320	卖盘
14:32:15	8.33	0.01	83	69139	买盘
14:32:09	8.32	--	60	49920	卖盘
14:32:00	8.32	--	51	42432	卖盘
14:31:48	8.32	--	30	24960	卖盘
14:31:42	8.32	-0.01	5	4160	卖盘
14:31:39	8.33	--	121	100793	买盘
14:31:33	8.33	0.01	36	29988	买盘
14:31:24	8.32	--	10	8320	卖盘
14:31:21	8.32	--	16	13312	卖盘
14:31:18	8.32	-0.01	71	59072	卖盘
14:31:15	8.33	--	40	33320	买盘
14:31:09	8.33	0.01	245	204085	买盘
14:31:03	8.32	--	23	19136	卖盘
14:31:00	8.32	-0.01	6	4992	卖盘
14:30:57	8.33	0.01	19	15827	买盘
14:30:54	8.32	-0.01	56	46592	卖盘
14:30:48	8.33	0.01	1	833	买盘
14:30:42	8.32	--	10	8320	卖盘
14:30:39	8.32	--	10	8320	卖盘
14:30:36	8.32	-0.01	70	58240	卖盘
14:29:51	8.33	--	8	6664	买盘
14:29:48	8.33	0.01	100	83300	买盘
14:29:42	8.32	--	20	16640	卖盘
14:29:30	8.32	--	5	4160	卖盘
14:29:21	8.32	--	113	94016	卖盘
14:29:09	8.32	--	142	118144	卖盘
14:28:57	8.32	-0.01	100	83200	卖盘
14:28:54	8.33	--	5	4165	买盘
14:28:45	8.33	--	13	10829	买盘
14:28:27	8.33	--	5	4165	买盘
14:28:21	8.33	--	18	14994	买盘
14:28:18	8.33	0.01	21	17493	买盘
14:28:15	8.32	-0.01	3	2496	卖盘
14:28:12	8.33	--	79	65807	买盘
14:28:09	8.33	--	52	43316	买盘
14:27:57	8.33	--	10	8330	买盘
14:27:54	8.33	--	2	1666	卖盘
14:27:51	8.33	--	4	3332	卖盘
14:27:48	8.33	--	7	5831	卖盘
14:27:45	8.33	--	53	44149	买盘
14:27:39	8.33	--	77	64141	卖盘
14:27:36	8.33	--	20	16660	卖盘
14:27:33	8.33	-0.01	5	4165	卖盘
14:27:30	8.34	0.01	3	2502	买盘
14:27:24	8.33	--	10	8330	卖盘
14:27:21	8.33	-0.01	3	2499	卖盘
14:27:18	8.34	0.01	111	92574	买盘
14:27:15	8.33	-0.01	142	118286	卖盘
14:27:09	8.34	0.01	23	19182	买盘
14:27:06	8.33	--	10	8330	卖盘
14:27:03	8.33	--	20	16660	卖盘
14:27:00	8.33	--	22	18326	卖盘
14:26:57	8.33	-0.01	5	4165	卖盘
14:26:51	8.34	--	20	16680	买盘
14:26:42	8.34	0.01	137	114258	买盘
14:26:36	8.33	--	87	72471	卖盘
14:26:30	8.33	--	99	82467	卖盘
14:26:27	8.33	--	60	49980	卖盘
14:26:18	8.33	--	8	6664	卖盘
14:26:15	8.33	--	101	84133	卖盘
14:26:09	8.33	--	10	8330	卖盘
14:25:51	8.33	--	43	35819	买盘
14:25:45	8.33	--	42	34986	买盘
14:25:39	8.33	--	115	95795	买盘
14:25:33	8.33	--	35	29155	买盘
14:25:30	8.33	0.01	10	8330	买盘
14:25:27	8.32	-0.01	37	30784	卖盘
14:25:24	8.33	--	13	10829	买盘
14:25:21	8.33	0.01	7	5831	买盘
14:25:18	8.32	-0.01	34	28288	卖盘
14:25:06	8.33	--	327	272391	卖盘
14:25:03	8.33	--	53	44149	卖盘
14:24:54	8.33	--	15	12495	卖盘
14:24:51	8.33	-0.01	10	8330	卖盘
14:24:48	8.34	0.01	16	13344	买盘
14:24:45	8.33	--	8	6664	卖盘
14:24:42	8.33	--	34	28322	卖盘
14:24:36	8.33	--	100	83300	卖盘
14:24:30	8.33	--	102	84966	卖盘
14:24:24	8.33	--	50	41650	卖盘
14:24:18	8.33	-0.01	56	46648	卖盘
14:24:15	8.34	--	37	30858	买盘
14:24:12	8.34	0.01	31	25854	买盘
14:24:09	8.33	-0.01	19	15827	卖盘
14:24:06	8.34	0.01	55	45870	买盘
14:24:03	8.33	--	200	166600	卖盘
14:23:54	8.33	--	3	2499	卖盘
14:23:51	8.33	--	17	14161	卖盘
14:23:45	8.33	0.01	58	48314	买盘
14:23:39	8.32	--	73	60736	卖盘
14:23:36	8.32	--	103	85696	卖盘
14:23:33	8.32	-0.01	50	41600	卖盘
14:23:30	8.33	--	4	3332	买盘
14:23:27	8.33	0.01	20	16660	买盘
14:23:21	8.32	-0.01	8	6656	卖盘
14:23:18	8.33	--	35	29155	买盘
14:23:15	8.33	--	30	24990	买盘
14:23:12	8.33	--	339	282387	买盘
14:23:09	8.33	--	34	28322	买盘
14:23:06	8.33	0.01	10	8330	买盘
14:23:03	8.32	-0.01	51	42432	卖盘
14:23:00	8.33	--	19	15827	买盘
14:22:57	8.33	0.01	23	19159	买盘
14:22:54	8.32	-0.01	50	41600	卖盘
14:22:39	8.33	--	10	8330	买盘
14:22:33	8.33	0.01	113	94129	买盘
14:22:15	8.32	-0.01	104	86528	卖盘
14:22:12	8.33	0.01	410	341530	买盘
14:22:09	8.32	-0.01	272	226304	卖盘
14:22:06	8.33	--	50	41650	买盘
14:22:03	8.33	--	61	50813	买盘
14:22:00	8.33	--	140	116620	买盘
14:21:57	8.33	0.01	17	14161	买盘
14:21:54	8.32	-0.01	29	24128	卖盘
14:21:48	8.33	0.01	51	42483	买盘
14:21:39	8.32	-0.01	300	249600	卖盘
14:21:30	8.33	--	16	13328	买盘
14:21:24	8.33	--	50	41650	买盘
14:21:21	8.33	--	19	15827	买盘
14:21:18	8.33	--	69	57477	买盘
14:21:09	8.33	0.01	121	100793	买盘
14:21:00	8.32	--	208	173056	卖盘
14:20:54	8.32	-0.01	29	24128	卖盘
14:20:51	8.33	0.01	23	19159	买盘
14:20:48	8.32	-0.01	50	41600	卖盘
14:20:42	8.33	--	200	166600	买盘
14:20:39	8.33	0.01	40	33320	买盘
14:20:24	8.32	--	10	8320	买盘
14:20:21	8.32	--	200	166400	买盘
14:20:18	8.32	--	20	16640	买盘
14:20:15	8.32	-0.01	770	640640	卖盘
14:20:12	8.33	0.01	63	52479	买盘
14:20:06	8.32	--	100	83200	卖盘
14:20:00	8.32	--	20	16640	卖盘
14:19:57	8.32	--	10	8320	卖盘
14:19:54	8.32	--	268	222976	买盘
14:19:51	8.32	--	91	75712	买盘
14:19:48	8.32	--	39	32448	买盘
14:19:45	8.32	--	90	74880	买盘
14:19:42	8.32	0.01	201	167232	买盘
14:19:39	8.31	-0.01	101	83931	卖盘
14:19:36	8.32	--	335	278720	买盘
14:19:27	8.32	--	53	44096	买盘
14:19:24	8.32	--	10	8320	买盘
14:19:21	8.32	--	83	69056	买盘
14:19:18	8.32	--	23	19136	买盘
14:19:15	8.32	--	3	2496	买盘
14:19:12	8.32	--	80	66560	买盘
14:19:09	8.32	--	50	41600	买盘
14:19:03	8.32	--	10	8320	买盘
14:19:00	8.32	--	30	24960	买盘
14:18:57	8.32	-0.01	1268	1054976	卖盘
14:18:54	8.33	0.01	1	833	买盘
14:18:51	8.32	--	2	1664	卖盘
14:18:48	8.32	-0.01	23	19136	卖盘
14:18:45	8.33	0.01	10	8330	买盘
14:18:33	8.32	--	2	1664	卖盘
14:18:27	8.32	-0.01	17	14144	卖盘
14:18:21	8.33	0.01	50	41650	买盘
14:18:18	8.32	-0.01	20	16640	卖盘
14:18:15	8.33	--	20	16660	买盘
14:18:12	8.33	0.01	260	216580	买盘
14:18:03	8.32	--	71	59072	卖盘
14:18:00	8.32	--	50	41600	卖盘
14:17:57	8.32	--	280	232960	卖盘
14:17:45	8.32	--	29	24128	卖盘
14:17:39	8.32	--	30	24960	卖盘
14:17:33	8.32	-0.01	20	16640	卖盘
14:17:30	8.33	0.01	3	2499	买盘
14:17:24	8.32	--	82	68224	卖盘
14:17:15	8.32	-0.01	7	5824	卖盘
14:17:06	8.33	--	30	24990	买盘
14:17:00	8.33	0.01	13	10829	买盘
14:16:57	8.32	--	224	186368	卖盘
14:16:54	8.32	--	123	102336	卖盘
14:16:51	8.32	--	1	832	卖盘
14:16:48	8.32	-0.01	6	4992	卖盘
14:16:39	8.33	--	50	41650	买盘
14:16:36	8.33	--	15	12495	买盘
14:16:24	8.33	--	50	41650	买盘
14:16:21	8.33	--	298	248234	买盘
14:16:18	8.33	--	3	2499	买盘
14:16:12	8.33	--	95	79135	买盘
14:16:06	8.33	--	30	24990	买盘
14:16:03	8.33	0.01	110	91630	买盘
14:16:00	8.32	-0.01	10	8320	卖盘
14:15:57	8.33	--	37	30821	买盘
14:15:54	8.33	--	6	4998	买盘
14:15:39	8.33	0.01	3	2499	买盘
14:15:36	8.32	-0.01	100	83200	卖盘
14:15:33	8.33	--	20	16660	买盘
14:15:15	8.33	0.01	23	19159	买盘
14:15:06	8.32	--	40	33280	卖盘
14:15:03	8.32	--	34	28288	卖盘
14:14:39	8.32	--	10	8320	卖盘
14:14:30	8.32	--	15	12480	卖盘
14:14:27	8.32	-0.01	42	34944	卖盘
14:14:18	8.33	--	9	7497	买盘
14:14:15	8.33	0.01	3	2499	买盘
14:14:12	8.32	-0.01	10	8320	卖盘
14:14:09	8.33	--	3	2499	买盘
14:14:00	8.33	--	50	41650	买盘
14:13:51	8.33	0.01	9	7497	买盘
14:13:45	8.32	--	65	54080	买盘
14:13:42	8.32	--	134	111488	卖盘
14:13:39	8.32	-0.01	7	5824	卖盘
14:13:30	8.33	--	17	14161	买盘
14:13:24	8.33	--	6	4998	买盘
14:13:00	8.33	0.01	3	2499	买盘
14:12:36	8.32	--	28	23296	卖盘
14:12:12	8.32	-0.01	100	83200	卖盘
14:12:06	8.33	0.01	10	8330	买盘
14:11:45	8.32	-0.01	10	8320	卖盘
14:11:39	8.33	0.01	3	2499	买盘
14:11:24	8.32	--	217	180544	买盘
14:11:21	8.32	0.01	19	15808	买盘
14:11:18	8.31	-0.01	30	24930	卖盘
14:11:12	8.32	0.01	1	832	买盘
14:10:54	8.31	-0.01	30	24930	卖盘
14:10:45	8.32	0.01	10	8320	买盘
14:10:39	8.31	-0.01	11	9141	卖盘
14:10:33	8.32	--	8	6656	买盘
14:10:30	8.32	--	50	41600	买盘
14:10:09	8.32	--	10	8320	买盘
14:10:00	8.32	--	3	2496	买盘
14:09:57	8.32	--	10	8320	买盘
14:09:54	8.32	0.01	17	14144	买盘
14:09:39	8.31	--	87	72297	卖盘
14:09:33	8.31	--	21	17451	卖盘
14:09:27	8.31	--	135	112592	买盘
14:09:21	8.31	--	41	34071	买盘
14:09:18	8.31	-0.01	324	269667	卖盘
14:09:15	8.32	0.01	3	2496	买盘
14:09:12	8.31	-0.01	5	4155	卖盘
14:09:09	8.32	--	21	17472	买盘
14:08:57	8.32	0.01	7	5824	买盘
14:08:54	8.31	-0.01	1012	840972	卖盘
14:08:51	8.32	--	31	25792	买盘
14:08:45	8.32	0.01	510	424320	买盘
14:08:39	8.31	-0.01	20	16620	卖盘
14:08:27	8.32	0.01	9	7488	买盘
14:08:15	8.31	-0.01	40	33240	卖盘
14:08:06	8.32	0.01	3	2496	买盘
14:07:57	8.31	--	330	274230	卖盘
14:07:54	8.31	-0.01	1	831	卖盘
14:07:42	8.32	--	44	36608	买盘
14:07:33	8.32	0.01	20	16640	买盘
14:07:27	8.31	--	50	41550	卖盘
14:07:12	8.31	-0.01	30	24930	卖盘
14:07:00	8.32	0.01	17	14144	买盘
14:06:45	8.31	--	8	6648	卖盘
14:06:42	8.31	-0.01	100	83100	卖盘
14:06:39	8.32	--	40	33280	买盘
14:06:33	8.32	--	2	1664	买盘
14:06:27	8.32	--	99	82368	卖盘
14:06:18	8.32	-0.01	31	25792	卖盘
14:06:00	8.33	--	4	3332	买盘
14:05:39	8.33	0.01	100	83300	买盘
14:05:36	8.32	-0.01	15	12480	卖盘
14:05:33	8.33	--	3	2499	买盘
14:05:27	8.33	--	5	4165	买盘
14:05:18	8.33	0.01	2	1666	买盘
14:05:15	8.32	0.01	15	12480	中性盘
14:05:03	8.31	-0.02	54	44874	卖盘
14:05:00	8.33	0.01	1	833	买盘
14:04:51	8.32	-0.01	451	375232	卖盘
14:04:48	8.33	0.01	50	41650	买盘
14:04:36	8.32	--	30	24960	卖盘
14:04:24	8.32	-0.01	24	19968	卖盘
14:04:21	8.33	0.01	3	2499	买盘
14:04:06	8.32	-0.01	1	832	卖盘
14:03:57	8.33	0.01	11	9163	买盘
14:03:54	8.32	-0.01	10	8320	卖盘
14:03:51	8.33	0.01	30	24990	买盘
14:03:48	8.32	--	9	7488	卖盘
14:03:45	8.32	--	6	4992	卖盘
14:03:39	8.32	--	1	832	卖盘
14:03:36	8.32	-0.01	10	8320	中性盘
14:03:27	8.33	--	100	83300	买盘
14:03:15	8.33	--	85	70805	买盘
14:03:12	8.33	0.01	4	3332	买盘
14:03:09	8.32	--	3	2496	卖盘
14:03:06	8.32	--	3	2496	卖盘
14:02:57	8.32	--	10	8320	卖盘
14:02:54	8.32	--	125	104000	卖盘
14:02:45	8.32	--	50	41600	卖盘
14:02:39	8.32	0.01	34	28695	买盘
14:02:36	8.31	-0.01	50	41550	卖盘
14:02:33	8.32	--	5	4160	买盘
14:02:18	8.32	--	16	13312	买盘
14:02:15	8.32	--	101	84032	买盘
14:02:00	8.32	--	31	25792	买盘
14:01:57	8.32	--	3	2496	买盘
14:01:51	8.32	--	50	41600	买盘
14:01:48	8.32	--	4	3328	买盘
14:01:33	8.32	--	20	16640	买盘
14:01:30	8.32	--	14	11648	买盘
14:01:27	8.32	--	153	127720	卖盘
14:01:24	8.32	--	20	16640	卖盘
14:01:21	8.32	--	4	3328	卖盘
14:01:12	8.32	--	104	86935	买盘
14:01:09	8.32	--	0	424	卖盘
14:01:06	8.32	--	62	51991	买盘
14:01:03	8.32	--	155	128960	买盘
14:00:57	8.32	--	26	22056	卖盘
14:00:54	8.32	-0.01	10	8320	卖盘
14:00:51	8.33	--	3	2499	买盘
14:00:45	8.33	0.01	60	49980	买盘
14:00:30	8.32	--	20	16640	卖盘
14:00:27	8.32	-0.01	20	16640	卖盘
14:00:21	8.33	0.01	5	4165	买盘
14:00:15	8.32	--	7	5824	卖盘
14:00:12	8.32	--	5	4567	买盘
14:00:09	8.32	--	374	311592	卖盘
14:00:00	8.32	--	70	58240	卖盘
13:59:57	8.32	--	299	248768	卖盘
13:59:48	8.32	-0.01	57	47424	卖盘
13:59:39	8.33	0.01	3	2499	买盘
13:59:27	8.32	-0.01	300	249600	卖盘
13:59:15	8.33	--	3	2499	买盘
13:59:12	8.33	0.01	40	33320	买盘
13:59:09	8.32	-0.01	50	41600	卖盘
13:58:48	8.33	--	2	1666	买盘
13:58:45	8.33	--	1	833	买盘
13:58:42	8.33	0.01	30	24990	买盘
13:58:39	8.32	-0.01	6	4992	卖盘
13:58:33	8.33	-0.01	65	54145	卖盘
13:58:30	8.34	--	34	28356	买盘
13:58:27	8.34	0.01	3	2502	买盘
13:58:21	8.33	-0.01	100	83300	卖盘
13:58:15	8.34	0.01	6	5004	买盘
13:58:12	8.33	--	28	23324	买盘
13:58:06	8.33	0.01	50	41650	买盘
13:58:03	8.32	-0.01	3	2496	卖盘
13:57:54	8.33	--	63	52479	买盘
13:57:48	8.33	--	6	4998	买盘
13:57:45	8.33	0.01	7	5831	买盘
13:57:36	8.32	--	6	4992	卖盘
13:57:27	8.32	-0.01	11	9152	卖盘
13:57:24	8.33	--	5	4165	买盘
13:57:21	8.33	--	20	16660	买盘
13:57:15	8.33	--	24	19992	买盘
13:57:12	8.33	--	18	14994	买盘
13:57:06	8.33	--	10	8330	买盘
13:57:03	8.33	--	36	29988	买盘
13:56:51	8.33	--	108	89964	买盘
13:56:48	8.33	--	20	16660	买盘
13:56:45	8.33	--	30	24990	买盘
13:56:39	8.33	--	185	154105	卖盘
13:56:33	8.33	--	15	12495	卖盘
13:56:30	8.33	--	110	91630	卖盘
13:56:24	8.33	--	250	208250	卖盘
13:56:21	8.33	--	609	507297	卖盘
13:56:15	8.33	-0.01	272	226576	卖盘
13:56:12	8.34	--	3	2502	买盘
13:56:06	8.34	--	9	7506	买盘
13:56:03	8.34	--	30	25020	买盘
13:55:57	8.34	0.01	205	170970	买盘
13:55:54	8.33	-0.01	34	28322	卖盘
13:55:51	8.34	--	1	834	买盘
13:55:45	8.34	--	10	8340	买盘
13:55:33	8.34	--	1	834	买盘
13:55:24	8.34	0.01	24	20016	买盘
13:55:21	8.33	-0.01	4	3332	卖盘
13:55:18	8.34	--	113	94242	买盘
13:54:51	8.34	0.01	3	2502	买盘
13:54:45	8.33	--	15	12495	卖盘
13:54:42	8.33	--	5	4165	卖盘
13:54:36	8.33	-0.01	60	49980	卖盘
13:54:33	8.34	--	6	5004	买盘
13:54:27	8.34	0.01	123	102582	买盘
13:54:24	8.33	-0.01	4	3332	卖盘
13:54:09	8.34	0.01	10	8340	买盘
13:54:00	8.33	-0.01	20	16660	卖盘
13:53:57	8.34	0.01	356	296904	买盘
13:53:54	8.33	--	21	17493	卖盘
13:53:48	8.33	-0.01	2	1666	卖盘
13:53:39	8.34	0.02	3	2502	买盘
13:53:36	8.32	-0.01	234	194688	卖盘
13:53:33	8.33	0.01	1061	884221	买盘
13:53:27	8.32	-0.01	108	89856	卖盘
13:53:21	8.33	--	101	84133	买盘
13:53:15	8.33	--	5	4165	买盘
13:53:12	8.33	--	20	16660	买盘
13:53:06	8.33	--	110	91630	买盘
13:52:54	8.33	0.01	60	49980	买盘
13:52:51	8.32	-0.01	2	1664	卖盘
13:52:39	8.33	--	100	83300	买盘
13:52:36	8.33	--	1	833	买盘
13:52:33	8.33	--	460	383180	买盘
13:52:27	8.33	--	103	85799	买盘
13:52:24	8.33	--	28	23324	买盘
13:52:18	8.33	--	46	38318	买盘
13:52:12	8.33	--	85	70805	买盘
13:52:09	8.33	--	11	9163	买盘
13:52:03	8.33	--	88	73304	买盘
13:52:00	8.33	--	44	36652	买盘
13:51:42	8.33	--	80	66640	买盘
13:51:33	8.33	--	11	9163	买盘
13:51:27	8.33	--	51	42483	买盘
13:51:21	8.33	--	60	49980	买盘
13:51:18	8.33	--	13	10829	买盘
13:51:15	8.33	0.01	3	2499	买盘
13:51:12	8.32	-0.01	54	44928	卖盘
13:51:09	8.33	--	6	4998	买盘
13:51:06	8.33	0.01	150	124950	买盘
13:50:54	8.32	-0.01	51	42432	中性盘
13:50:51	8.33	--	50	41650	买盘
13:50:48	8.33	--	10	8330	买盘
13:50:42	8.33	0.01	24	19992	买盘
13:50:39	8.32	-0.01	127	105664	卖盘
13:50:33	8.33	0.01	50	41650	买盘
13:50:18	8.32	-0.01	20	16640	卖盘
13:50:15	8.33	--	16	13328	买盘
13:50:12	8.33	0.01	3	2499	买盘
13:50:09	8.32	--	15	12480	卖盘
13:50:00	8.32	--	10	8320	卖盘
13:49:54	8.32	--	22	18304	买盘
13:49:45	8.32	--	5	4160	卖盘
13:49:42	8.32	--	31	25792	卖盘
13:49:39	8.32	--	13	10816	卖盘
13:49:27	8.32	-0.01	65	54080	卖盘
13:49:24	8.33	0.01	4	3332	买盘
13:49:21	8.32	--	20	16640	卖盘
13:49:15	8.32	--	20	16640	卖盘
13:49:12	8.32	-0.01	58	48256	卖盘
13:49:06	8.33	--	23	19159	买盘
13:49:00	8.33	0.01	3	2499	买盘
13:48:54	8.32	--	1	832	卖盘
13:48:48	8.32	-0.01	37	30784	卖盘
13:48:45	8.33	--	30	24990	买盘
13:48:39	8.33	0.01	5	4165	买盘
13:48:36	8.32	--	20	16640	卖盘
13:48:30	8.32	-0.01	11	9152	卖盘
13:48:27	8.33	0.01	1	833	买盘
13:48:15	8.32	-0.01	682	567424	卖盘
13:48:12	8.33	--	2	1666	买盘
13:48:06	8.33	0.01	5	4165	买盘
13:47:54	8.32	-0.01	23	19136	卖盘
13:47:45	8.33	--	3	2499	买盘
13:47:42	8.33	--	31	25823	买盘
13:47:33	8.33	--	300	249900	买盘
13:47:30	8.33	--	1	833	买盘
13:47:24	8.33	0.01	8	6664	买盘
13:47:15	8.32	--	1	832	卖盘
13:47:12	8.32	--	262	217984	卖盘
13:47:09	8.32	--	20	16640	卖盘
13:47:00	8.32	--	20	16640	卖盘
13:46:39	8.32	-0.01	50	41600	卖盘
13:46:33	8.33	--	3	2499	买盘
13:46:30	8.33	0.01	10	8330	买盘
13:46:27	8.32	--	6	4992	卖盘
13:46:24	8.32	--	9	7488	卖盘
13:46:18	8.32	-0.01	60	49920	卖盘
13:46:15	8.33	--	213	177429	买盘
13:46:00	8.33	0.01	11	9163	买盘
13:45:57	8.32	-0.01	24	19968	卖盘
13:45:54	8.33	0.01	83	69139	买盘
13:45:51	8.32	--	39	32448	卖盘
13:45:45	8.32	--	50	41600	卖盘
13:45:36	8.32	-0.01	50	41600	卖盘
13:45:30	8.33	--	8	6664	买盘
13:45:27	8.33	--	140	117044	卖盘
13:45:24	8.33	--	50	41650	卖盘
13:45:18	8.33	--	100	83300	卖盘
13:45:15	8.33	--	286	238238	卖盘
13:45:12	8.33	--	100	83300	卖盘
13:45:06	8.33	--	20	16660	卖盘
13:45:00	8.33	--	20	16660	卖盘
13:44:57	8.33	--	15	12495	卖盘
13:44:51	8.33	-0.01	180	149940	卖盘
13:44:48	8.34	--	21	17514	买盘
13:44:45	8.34	--	7	5838	买盘
13:44:36	8.34	--	86	71724	买盘
13:44:21	8.34	--	60	50040	买盘
13:44:18	8.34	--	5	4170	买盘
13:44:12	8.34	--	5	4170	买盘
13:44:03	8.34	--	18	15012	买盘
13:43:57	8.34	--	17	14178	买盘
13:43:51	8.34	--	3	2502	买盘
13:43:48	8.34	--	101	84234	买盘
13:43:42	8.34	--	3	2502	买盘
13:43:36	8.34	0.01	5	4170	买盘
13:43:33	8.33	--	60	49980	卖盘
13:43:24	8.33	-0.01	13	10829	卖盘
13:43:18	8.34	0.01	61	50874	买盘
13:43:00	8.33	--	12	9996	卖盘
13:42:57	8.33	--	1169	974185	买盘
13:42:51	8.33	--	3	2499	买盘
13:42:45	8.33	--	82	68306	买盘
13:42:33	8.33	0.01	63	52479	买盘
13:42:30	8.32	--	1	832	卖盘
13:42:27	8.32	--	250	208000	卖盘
13:42:24	8.32	-0.01	51	42432	卖盘
13:42:21	8.33	--	1	833	买盘
13:42:18	8.33	--	19	15827	买盘
13:42:12	8.33	0.01	10	8330	买盘
13:42:09	8.32	--	6	4992	卖盘
13:42:00	8.32	-0.01	11	9152	卖盘
13:41:48	8.33	0.01	8	6664	买盘
13:41:45	8.32	--	6	4992	卖盘
13:41:42	8.32	-0.01	503	418496	卖盘
13:41:36	8.33	0.01	4	3332	买盘
13:41:30	8.32	--	4	3328	卖盘
13:41:24	8.32	--	12	9984	卖盘
13:41:21	8.32	--	310	257920	卖盘
13:41:09	8.32	--	321	267072	卖盘
13:41:00	8.32	--	110	91520	卖盘
13:40:57	8.32	--	3	2496	卖盘
13:40:39	8.32	--	19	15808	卖盘
13:40:36	8.32	--	9	7488	卖盘
13:40:24	8.32	--	40	33280	卖盘
13:40:21	8.32	--	20	16640	卖盘
13:40:12	8.32	-0.01	20	16640	卖盘
13:40:06	8.33	0.01	5	4165	买盘
13:40:03	8.32	-0.01	20	16640	卖盘
13:39:54	8.33	--	1	833	买盘
13:39:51	8.33	--	20	16660	买盘
13:39:45	8.33	0.01	3	2499	买盘
13:39:39	8.32	-0.01	20	16640	卖盘
13:39:21	8.33	0.01	20	16660	买盘
13:38:48	8.32	-0.01	25	20800	卖盘
13:38:45	8.33	--	5	4165	买盘
13:38:42	8.33	--	18	14994	买盘
13:38:39	8.33	--	1	833	买盘
13:38:09	8.33	--	3	2499	买盘
13:38:00	8.33	--	39	32487	买盘
13:37:36	8.33	--	12	9996	买盘
13:37:30	8.33	0.01	1	833	买盘
13:37:27	8.32	--	108	89856	卖盘
13:37:24	8.32	--	5	4160	卖盘
13:37:18	8.32	--	10	8320	卖盘
13:37:15	8.32	--	10	8320	卖盘
13:37:09	8.32	-0.01	269	223808	卖盘
13:37:00	8.33	0.01	3	2499	买盘
13:36:57	8.32	-0.01	10	8320	卖盘
13:36:54	8.33	0.01	77	64141	买盘
13:36:42	8.32	--	500	416000	卖盘
13:36:33	8.32	-0.01	2	1664	卖盘
13:36:30	8.33	--	325	270725	买盘
13:36:21	8.33	--	28	23324	买盘
13:36:18	8.33	--	10	8330	买盘
13:36:12	8.33	0.01	1	833	买盘
13:36:06	8.32	-0.01	10	8320	卖盘
13:36:00	8.33	--	2	1666	买盘
13:35:51	8.33	--	5	4165	买盘
13:35:48	8.33	--	3	2499	买盘
13:35:45	8.33	--	87	72471	买盘
13:35:42	8.33	--	139	115787	卖盘
13:35:36	8.33	--	8	6664	卖盘
13:35:33	8.33	--	210	174930	卖盘
13:35:24	8.33	--	1	833	卖盘
13:35:15	8.33	-0.01	5	4165	卖盘
13:35:00	8.34	--	1	834	买盘
13:34:57	8.34	--	1	834	买盘
13:34:51	8.34	--	26	21684	买盘
13:34:45	8.34	0.01	20	16680	买盘
13:34:42	8.33	-0.01	29	24157	卖盘
13:34:33	8.34	0.01	3	2502	买盘
13:34:30	8.33	--	244	203252	卖盘
13:34:27	8.33	-0.01	15	12495	卖盘
13:34:21	8.34	0.01	119	99246	买盘
13:34:12	8.33	--	31	25823	卖盘
13:34:03	8.33	--	35	29155	卖盘
13:34:00	8.33	-0.01	20	16660	卖盘
13:33:48	8.34	--	6	5004	买盘
13:33:45	8.34	0.01	80	66720	买盘
13:33:42	8.33	--	6	5081	买盘
13:33:30	8.33	-0.01	993	827918	卖盘
13:33:18	8.34	--	3	2502	买盘
13:33:15	8.34	--	11	9174	买盘
13:32:57	8.34	--	6	5004	买盘
13:32:54	8.34	--	99	82566	买盘
13:32:48	8.34	0.01	1	834	买盘
13:32:45	8.33	-0.01	50	41650	卖盘
13:32:39	8.34	--	57	47538	卖盘
13:32:36	8.34	-0.01	30	25020	卖盘
13:32:33	8.35	0.01	68	56780	买盘
13:32:30	8.34	--	60	50040	卖盘
13:32:24	8.34	--	200	166800	卖盘
13:32:21	8.34	--	4	3336	卖盘
13:32:18	8.34	--	10	8340	卖盘
13:32:15	8.34	--	41	34194	卖盘
13:32:09	8.34	-0.01	10	8340	卖盘
13:32:06	8.35	0.01	8	6680	买盘
13:32:03	8.34	--	13	10842	卖盘
13:31:57	8.34	--	15	12510	卖盘
13:31:54	8.34	--	722	602148	买盘
13:31:27	8.34	--	10	8340	买盘
13:31:21	8.34	0.01	1	834	买盘
13:31:12	8.33	-0.01	90	74970	卖盘
13:31:06	8.34	--	12	10008	买盘
13:31:03	8.34	--	1	834	买盘
13:31:00	8.34	0.01	3	2502	买盘
13:30:51	8.33	--	23	19159	卖盘
13:30:48	8.33	--	1	833	卖盘
13:30:42	8.33	-0.01	1	833	卖盘
13:30:36	8.34	--	31	25854	买盘
13:30:27	8.34	0.01	50	41700	买盘
13:30:21	8.33	--	71	59143	卖盘
13:30:15	8.33	-0.01	7	5831	卖盘
13:30:00	8.34	--	2	1668	买盘
13:29:57	8.34	--	20	16680	买盘
13:29:54	8.34	0.01	11	9174	买盘
13:29:48	8.33	-0.01	86	71638	卖盘
13:29:45	8.34	0.01	3	2502	买盘
13:29:42	8.33	-0.01	419	349110	卖盘
13:29:36	8.34	--	100	83400	买盘
13:29:30	8.34	0.01	135	112590	买盘
13:29:21	8.33	--	10	8330	卖盘
13:29:18	8.33	-0.01	10	8330	卖盘
13:29:12	8.34	--	1178	982452	买盘
13:29:06	8.34	0.01	17	14178	买盘
13:29:03	8.33	--	13	10829	卖盘
13:29:00	8.33	-0.01	80	66640	卖盘
13:28:57	8.34	--	53	44202	买盘
13:28:54	8.34	--	200	166800	买盘
13:28:51	8.34	0.01	70	58380	买盘
13:28:48	8.33	--	6	4998	卖盘
13:28:45	8.33	--	13	10829	卖盘
13:28:42	8.33	--	10	8330	卖盘
13:28:33	8.33	--	30	24990	卖盘
13:28:30	8.33	--	60	49980	卖盘
13:28:21	8.33	-0.01	100	83300	卖盘
13:28:18	8.34	0.01	20	16680	买盘
13:28:15	8.33	-0.01	10	8330	卖盘
13:28:12	8.34	0.01	1	834	买盘
13:28:06	8.33	--	31	25823	卖盘
13:28:03	8.33	-0.01	186	154938	卖盘
13:27:57	8.34	0.01	55	45870	买盘
13:27:54	8.33	-0.01	10	8330	卖盘
13:27:51	8.34	--	100	83400	买盘
13:27:48	8.34	--	40	33360	买盘
13:27:45	8.34	--	50	41700	买盘
13:27:42	8.34	--	10	8340	买盘
13:27:39	8.34	--	1	834	买盘
13:27:27	8.34	--	28	23352	买盘
13:27:21	8.34	--	20	16680	买盘
13:27:03	8.34	0.01	1	834	买盘
13:27:00	8.33	--	20	16660	卖盘
13:26:54	8.33	--	6	4998	卖盘
13:26:48	8.33	-0.01	5	4165	卖盘
13:26:45	8.34	0.01	289	241026	买盘
13:26:42	8.33	-0.01	40	33320	卖盘
13:26:39	8.34	0.01	17	14178	买盘
13:26:36	8.33	-0.01	9	7497	卖盘
13:26:24	8.34	--	3	2502	买盘
13:26:21	8.34	--	52	43368	买盘
13:26:15	8.34	0.01	3	2502	买盘
13:26:09	8.33	--	7	5831	卖盘
13:25:57	8.33	--	5	4165	卖盘
13:25:48	8.33	--	4	3332	卖盘
13:25:42	8.33	--	12	9996	买盘
13:25:39	8.33	--	10	8330	买盘
13:25:36	8.33	--	12	9996	买盘
13:25:24	8.33	-0.01	76	63308	卖盘
13:25:18	8.34	--	25	20850	买盘
13:25:12	8.34	--	21	17514	买盘
13:25:09	8.34	0.01	13	10842	买盘
13:25:06	8.33	-0.01	20	16660	卖盘
13:24:54	8.34	0.01	10	8340	买盘
13:24:51	8.33	--	10	8330	卖盘
13:24:39	8.33	-0.01	13	10829	卖盘
13:24:33	8.34	--	50	41700	买盘
13:24:21	8.34	0.01	3	2502	买盘
13:24:15	8.33	--	2	1666	卖盘
13:24:12	8.33	--	25	20825	买盘
13:24:09	8.33	--	100	83300	买盘
13:24:00	8.33	--	1	833	买盘
13:23:51	8.33	--	5	4165	买盘
13:23:48	8.33	0.01	3	2499	中性盘
13:23:42	8.32	-0.01	1000	832000	卖盘
13:23:36	8.33	--	304	253232	卖盘
13:23:27	8.33	--	35	29155	卖盘
13:23:24	8.33	--	20	16660	卖盘
13:23:21	8.33	--	20	16660	卖盘
13:23:18	8.33	--	16	13328	卖盘
13:23:15	8.33	--	8	6664	卖盘
13:23:12	8.33	--	20	16660	卖盘
13:23:09	8.33	--	5	4165	卖盘
13:23:00	8.33	--	5	4165	卖盘
13:22:51	8.33	-0.01	20	16660	卖盘
13:22:48	8.34	--	1	834	买盘
13:22:45	8.34	0.01	1	834	买盘
13:22:36	8.33	-0.01	12	9996	中性盘
13:22:30	8.34	0.02	84	70056	买盘
13:22:24	8.32	-0.01	50	41600	卖盘
13:22:18	8.33	0.01	8	6664	买盘
13:22:15	8.32	-0.01	50	41600	卖盘
13:22:12	8.33	-0.01	6	4998	卖盘
13:22:09	8.34	0.01	8	6672	买盘
13:22:06	8.33	--	64	53312	卖盘
13:22:00	8.33	--	10	8330	卖盘
13:21:54	8.33	--	69	57477	卖盘
13:21:48	8.33	--	30	24990	卖盘
13:21:45	8.33	-0.01	10	8330	卖盘
13:21:36	8.34	--	93	77562	买盘
13:21:33	8.34	0.01	166	138444	买盘
13:21:30	8.33	--	15	12495	买盘
13:21:27	8.33	--	40	33320	买盘
13:21:24	8.33	-0.01	351	292383	卖盘
13:21:18	8.34	--	150	125100	买盘
13:21:12	8.34	0.01	1	834	买盘
13:21:09	8.33	--	10	8330	卖盘
13:21:00	8.33	-0.01	60	49980	卖盘
13:20:54	8.34	--	16	13344	买盘
13:20:51	8.34	--	10	8340	买盘
13:20:48	8.34	0.01	20	16680	买盘
13:20:42	8.33	-0.01	7	5831	卖盘
13:20:36	8.34	--	17	14178	买盘
13:20:33	8.34	--	1	834	买盘
13:20:21	8.34	--	10	8340	买盘
13:20:12	8.34	0.01	3	2502	买盘
13:20:03	8.33	--	60	49980	卖盘
13:19:57	8.33	--	53	44149	买盘
13:19:54	8.33	--	10	8330	买盘
13:19:45	8.33	--	9	7497	买盘
13:19:42	8.33	--	20	16660	买盘
13:19:36	8.33	--	51	42483	买盘
13:19:33	8.33	--	1	833	买盘
13:19:27	8.33	--	87	72471	卖盘
13:19:18	8.33	-0.01	20	16660	卖盘
13:19:15	8.34	--	2	1668	买盘
13:19:09	8.34	0.01	35	29190	买盘
13:19:06	8.33	-0.01	20	16660	卖盘
13:19:03	8.34	--	1	834	买盘
13:19:00	8.34	0.01	66	55044	买盘
13:18:57	8.33	-0.01	20	16660	卖盘
13:18:48	8.34	0.01	200	166800	买盘
13:18:45	8.33	-0.01	2	1666	卖盘
13:18:42	8.34	0.01	12	10008	买盘
13:18:39	8.33	--	20	16660	卖盘
13:18:36	8.33	-0.01	200	166600	卖盘
13:18:33	8.34	0.01	22	18348	买盘
13:18:30	8.33	--	1	833	卖盘
13:18:24	8.33	--	50	41650	卖盘
13:18:21	8.33	--	11	9163	卖盘
13:18:15	8.33	--	181	150773	卖盘
13:18:09	8.33	--	312	259896	卖盘
13:18:06	8.33	-0.01	10	8330	卖盘
13:18:03	8.34	0.01	15	12510	买盘
13:18:00	8.33	-0.01	1	833	卖盘
13:17:54	8.34	0.01	45	37530	买盘
13:17:48	8.33	--	6	4998	卖盘
13:17:42	8.33	--	50	41650	卖盘
13:17:39	8.33	--	24	19992	卖盘
13:17:33	8.33	-0.01	100	83300	卖盘
13:17:27	8.34	--	453	377802	买盘
13:17:24	8.34	0.01	62	51708	买盘
13:17:18	8.33	-0.01	10	8330	卖盘
13:17:12	8.34	--	34	28356	买盘
13:17:09	8.34	--	20	16680	买盘
13:17:03	8.34	--	24	20016	买盘
13:17:00	8.34	--	481	401154	卖盘
13:16:57	8.34	--	100	83400	卖盘
13:16:54	8.34	0.01	221	184314	买盘
13:16:51	8.33	-0.01	20	16660	卖盘
13:16:48	8.34	--	31	25854	买盘
13:16:45	8.34	0.01	20	16680	买盘
13:16:42	8.33	--	119	99127	卖盘
13:16:39	8.33	-0.01	85	70805	卖盘
13:16:36	8.34	--	3	2502	买盘
13:16:33	8.34	--	25	20850	买盘
13:16:30	8.34	0.01	106	88404	买盘
13:16:27	8.33	-0.01	40	33320	卖盘
13:16:24	8.34	0.01	6	5004	买盘
13:16:18	8.33	--	3	2499	卖盘
13:16:15	8.33	--	827	688891	买盘
13:16:12	8.33	0.01	100	83300	买盘
13:16:09	8.32	--	30	24960	卖盘
13:16:00	8.32	--	121	100672	买盘
13:15:57	8.32	--	133	110656	买盘
13:15:54	8.32	--	1237	1029184	买盘
13:15:51	8.32	--	150	124800	买盘
13:15:48	8.32	--	17	14144	买盘
13:15:42	8.32	--	1030	856960	买盘
13:15:39	8.32	--	10	8320	买盘
13:15:36	8.32	--	167	138944	买盘
13:15:33	8.32	--	20	16640	买盘
13:15:30	8.32	--	5	4160	买盘
13:15:27	8.32	--	19	15808	买盘
13:15:24	8.32	--	320	266240	买盘
13:15:21	8.32	--	160	133120	买盘
13:15:18	8.32	0.01	15	12480	买盘
13:15:15	8.31	-0.01	97	80607	卖盘
13:15:12	8.32	0.01	5	4160	买盘
13:15:00	8.31	--	906	752886	买盘
13:14:51	8.31	0.01	168	139608	买盘
13:14:45	8.3	-0.01	5	4150	卖盘
13:14:39	8.31	--	52	43212	买盘
13:14:33	8.31	--	150	124650	买盘
13:14:30	8.31	0.01	200	166200	买盘
13:14:15	8.3	--	13	10790	卖盘
13:14:12	8.3	-0.01	51	42330	卖盘
13:14:09	8.31	0.01	10	8310	买盘
13:13:42	8.3	0.01	100	83000	中性盘
13:13:33	8.29	-0.01	218	180721	卖盘
13:13:30	8.3	--	80	66400	买盘
13:13:27	8.3	--	111	92130	买盘
13:13:24	8.3	0.01	50	41500	买盘
13:13:21	8.29	-0.01	160	132640	卖盘
13:13:18	8.3	--	6	4980	买盘
13:13:12	8.3	--	50	41500	买盘
13:13:06	8.3	--	19	15770	买盘
13:12:57	8.3	--	1	830	买盘
13:12:54	8.3	--	120	99600	买盘
13:12:48	8.3	--	50	41500	买盘
13:12:42	8.3	--	13	10790	买盘
13:12:39	8.3	--	50	41500	买盘
13:12:33	8.3	--	143	118690	买盘
13:12:12	8.3	--	123	102090	卖盘
13:12:09	8.3	--	16	13280	卖盘
13:12:06	8.3	--	849	704670	买盘
13:11:51	8.3	--	3	2490	买盘
13:11:45	8.3	0.01	1	830	买盘
13:11:42	8.29	--	8	6631	卖盘
13:11:39	8.29	--	6	4973	卖盘
13:11:27	8.29	--	6	4973	卖盘
13:11:18	8.29	--	1	828	卖盘
13:11:12	8.29	--	50	41449	卖盘
13:10:57	8.29	--	9	7460	卖盘
13:10:45	8.29	-0.01	147	121862	卖盘
13:10:39	8.3	0.01	15	12450	买盘
13:10:36	8.29	-0.01	11	9118	卖盘
13:10:33	8.3	--	1	830	买盘
13:10:21	8.3	--	5	4150	买盘
13:10:09	8.3	--	6	4980	买盘
13:10:03	8.3	0.01	9	7470	买盘
13:10:00	8.29	-0.01	10	8290	卖盘
13:09:45	8.3	--	10	8300	买盘
13:09:39	8.3	--	5	4150	买盘
13:09:33	8.3	--	60	49800	买盘
13:09:27	8.3	--	42	34860	卖盘
13:09:18	8.3	--	13	10790	卖盘
13:09:15	8.3	--	6	4980	卖盘
13:09:12	8.3	--	19	15770	卖盘
13:09:09	8.3	--	10	8300	卖盘
13:08:51	8.3	-0.01	104	86320	卖盘
13:08:36	8.31	--	60	49860	买盘
13:08:33	8.31	0.01	6	4986	买盘
13:08:27	8.3	--	14	11620	卖盘
13:08:21	8.3	-0.01	34	28220	卖盘
13:08:15	8.31	--	3	2493	买盘
13:08:03	8.31	0.01	1	831	买盘
13:07:45	8.3	--	11	9130	卖盘
13:07:39	8.3	--	8	6640	卖盘
13:07:33	8.3	0.01	2	1660	中性盘
13:07:24	8.29	-0.01	50	41449	卖盘
13:07:09	8.3	--	1	1510	买盘
13:07:06	8.3	--	3	2490	买盘
13:07:03	8.3	--	16	13280	买盘
13:06:57	8.3	--	4	3320	买盘
13:06:51	8.3	--	1	830	买盘
13:06:45	8.3	0.01	2	1660	买盘
13:06:24	8.29	-0.01	7	5802	卖盘
13:06:15	8.3	--	70	58100	卖盘
13:06:09	8.3	-0.01	50	41500	卖盘
13:06:06	8.31	--	1	831	买盘
13:06:03	8.31	0.01	3	2493	买盘
13:06:00	8.3	--	17	14110	卖盘
13:05:54	8.3	--	14	11620	卖盘
13:05:42	8.3	0.01	2	1660	买盘
13:05:39	8.29	--	50	41449	卖盘
13:05:36	8.29	-0.01	9	7460	卖盘
13:05:27	8.3	--	5	4150	买盘
13:05:21	8.3	--	1	830	买盘
13:05:18	8.3	--	17	14110	卖盘
13:05:09	8.3	-0.01	10	8300	卖盘
13:05:00	8.31	--	3	2493	买盘
13:04:54	8.31	0.01	53	44043	买盘
13:04:48	8.3	--	10	8300	卖盘
13:04:42	8.3	--	2	1660	卖盘
13:04:33	8.3	--	20	16600	卖盘
13:04:30	8.3	--	45	37350	卖盘
13:04:27	8.3	-0.01	20	16600	卖盘
13:04:24	8.31	0.01	1	831	买盘
13:04:15	8.3	-0.01	50	41500	卖盘
13:04:09	8.31	0.01	51	42381	买盘
13:04:06	8.3	--	10	8300	卖盘
13:03:51	8.3	-0.01	7	5810	卖盘
13:03:33	8.31	--	10	8310	买盘
13:03:30	8.31	--	3	2493	买盘
13:03:24	8.31	--	1	831	买盘
13:03:09	8.31	0.01	2	1662	买盘
13:03:00	8.3	--	69	57270	卖盘
13:02:42	8.3	-0.01	60	49800	卖盘
13:02:39	8.31	--	7	5817	买盘
13:02:18	8.31	0.01	3	2493	买盘
13:02:09	8.3	--	7	5810	卖盘
13:02:03	8.3	-0.01	12	9960	卖盘
13:02:00	8.31	--	80	66480	买盘
13:01:57	8.31	0.01	1	831	买盘
13:01:42	8.3	--	50	41500	卖盘
13:01:39	8.3	-0.01	30	24900	卖盘
13:01:18	8.31	0.01	5	4155	买盘
13:01:15	8.3	-0.01	10	8300	卖盘
13:01:06	8.31	--	3	2493	买盘
13:00:45	8.31	0.01	9	7479	买盘
13:00:36	8.3	--	40	33200	卖盘
13:00:15	8.3	--	24	19920	卖盘
13:00:09	8.3	--	71	58930	卖盘
13:00:06	8.3	--	1390	1153700	买盘
13:00:03	8.3	--	0	0	买盘
11:30:03	8.3	--	5	4150	买盘
11:29:57	8.3	--	16	13280	买盘
11:29:36	8.3	--	21	17430	买盘
11:29:24	8.3	0.01	10	8300	买盘
11:29:18	8.29	-0.01	41	33989	卖盘
11:29:12	8.3	--	5	4150	买盘
11:29:03	8.3	--	11	9130	买盘
11:28:45	8.3	--	30	24900	买盘
11:28:42	8.3	--	15	12450	买盘
11:28:33	8.3	--	10	8300	买盘
11:28:30	8.3	--	121	100430	买盘
11:28:21	8.3	--	12	9960	买盘
11:28:15	8.3	--	20	16600	买盘
11:28:00	8.3	--	5	4150	买盘
11:27:57	8.3	0.01	15	12450	买盘
11:27:51	8.29	--	5	4145	卖盘
11:27:42	8.29	-0.01	5	4145	卖盘
11:27:36	8.3	--	1	830	买盘
11:27:30	8.3	--	2	1660	买盘
11:27:27	8.3	--	10	8300	买盘
11:27:24	8.3	--	3	2490	买盘
11:27:00	8.3	--	5	4150	买盘
11:26:45	8.3	0.01	11	9130	买盘
11:26:39	8.29	-0.01	2	1657	卖盘
11:26:36	8.3	0.01	30	24900	买盘
11:26:30	8.29	-0.01	3	2486	卖盘
11:26:27	8.3	--	1	830	买盘
11:26:09	8.3	--	9	7470	买盘
11:26:06	8.3	0.01	5	4150	买盘
11:26:00	8.29	-0.01	7	5802	卖盘
11:25:48	8.3	--	100	83000	买盘
11:25:33	8.3	--	50	41500	买盘
11:25:30	8.3	0.01	10	8300	买盘
11:25:21	8.29	--	150	124349	卖盘
11:25:18	8.29	--	8	6631	卖盘
11:25:15	8.29	--	21	17409	卖盘
11:24:48	8.29	--	10	8290	卖盘
11:24:39	8.29	--	9	7460	卖盘
11:24:30	8.29	--	332	275228	买盘
11:24:27	8.29	0.01	3	2486	买盘
11:24:24	8.28	-0.01	1	827	卖盘
11:24:18	8.29	--	5	4145	买盘
11:24:15	8.29	--	50	41449	买盘
11:24:09	8.29	--	5	4145	买盘
11:23:54	8.29	--	8	6631	买盘
11:23:48	8.29	--	18	14921	买盘
11:23:33	8.29	--	61	50759	买盘
11:23:27	8.29	--	3	2486	买盘
11:23:21	8.29	--	5	4145	买盘
11:23:15	8.29	0.01	9	7460	买盘
11:23:12	8.28	-0.01	1	827	卖盘
11:23:06	8.29	--	39	32330	买盘
11:23:03	8.29	--	3	2486	买盘
11:22:57	8.29	--	69	57200	卖盘
11:22:39	8.29	--	15	12434	卖盘
11:22:27	8.29	-0.01	16	13263	卖盘
11:22:21	8.3	0.01	5	4150	买盘
11:22:18	8.29	--	6	4973	卖盘
11:22:09	8.29	--	338	280202	买盘
11:22:00	8.29	--	21	17409	买盘
11:21:54	8.29	--	31	25698	买盘
11:21:45	8.29	0.01	119	98650	买盘
11:21:42	8.28	-0.01	41	33948	卖盘
11:21:15	8.29	0.01	25	20724	买盘
11:20:54	8.28	--	30	24839	卖盘
11:20:42	8.28	--	40	33120	卖盘
11:20:39	8.28	-0.01	62	51335	卖盘
11:20:36	8.29	0.01	10	8290	买盘
11:20:21	8.28	-0.01	38	31463	卖盘
11:20:09	8.29	--	5	4145	买盘
11:20:06	8.29	0.01	5	4145	买盘
11:20:00	8.28	-0.01	100	82800	卖盘
11:19:51	8.29	0.01	5	4145	买盘
11:19:33	8.28	--	5	4140	卖盘
11:19:27	8.28	--	8	6623	卖盘
11:19:24	8.28	--	6	4968	卖盘
11:19:15	8.28	--	10	8280	卖盘
11:19:12	8.28	-0.01	20	16560	卖盘
11:19:09	8.29	--	5	4145	买盘
11:19:06	8.29	--	5	4145	买盘
11:18:54	8.29	--	1	828	买盘
11:18:39	8.29	--	96	79583	买盘
11:18:36	8.29	--	1	828	买盘
11:18:15	8.29	--	4	3315	买盘
11:18:06	8.29	0.01	15	12434	买盘
11:18:00	8.28	-0.01	17	14547	卖盘
11:17:57	8.29	0.01	22	18237	买盘
11:17:51	8.28	--	1	827	卖盘
11:17:39	8.28	--	13	10764	买盘
11:17:36	8.28	0.01	1	827	买盘
11:17:33	8.27	--	2	1654	卖盘
11:17:30	8.27	-0.01	10	8270	卖盘
11:17:24	8.28	--	1	827	买盘
11:17:15	8.28	--	1	827	买盘
11:17:12	8.28	--	12	9936	买盘
11:17:09	8.28	--	5	4140	买盘
11:17:06	8.28	0.01	20	16560	买盘
11:16:57	8.27	--	17	14059	卖盘
11:16:54	8.27	-0.01	100	82700	卖盘
11:16:48	8.28	0.01	50	41400	买盘
11:16:45	8.27	--	600	496200	卖盘
11:16:39	8.27	--	4	3308	卖盘
11:16:36	8.27	--	28	23156	卖盘
11:16:27	8.27	-0.01	8	6616	卖盘
11:16:18	8.28	--	100	82800	买盘
11:16:12	8.28	--	5	4140	买盘
11:16:06	8.28	--	5	4140	买盘
11:16:03	8.28	0.01	247	204515	买盘
11:16:00	8.27	--	5	4135	卖盘
11:15:57	8.27	-0.01	10	8270	卖盘
11:15:51	8.28	0.01	2	1655	买盘
11:15:42	8.27	-0.01	23	19021	卖盘
11:15:33	8.28	0.01	20	16560	买盘
11:15:30	8.27	-0.01	20	16540	卖盘
11:15:24	8.28	--	40	33120	买盘
11:15:21	8.28	--	10	8280	买盘
11:15:15	8.28	0.01	369	305532	买盘
11:15:12	8.27	-0.01	8	6616	卖盘
11:14:57	8.28	0.01	149	123371	买盘
11:14:54	8.27	-0.01	3	2481	卖盘
11:14:45	8.28	0.01	10	8280	买盘
11:14:42	8.27	-0.01	4	3308	卖盘
11:14:39	8.28	--	20	16560	买盘
11:14:36	8.28	--	10	8280	买盘
11:14:33	8.28	--	10	8280	买盘
11:14:30	8.28	--	5	4140	买盘
11:14:24	8.28	0.01	55	45540	买盘
11:14:15	8.27	--	12	9924	卖盘
11:14:09	8.27	-0.01	100	82700	卖盘
11:14:06	8.28	--	10	8280	买盘
11:14:03	8.28	--	359	297252	买盘
11:13:57	8.28	--	50	41400	买盘
11:13:54	8.28	--	54	44712	买盘
11:13:48	8.28	--	30	24839	买盘
11:13:45	8.28	0.01	10	8280	买盘
11:13:42	8.27	-0.01	3	2481	卖盘
11:13:36	8.28	--	14	11592	买盘
11:13:30	8.28	--	22	18216	买盘
11:13:27	8.28	--	128	105983	买盘
11:13:21	8.28	--	5	4140	买盘
11:13:06	8.28	0.01	150	124199	买盘
11:13:03	8.27	-0.01	16	13232	卖盘
11:13:00	8.28	0.01	9	7451	买盘
11:12:57	8.27	--	39	32253	卖盘
11:12:45	8.27	--	5	4135	卖盘
11:12:36	8.27	--	50	41350	卖盘
11:12:33	8.27	--	85	70295	买盘
11:12:30	8.27	--	41	33907	买盘
11:12:27	8.27	--	12	9924	买盘
11:12:21	8.27	--	10	8270	买盘
11:12:18	8.27	0.01	5	4135	买盘
11:12:15	8.26	-0.01	34	28084	卖盘
11:12:12	8.27	--	526	435002	卖盘
11:12:03	8.27	-0.01	17	14059	卖盘
11:11:54	8.28	0.01	3	2484	买盘
11:11:51	8.27	-0.01	1	827	卖盘
11:11:48	8.28	--	11	9108	买盘
11:11:39	8.28	0.01	16	13247	买盘
11:11:36	8.27	-0.01	18	14886	卖盘
11:11:27	8.28	--	5	4140	买盘
11:11:24	8.28	0.01	1	827	买盘
11:11:21	8.27	--	5	4135	卖盘
11:11:18	8.27	--	3	2481	卖盘
11:11:12	8.27	--	47	38869	买盘
11:11:09	8.27	--	10	8270	买盘
11:11:03	8.27	--	100	82700	买盘
11:11:00	8.27	--	248	205096	卖盘
11:10:51	8.27	-0.01	109	90143	卖盘
11:10:48	8.28	--	2	1655	买盘
11:10:45	8.28	0.01	10	8280	买盘
11:10:42	8.27	--	494	408538	卖盘
11:10:39	8.27	-0.01	89	73603	卖盘
11:10:36	8.28	0.01	23	19044	买盘
11:10:33	8.27	--	31	25637	卖盘
11:10:18	8.27	--	61	50447	卖盘
11:10:15	8.27	--	13	10751	买盘
11:10:12	8.27	--	40	33080	买盘
11:10:06	8.27	--	84	69468	卖盘
11:10:03	8.27	0.01	32	26464	买盘
11:10:00	8.26	-0.01	590	487340	卖盘
11:09:57	8.27	0.01	162	133974	买盘
11:09:54	8.26	-0.01	36	29736	卖盘
11:09:51	8.27	--	34	28118	买盘
11:09:48	8.27	0.01	1000	827000	买盘
11:09:45	8.26	-0.01	71	58646	卖盘
11:09:42	8.27	--	50	41350	买盘
11:09:39	8.27	0.01	100	82700	买盘
11:09:36	8.26	--	40	33040	卖盘
11:09:33	8.26	-0.01	35	28910	卖盘
11:09:30	8.27	--	8	6616	买盘
11:09:24	8.27	--	50	41350	买盘
11:09:12	8.27	--	905	748435	卖盘
11:09:09	8.27	--	30	24810	卖盘
11:09:06	8.27	--	135	111645	卖盘
11:09:03	8.27	--	58	47966	卖盘
11:08:57	8.27	--	168	138936	卖盘
11:08:54	8.27	--	60	49620	卖盘
11:08:51	8.27	-0.01	98	81046	卖盘
11:08:45	8.28	0.01	60	49679	买盘
11:08:42	8.27	--	100	82700	卖盘
11:08:39	8.27	--	315	260505	卖盘
11:08:24	8.27	--	25	20675	卖盘
11:08:21	8.27	-0.01	50	41350	卖盘
11:08:09	8.28	--	351	290628	卖盘
11:08:06	8.28	--	256	211967	卖盘
11:08:03	8.28	--	133	110123	卖盘
11:08:00	8.28	--	359	297252	卖盘
11:07:57	8.28	--	104	86112	卖盘
11:07:51	8.28	--	4	3311	卖盘
11:07:48	8.28	--	150	124199	卖盘
11:07:45	8.28	--	42	34776	卖盘
11:07:42	8.28	--	45	37260	卖盘
11:07:39	8.28	--	5	4140	卖盘
11:07:24	8.28	--	315	260819	卖盘
11:07:21	8.28	--	5	4140	卖盘
11:07:18	8.28	-0.01	15	12419	卖盘
11:07:12	8.29	0.01	11	9118	买盘
11:07:06	8.28	--	100	82800	卖盘
11:07:03	8.28	--	3	2484	卖盘
11:07:00	8.28	--	41	33948	卖盘
11:06:51	8.28	-0.01	57	47195	卖盘
11:06:48	8.29	0.01	1	828	买盘
11:06:45	8.28	--	10	8280	卖盘
11:06:42	8.28	-0.01	3	2484	卖盘
11:06:39	8.29	--	1	828	买盘
11:06:36	8.29	0.01	30	24869	买盘
11:06:30	8.28	--	65	53819	卖盘
11:06:21	8.28	--	49	40572	卖盘
11:06:18	8.28	-0.01	90	74520	卖盘
11:06:15	8.29	0.01	7	5802	买盘
11:06:09	8.28	--	10	8280	卖盘
11:06:03	8.28	--	2	1655	卖盘
11:05:51	8.28	--	207	171396	卖盘
11:05:42	8.28	-0.01	190	157320	卖盘
11:05:39	8.29	--	5	4145	买盘
11:05:15	8.29	0.01	125	103624	买盘
11:05:12	8.28	-0.01	20	16560	卖盘
11:05:03	8.29	--	5	4145	买盘
11:04:57	8.29	0.01	228	189011	买盘
11:04:54	8.28	-0.01	1	827	卖盘
11:04:51	8.29	0.01	100	82899	买盘
11:04:48	8.28	--	4	3311	卖盘
11:04:42	8.28	--	20	16560	卖盘
11:04:39	8.28	--	3	2484	卖盘
11:04:36	8.28	--	8	6623	卖盘
11:04:33	8.28	-0.01	40	33120	卖盘
11:04:24	8.29	--	9	7460	买盘
11:04:21	8.29	--	20	16580	买盘
11:04:15	8.29	--	17	14092	买盘
11:04:12	8.29	0.01	4	3315	买盘
11:04:09	8.28	-0.01	10	8280	卖盘
11:04:03	8.29	--	30	24869	买盘
11:03:54	8.29	--	12	9947	买盘
11:03:27	8.29	--	3	2486	买盘
11:03:09	8.29	--	10	8290	买盘
11:03:06	8.29	--	5	4145	买盘
11:03:03	8.29	0.01	43	35646	买盘
11:02:54	8.28	--	20	16560	卖盘
11:02:51	8.28	--	25	20700	卖盘
11:02:30	8.28	-0.01	13	10764	卖盘
11:02:27	8.29	0.01	10	8290	买盘
11:02:24	8.28	--	10	8280	卖盘
11:02:21	8.28	--	13	10764	卖盘
11:02:12	8.28	-0.01	1	827	卖盘
11:02:06	8.29	--	2	1657	买盘
11:02:00	8.29	0.01	55	45594	买盘
11:01:57	8.28	-0.01	10	8280	卖盘
11:01:51	8.29	--	12	9947	买盘
11:01:45	8.29	-0.01	55	45594	卖盘
11:01:42	8.3	0.01	13	10790	买盘
11:01:39	8.29	--	40	33160	卖盘
11:01:36	8.29	--	306	253673	卖盘
11:01:30	8.29	--	57	47252	卖盘
11:01:21	8.29	--	16	13263	卖盘
11:01:18	8.29	--	80	66320	卖盘
11:01:15	8.29	--	10	8290	卖盘
11:01:12	8.29	--	1	828	卖盘
11:01:09	8.29	-0.01	86	71293	卖盘
11:01:06	8.3	--	16	13280	买盘
11:01:00	8.3	0.01	113	93790	买盘
11:00:57	8.29	--	50	41449	卖盘
11:00:54	8.29	--	4	3315	卖盘
11:00:48	8.29	--	40	33160	卖盘
11:00:39	8.29	--	5	4145	卖盘
11:00:36	8.29	--	234	193985	卖盘
11:00:30	8.29	--	10	8290	卖盘
11:00:12	8.29	--	75	62174	卖盘
11:00:06	8.29	--	20	16580	卖盘
11:00:03	8.29	--	26	21553	卖盘
11:00:00	8.29	--	25	20724	卖盘
10:59:54	8.29	--	4	3315	卖盘
10:59:42	8.29	-0.01	43	35646	卖盘
10:59:39	8.3	0.01	10	8300	买盘
10:59:36	8.29	--	4	3315	卖盘
10:59:30	8.29	--	100	82899	卖盘
10:59:27	8.29	--	83	68807	卖盘
10:59:15	8.29	-0.01	15	12434	卖盘
10:59:12	8.3	--	15	12450	买盘
10:59:03	8.3	0.01	24	19920	买盘
10:58:54	8.29	-0.01	20	16580	卖盘
10:58:39	8.3	0.01	30	24900	买盘
10:58:36	8.29	-0.01	4	3315	卖盘
10:58:33	8.3	--	65	54589	卖盘
10:58:30	8.3	--	53	43990	卖盘
10:58:27	8.3	--	46	38180	卖盘
10:58:24	8.3	-0.01	100	83000	卖盘
10:58:21	8.31	--	56	46536	买盘
10:58:18	8.31	0.01	5	4155	买盘
10:58:15	8.3	--	100	83000	卖盘
10:58:12	8.3	--	24	19920	卖盘
10:58:09	8.3	--	27	22410	卖盘
10:58:06	8.3	--	800	664000	卖盘
10:58:03	8.3	--	11	9130	卖盘
10:57:57	8.3	--	17	14110	卖盘
10:57:54	8.3	--	228	189240	卖盘
10:57:51	8.3	--	52	43160	卖盘
10:57:48	8.3	--	22	18260	卖盘
10:57:45	8.3	--	22	18260	卖盘
10:57:42	8.3	--	10	8300	卖盘
10:57:39	8.3	--	1	1020	卖盘
10:57:36	8.3	--	3	2490	卖盘
10:57:27	8.3	--	22	18260	卖盘
10:57:21	8.3	-0.01	41	34030	卖盘
10:57:15	8.31	0.01	27	22437	买盘
10:57:12	8.3	--	500	415000	卖盘
10:57:06	8.3	--	4	3320	卖盘
10:56:57	8.3	--	60	49800	卖盘
10:56:54	8.3	--	20	16600	卖盘
10:56:45	8.3	--	151	125330	卖盘
10:56:42	8.3	--	113	93790	卖盘
10:56:39	8.3	--	20	16600	卖盘
10:56:36	8.3	--	224	185920	卖盘
10:56:33	8.3	--	133	110390	卖盘
10:56:15	8.3	--	150	124500	卖盘
10:56:06	8.3	-0.01	6	4980	卖盘
10:56:03	8.31	0.01	13	10803	买盘
10:56:00	8.3	-0.01	12	9960	卖盘
10:55:57	8.31	--	3	2493	买盘
10:55:48	8.31	0.01	3	2493	买盘
10:55:42	8.3	--	3	2490	卖盘
10:55:24	8.3	--	10	8300	卖盘
10:55:21	8.3	-0.01	206	170980	卖盘
10:55:18	8.31	0.01	6	4986	买盘
10:55:15	8.3	-0.01	4	3320	卖盘
10:55:06	8.31	0.01	44	36564	买盘
10:55:00	8.3	--	72	59760	卖盘
10:54:48	8.3	-0.01	10	8300	卖盘
10:54:45	8.31	0.01	7	5817	买盘
10:54:33	8.3	--	289	239870	卖盘
10:54:30	8.3	--	74	61420	卖盘
10:54:27	8.3	-0.01	4	3320	卖盘
10:54:21	8.31	--	16	13296	买盘
10:54:18	8.31	--	5	4155	买盘
10:54:00	8.31	0.01	15	12465	买盘
10:53:54	8.3	--	20	16600	卖盘
10:53:45	8.3	-0.01	11	9130	卖盘
10:53:42	8.31	0.01	1	831	买盘
10:53:36	8.3	--	10	8300	卖盘
10:53:21	8.3	-0.01	304	252320	卖盘
10:53:15	8.31	0.01	67	55677	买盘
10:53:06	8.3	-0.01	105	87150	卖盘
10:53:03	8.31	0.01	120	99720	买盘
10:53:00	8.3	-0.01	4	3320	卖盘
10:52:42	8.31	0.01	66	54846	买盘
10:52:36	8.3	-0.01	7	5810	卖盘
10:52:33	8.31	--	50	41550	买盘
10:52:30	8.31	0.01	1	831	买盘
10:52:21	8.3	--	30	24900	卖盘
10:52:09	8.3	-0.01	1008	836640	卖盘
10:52:03	8.31	0.01	20	16620	买盘
10:52:00	8.3	--	104	86320	卖盘
10:51:54	8.3	--	3	2490	卖盘
10:51:45	8.3	-0.01	8	6640	卖盘
10:51:42	8.31	--	68	56508	买盘
10:51:21	8.31	--	1	831	买盘
10:51:09	8.31	--	10	8310	买盘
10:51:06	8.31	--	1	831	买盘
10:51:00	8.31	--	50	41550	买盘
10:50:57	8.31	0.01	22	18282	买盘
10:50:48	8.3	-0.01	14	11620	卖盘
10:50:42	8.31	0.01	72	59832	买盘
10:50:30	8.3	-0.01	10	8300	卖盘
10:50:03	8.31	0.01	5	4155	买盘
10:49:48	8.3	-0.01	3	2490	卖盘
10:49:45	8.31	--	67	55677	买盘
10:49:42	8.31	--	67	55677	买盘
10:49:27	8.31	--	2	1662	买盘
10:49:24	8.31	0.01	4	3324	买盘
10:49:18	8.3	-0.01	40	33200	卖盘
10:49:12	8.31	--	5	4155	买盘
10:49:09	8.31	0.01	5	4155	买盘
10:49:06	8.3	-0.01	20	16600	卖盘
10:49:03	8.31	0.01	5	4155	买盘
10:48:54	8.3	--	5	4150	卖盘
10:48:51	8.3	-0.01	8	6640	卖盘
10:48:42	8.31	0.01	75	62325	买盘
10:48:39	8.3	--	100	83000	卖盘
10:48:33	8.3	-0.01	3	2490	卖盘
10:48:30	8.31	0.01	100	83100	买盘
10:48:27	8.3	-0.01	15	12450	卖盘
10:48:18	8.31	0.01	204	169524	买盘
10:48:09	8.3	-0.01	7	5810	卖盘
10:47:54	8.31	--	4	3324	买盘
10:47:48	8.31	--	55	45705	买盘
10:47:42	8.31	0.01	74	61494	买盘
10:47:39	8.3	-0.01	3	2490	卖盘
10:47:27	8.31	--	3	2493	买盘
10:47:18	8.31	--	10	8310	买盘
10:47:15	8.31	--	28	23268	买盘
10:47:03	8.31	0.02	5	4155	买盘
10:46:57	8.29	--	17	14092	卖盘
10:46:51	8.29	--	10	8290	卖盘
10:46:45	8.29	-0.02	4	3315	卖盘
10:46:42	8.31	0.01	67	55677	买盘
10:46:33	8.3	--	3	2490	买盘
10:46:27	8.3	--	23	19090	卖盘
10:46:24	8.3	--	6	4980	卖盘
10:46:09	8.3	--	25	20750	卖盘
10:46:06	8.3	--	5	4150	卖盘
10:45:57	8.3	--	43	35690	卖盘
10:45:51	8.3	-0.01	10	8300	中性盘
10:45:42	8.31	0.01	75	62325	买盘
10:45:30	8.3	--	85	70550	卖盘
10:45:18	8.3	-0.01	32	26560	卖盘
10:45:15	8.31	--	77	63987	买盘
10:45:09	8.31	0.01	51	42381	买盘
10:45:06	8.3	--	5	4150	卖盘
10:44:57	8.3	-0.01	4	3320	卖盘
10:44:54	8.31	0.01	5	4155	买盘
10:44:51	8.3	--	43	35690	卖盘
10:44:48	8.3	--	16	13280	卖盘
10:44:45	8.3	-0.01	70	58100	卖盘
10:44:42	8.31	0.01	94	78114	买盘
10:44:24	8.3	--	8	6640	卖盘
10:44:21	8.3	--	6	4980	卖盘
10:44:09	8.3	-0.01	2	1660	卖盘
10:44:06	8.31	0.01	5	4155	买盘
10:44:00	8.3	--	5	4150	卖盘
10:43:51	8.3	--	6	4980	卖盘
10:43:48	8.3	-0.01	1	830	卖盘
10:43:45	8.31	0.01	20	16620	买盘
10:43:42	8.3	--	133	110390	卖盘
10:43:33	8.3	--	2	1660	卖盘
10:43:30	8.3	--	40	33200	卖盘
10:43:12	8.3	-0.01	73	60590	卖盘
10:43:03	8.31	0.01	5	4155	买盘
10:42:42	8.3	-0.01	99	82170	卖盘
10:42:36	8.31	0.01	2	1662	买盘
10:42:27	8.3	--	50	41500	卖盘
10:42:15	8.3	--	7	5810	卖盘
10:42:12	8.3	-0.01	117	97110	卖盘
10:42:06	8.31	0.01	21	17451	买盘
10:42:03	8.3	-0.01	5	4150	卖盘
10:41:45	8.31	0.01	15	12465	买盘
10:41:36	8.3	--	3	2490	卖盘
10:41:33	8.3	--	4	3320	卖盘
10:41:30	8.3	--	6	4980	卖盘
10:41:27	8.3	--	72	60390	买盘
10:41:24	8.3	--	20	16600	买盘
10:41:21	8.3	--	6	4980	买盘
10:41:12	8.3	-0.01	44	36719	卖盘
10:41:09	8.31	--	20	16620	买盘
10:41:00	8.31	0.01	7	5817	买盘
10:40:51	8.3	--	1	830	卖盘
10:40:45	8.3	--	4	3320	卖盘
10:40:39	8.3	--	108	89640	卖盘
10:40:36	8.3	--	37	30710	卖盘
10:40:33	8.3	--	40	33200	卖盘
10:40:15	8.3	--	7	5810	卖盘
10:40:12	8.3	--	457	379940	卖盘
10:40:09	8.3	-0.01	2	1660	卖盘
10:40:06	8.31	--	25	20775	买盘
10:39:57	8.31	--	2	1662	买盘
10:39:54	8.31	0.01	20	16620	买盘
10:39:48	8.3	--	3	2490	卖盘
10:39:24	8.3	--	100	83000	卖盘
10:39:06	8.3	--	10	8300	卖盘
10:39:00	8.3	--	28	23240	卖盘
10:38:51	8.3	--	11	9130	卖盘
10:38:48	8.3	0.01	43	35690	买盘
10:38:42	8.29	-0.01	4	3315	卖盘
10:38:39	8.3	--	5	4150	卖盘
10:38:24	8.3	--	161	133630	买盘
10:38:15	8.3	-0.01	107	88810	卖盘
10:38:12	8.31	0.01	20	16620	买盘
10:38:09	8.3	--	100	83000	卖盘
10:38:03	8.3	--	75	62250	卖盘
10:38:00	8.3	--	15	12450	卖盘
10:37:51	8.3	--	3	2490	卖盘
10:37:45	8.3	--	20	16600	卖盘
10:37:27	8.3	-0.01	400	332000	卖盘
10:37:24	8.31	0.01	3	2493	买盘
10:37:09	8.3	-0.01	2	1660	卖盘
10:37:06	8.31	0.01	1	831	买盘
10:37:00	8.3	-0.01	30	24900	卖盘
10:36:54	8.31	0.01	5	4155	买盘
10:36:51	8.3	--	14	11620	卖盘
10:36:48	8.3	-0.01	72	59760	卖盘
10:36:30	8.31	0.01	1	831	买盘
10:36:06	8.3	-0.01	16	13280	卖盘
10:36:00	8.31	0.01	5	4155	买盘
10:35:54	8.3	--	7	5810	卖盘
10:35:51	8.3	--	3	2490	卖盘
10:35:42	8.3	--	10	8300	卖盘
10:35:39	8.3	-0.01	77	63910	卖盘
10:35:33	8.31	0.01	52	43212	买盘
10:35:30	8.3	-0.01	6	4980	卖盘
10:35:24	8.31	--	10	8310	买盘
10:35:09	8.31	--	109	90977	卖盘
10:35:06	8.31	-0.01	12	9972	卖盘
10:35:03	8.32	0.01	50	41600	买盘
10:35:00	8.31	--	250	207750	卖盘
10:34:57	8.31	--	74	61494	卖盘
10:34:54	8.31	--	25	20775	卖盘
10:34:42	8.31	--	124	103044	卖盘
10:34:39	8.31	-0.01	16	13296	卖盘
10:34:33	8.32	0.01	7	5824	买盘
10:34:30	8.31	--	10	8310	卖盘
10:34:27	8.31	--	63	52785	买盘
10:34:21	8.31	--	18	15356	卖盘
10:34:15	8.31	--	36	29916	卖盘
10:34:12	8.31	--	6	4986	卖盘
10:34:09	8.31	--	57	47367	卖盘
10:34:03	8.31	-0.01	45	37395	卖盘
10:34:00	8.32	0.01	58	48256	买盘
10:33:57	8.31	--	80	66480	卖盘
10:33:54	8.31	--	132	109692	卖盘
10:33:45	8.31	--	71	59433	卖盘
10:33:42	8.31	--	52	43212	卖盘
10:33:33	8.31	--	18	14958	卖盘
10:33:30	8.31	-0.01	100	83100	卖盘
10:33:27	8.32	0.01	50	41600	买盘
10:33:24	8.31	--	5	4155	卖盘
10:33:21	8.31	--	15	12465	卖盘
10:33:18	8.31	--	30	24930	卖盘
10:33:15	8.31	0.02	356	295836	买盘
10:33:00	8.29	--	50	41449	买盘
10:32:57	8.29	-0.02	20	16580	卖盘
10:32:51	8.31	--	5	4155	买盘
10:32:48	8.31	0.02	14	11634	买盘
10:32:45	8.29	--	46	38133	卖盘
10:32:39	8.29	-0.02	5	4145	卖盘
10:32:36	8.31	0.03	30	24930	买盘
10:32:33	8.28	--	106	87768	卖盘
10:32:30	8.28	--	5	4140	卖盘
10:32:21	8.28	-0.03	515	426419	卖盘
10:32:03	8.31	0.03	600	498600	买盘
10:32:00	8.28	-0.02	1041	861947	卖盘
10:31:57	8.3	0.01	50	41500	买盘
10:31:54	8.29	0.01	5	4145	买盘
10:31:48	8.28	-0.01	3	2484	卖盘
10:31:45	8.29	--	4	3315	买盘
10:31:42	8.29	--	100	82899	买盘
10:31:39	8.29	--	3	2486	买盘
10:31:30	8.29	--	100	82899	买盘
10:31:27	8.29	0.01	50	41449	买盘
10:31:24	8.28	--	68	56303	卖盘
10:31:15	8.28	-0.01	6	4968	卖盘
10:31:12	8.29	--	1	828	买盘
10:31:06	8.29	--	20	16580	买盘
10:31:03	8.29	--	5	4145	买盘
10:31:00	8.29	0.01	10	8290	买盘
10:30:54	8.28	-0.01	2	1655	卖盘
10:30:48	8.29	--	34	28185	买盘
10:30:45	8.29	0.01	39	32330	买盘
10:30:42	8.28	--	10	8280	卖盘
10:30:39	8.28	-0.01	12	9936	卖盘
10:30:36	8.29	--	11	9118	买盘
10:30:30	8.29	0.01	6	4973	买盘
10:30:27	8.28	--	245	202859	卖盘
10:30:24	8.28	--	1	827	卖盘
10:30:12	8.28	--	1	827	卖盘
10:30:09	8.28	-0.01	2	1655	卖盘
10:30:03	8.29	--	39	32330	买盘
10:30:00	8.29	0.01	16	13263	买盘
10:29:57	8.28	-0.01	2	1655	卖盘
10:29:54	8.29	--	10	8290	买盘
10:29:48	8.29	0.01	20	16580	买盘
10:29:42	8.28	--	3	2484	卖盘
10:29:39	8.28	--	110	91080	卖盘
10:29:36	8.28	-0.01	35	28979	卖盘
10:29:33	8.29	0.01	1	828	买盘
10:29:27	8.28	--	1	827	卖盘
10:29:24	8.28	--	110	91080	卖盘
10:29:18	8.28	--	394	326232	卖盘
10:29:06	8.28	--	105	86940	卖盘
10:29:03	8.28	--	59	48851	卖盘
10:29:00	8.28	--	50	41400	卖盘
10:28:57	8.28	-0.01	50	41400	卖盘
10:28:54	8.29	0.01	55	45594	买盘
10:28:51	8.28	-0.01	28	23184	卖盘
10:28:45	8.29	--	298	247041	卖盘
10:28:42	8.29	--	120	99479	卖盘
10:28:36	8.29	-0.01	4	3315	卖盘
10:28:30	8.3	--	14	11620	买盘
10:28:27	8.3	0.01	122	101260	买盘
10:28:15	8.29	-0.01	20	16580	卖盘
10:28:03	8.3	0.01	5	4150	买盘
10:28:00	8.29	-0.01	2	1657	卖盘
10:27:45	8.3	0.01	16	13280	买盘
10:27:42	8.29	--	4	3315	卖盘
10:27:39	8.29	-0.01	3	2486	卖盘
10:27:30	8.3	0.01	149	123670	买盘
10:27:27	8.29	-0.01	100	82899	卖盘
10:27:24	8.3	0.01	2	1660	买盘
10:27:21	8.29	-0.01	120	99479	卖盘
10:27:15	8.3	0.01	150	124500	买盘
10:27:09	8.29	--	51	42278	卖盘
10:27:06	8.29	-0.01	20	16580	卖盘
10:26:57	8.3	0.01	10	8300	买盘
10:26:54	8.29	--	35	29014	卖盘
10:26:51	8.29	-0.01	7	5802	卖盘
10:26:48	8.3	0.01	30	24900	买盘
10:26:42	8.29	-0.01	300	248699	卖盘
10:26:39	8.3	0.01	10	8300	买盘
10:26:36	8.29	-0.01	4	3315	卖盘
10:26:30	8.3	--	65	53950	买盘
10:26:18	8.3	0.01	5	4150	买盘
10:26:15	8.29	-0.01	13	10776	卖盘
10:26:09	8.3	--	10	8300	买盘
10:26:03	8.3	--	5	4150	买盘
10:25:57	8.3	--	5	4150	买盘
10:25:54	8.3	0.01	105	87150	买盘
10:25:51	8.29	-0.01	5	4145	卖盘
10:25:45	8.3	--	8	6640	买盘
10:25:42	8.3	--	3	2490	买盘
10:25:39	8.3	0.01	13	10790	买盘
10:25:33	8.29	-0.01	3	2486	卖盘
10:25:30	8.3	--	3	2490	买盘
10:25:15	8.3	--	13	10790	买盘
10:25:12	8.3	0.01	2	1660	买盘
10:25:09	8.29	-0.01	289	239580	卖盘
10:24:54	8.3	--	5	4150	买盘
10:24:51	8.3	0.01	10	8300	买盘
10:24:45	8.29	-0.01	6	4973	卖盘
10:24:39	8.3	0.01	20	16600	买盘
10:24:36	8.29	-0.01	14	11605	卖盘
10:24:21	8.3	--	5	4150	买盘
10:24:18	8.3	0.01	40	33200	买盘
10:24:12	8.29	--	1	828	卖盘
10:24:09	8.29	-0.01	19	15750	卖盘
10:24:00	8.3	--	2	1660	买盘
10:23:57	8.3	0.01	10	8300	买盘
10:23:48	8.29	-0.01	10	8290	卖盘
10:23:42	8.3	0.01	7	5810	买盘
10:23:39	8.29	--	3	2486	卖盘
10:23:36	8.29	--	6	4973	卖盘
10:23:27	8.29	-0.01	10	8290	卖盘
10:23:24	8.3	0.01	163	135290	买盘
10:23:15	8.29	-0.01	260	215539	卖盘
10:23:09	8.3	--	15	12450	买盘
10:23:06	8.3	--	50	41500	买盘
10:23:00	8.3	0.01	5	4150	买盘
10:22:57	8.29	--	100	82899	卖盘
10:22:54	8.29	-0.01	25	20724	卖盘
10:22:48	8.3	0.01	10	8300	买盘
10:22:42	8.29	--	10	8290	卖盘
10:22:39	8.29	--	41	33989	卖盘
10:22:36	8.29	-0.01	4	3315	卖盘
10:22:33	8.3	--	5	4150	买盘
10:22:24	8.3	--	28	23240	卖盘
10:22:21	8.3	--	50	41500	卖盘
10:22:18	8.3	--	12	9960	卖盘
10:22:12	8.3	--	12	9960	卖盘
10:22:09	8.3	0.01	55	45650	买盘
10:22:06	8.29	-0.01	20	16580	卖盘
10:22:03	8.3	--	51	42330	买盘
10:21:57	8.3	0.01	210	174300	买盘
10:21:54	8.29	--	109	90360	卖盘
10:21:51	8.29	-0.01	100	82899	卖盘
10:21:45	8.3	0.01	350	290500	买盘
10:21:42	8.29	-0.01	10	8290	卖盘
10:21:39	8.3	--	10	8300	买盘
10:21:21	8.3	--	36	29880	买盘
10:21:18	8.3	--	19	15770	买盘
10:21:15	8.3	0.01	60	49800	买盘
10:21:12	8.29	--	130	107769	卖盘
10:21:09	8.29	-0.01	1001	829828	卖盘
10:21:03	8.3	--	5	4150	买盘
10:21:00	8.3	--	24	19920	买盘
10:20:57	8.3	--	1	830	买盘
10:20:54	8.3	--	30	24900	买盘
10:20:51	8.3	--	35	29050	买盘
10:20:48	8.3	--	111	92130	买盘
10:20:45	8.3	0.01	50	41500	买盘
10:20:42	8.29	--	20	16580	卖盘
10:20:39	8.29	--	10	8290	卖盘
10:20:36	8.29	-0.01	4	3315	卖盘
10:20:33	8.3	--	10	8300	买盘
10:20:30	8.3	--	2	1660	买盘
10:20:27	8.3	--	7	5810	买盘
10:20:12	8.3	0.01	8	6640	买盘
10:20:06	8.29	-0.01	71	58858	卖盘
10:19:57	8.3	--	6	4980	买盘
10:19:54	8.3	0.01	13	10790	买盘
10:19:48	8.29	--	34	28185	卖盘
10:19:45	8.29	-0.01	100	82899	卖盘
10:19:42	8.3	0.01	30	24900	买盘
10:19:33	8.29	-0.01	13	10776	卖盘
10:19:30	8.3	--	13	10790	买盘
10:19:24	8.3	--	58	48140	买盘
10:19:21	8.3	0.01	20	16600	买盘
10:19:18	8.29	-0.01	150	124349	卖盘
10:19:15	8.3	0.01	5	4150	买盘
10:19:12	8.29	--	267	221342	卖盘
10:19:09	8.29	-0.01	53	43936	卖盘
10:19:06	8.3	0.01	7	5810	买盘
10:19:00	8.29	--	129	106940	卖盘
10:18:57	8.29	-0.01	18	14921	卖盘
10:18:54	8.3	--	4	3320	买盘
10:18:51	8.3	--	4	3320	买盘
10:18:39	8.3	0.01	284	235720	买盘
10:18:27	8.29	-0.01	80	66320	卖盘
10:18:18	8.3	--	10	8300	买盘
10:18:15	8.3	--	9	7470	买盘
10:18:09	8.3	--	100	83000	买盘
10:18:06	8.3	--	406	336980	买盘
10:18:00	8.3	0.02	217	180110	买盘
10:17:57	8.28	-0.02	1	827	卖盘
10:17:45	8.3	0.01	544	451520	买盘
10:17:42	8.29	--	542	449317	卖盘
10:17:39	8.29	-0.01	83	68807	卖盘
10:17:33	8.3	0.01	257	213310	买盘
10:17:30	8.29	--	6	4973	卖盘
10:17:24	8.29	--	31	25698	卖盘
10:17:21	8.29	--	19	15750	卖盘
10:17:15	8.29	--	7	5802	卖盘
10:17:03	8.29	--	52	43107	卖盘
10:17:00	8.29	--	10	8290	卖盘
10:16:57	8.29	--	12	9947	卖盘
10:16:48	8.29	--	92	76267	买盘
10:16:45	8.29	0.01	5	4145	买盘
10:16:33	8.28	-0.01	105	86940	卖盘
10:16:27	8.29	--	31	25698	买盘
10:16:21	8.29	--	105	87044	买盘
10:16:18	8.29	--	26	21553	买盘
10:16:15	8.29	--	50	41449	买盘
10:16:12	8.29	0.01	145	120204	买盘
10:16:09	8.28	-0.01	6	4968	卖盘
10:16:06	8.29	0.01	3	2486	买盘
10:16:03	8.28	-0.01	14	11592	卖盘
10:16:00	8.29	0.01	10	8290	买盘
10:15:54	8.28	--	20	16560	卖盘
10:15:51	8.28	-0.01	248	205343	卖盘
10:15:48	8.29	--	15	12434	买盘
10:15:42	8.29	0.01	30	24869	买盘
10:15:39	8.28	-0.01	3	2484	卖盘
10:15:36	8.29	--	13	10776	买盘
10:15:33	8.29	0.01	24	19895	买盘
10:15:27	8.28	-0.01	10	8280	卖盘
10:15:24	8.29	--	5	4145	买盘
10:15:09	8.29	--	27	22382	买盘
10:15:06	8.29	--	5	4145	买盘
10:14:57	8.29	--	498	412841	卖盘
10:14:54	8.29	--	29	24040	卖盘
10:14:36	8.29	--	40	33160	卖盘
10:14:30	8.29	-0.01	4	3315	卖盘
10:14:27	8.3	0.01	5	4150	买盘
10:14:15	8.29	--	10	8290	卖盘
10:14:12	8.29	-0.01	1	828	卖盘
10:13:57	8.3	--	21	17430	买盘
10:13:54	8.3	0.01	5	4150	买盘
10:13:39	8.29	--	3	2486	卖盘
10:13:36	8.29	-0.01	11	9118	卖盘
10:13:33	8.3	--	83	68890	卖盘
10:13:30	8.3	--	13	10790	卖盘
10:13:21	8.3	--	1	830	卖盘
10:13:18	8.3	--	414	343620	卖盘
10:13:15	8.3	-0.01	10	8300	卖盘
10:13:09	8.31	0.01	5	4155	买盘
10:13:06	8.3	--	21	17430	卖盘
10:13:00	8.3	-0.01	30	24900	卖盘
10:12:54	8.31	0.01	15	12465	买盘
10:12:48	8.3	--	5	4150	卖盘
10:12:45	8.3	--	4	3320	卖盘
10:12:42	8.3	0.01	50	41500	卖盘
10:12:39	8.29	-0.01	150	124349	卖盘
10:12:36	8.3	--	100	83000	卖盘
10:12:33	8.3	--	225	186750	卖盘
10:12:30	8.3	--	4	3320	卖盘
10:12:27	8.3	0.01	104	86320	买盘
10:12:21	8.29	--	53	43936	卖盘
10:12:18	8.29	--	10	8290	卖盘
10:12:12	8.29	-0.01	43	35646	卖盘
10:12:03	8.3	--	25	20750	买盘
10:12:00	8.3	0.02	5	4150	买盘
10:11:57	8.28	-0.01	15	12419	卖盘
10:11:51	8.29	0.01	4	3315	卖盘
10:11:48	8.28	-0.01	606	502223	卖盘
10:11:45	8.29	0.01	204	169115	买盘
10:11:42	8.28	--	12	9936	卖盘
10:11:33	8.28	-0.01	105	86940	卖盘
10:11:27	8.29	--	121	100308	买盘
10:11:21	8.29	--	6	4973	买盘
10:11:18	8.29	-0.01	1631	1352098	卖盘
10:11:15	8.3	0.01	120	99600	买盘
10:11:09	8.29	--	30	24869	卖盘
10:11:06	8.29	--	10	8290	卖盘
10:11:03	8.29	--	53	43936	卖盘
10:11:00	8.29	--	22	18237	卖盘
10:10:57	8.29	--	23	19066	卖盘
10:10:54	8.29	--	7	5802	买盘
10:10:51	8.29	--	4	3315	买盘
10:10:48	8.29	--	9	7460	卖盘
10:10:45	8.29	--	5	4145	买盘
10:10:42	8.29	-0.01	99	82070	卖盘
10:10:33	8.3	0.02	20	16600	中性盘
10:10:24	8.28	-0.01	416	344448	卖盘
10:10:21	8.29	--	5	4145	卖盘
10:10:18	8.29	0.01	1	828	卖盘
10:10:09	8.28	--	646	534888	卖盘
10:10:06	8.28	-0.03	431	356868	卖盘
10:10:00	8.31	0.02	750	623250	买盘
10:09:57	8.29	--	62	51397	买盘
10:09:54	8.29	--	50	41449	买盘
10:09:42	8.29	--	594	492658	卖盘
10:09:36	8.29	--	60	49739	卖盘
10:09:33	8.29	-0.01	50	41449	卖盘
10:09:30	8.3	0.01	486	403977	买盘
10:09:27	8.29	-0.01	3	2486	卖盘
10:09:24	8.3	--	5	4150	买盘
10:09:18	8.3	--	50	41500	买盘
10:09:12	8.3	--	36	30112	卖盘
10:09:06	8.3	--	55	45650	卖盘
10:09:03	8.3	--	50	41500	卖盘
10:09:00	8.3	--	308	255640	卖盘
10:08:51	8.3	-0.01	13	10790	卖盘
10:08:48	8.31	0.01	5	4155	买盘
10:08:45	8.3	--	60	49800	卖盘
10:08:42	8.3	--	500	415000	卖盘
10:08:36	8.3	--	20	16600	卖盘
10:08:33	8.3	--	21	17430	卖盘
10:08:30	8.3	--	4	3320	卖盘
10:08:27	8.3	--	54	44820	卖盘
10:08:12	8.3	-0.01	115	95450	卖盘
10:08:09	8.31	0.01	5	4155	买盘
10:08:06	8.3	--	11	9130	卖盘
10:08:03	8.3	-0.01	24	19920	卖盘
10:08:00	8.31	0.01	30	24930	买盘
10:07:57	8.3	--	24	19920	卖盘
10:07:51	8.3	-0.01	20	16600	卖盘
10:07:48	8.31	0.01	25	20775	买盘
10:07:45	8.3	--	26	21580	卖盘
10:07:42	8.3	--	3	2490	卖盘
10:07:24	8.3	-0.01	6	4980	卖盘
10:07:09	8.31	--	102	85160	卖盘
10:07:03	8.31	-0.01	1	831	卖盘
10:06:51	8.32	0.01	19	15808	买盘
10:06:48	8.31	-0.01	59	49029	卖盘
10:06:45	8.32	--	5	4160	买盘
10:06:42	8.32	0.01	9	7488	买盘
10:06:36	8.31	--	47	39057	卖盘
10:06:33	8.31	--	4	3324	卖盘
10:06:27	8.31	--	15	12465	卖盘
10:06:24	8.31	--	2	1662	卖盘
10:06:21	8.31	--	127	105537	卖盘
10:06:18	8.31	--	2	1662	卖盘
10:06:15	8.31	0.01	316	263028	买盘
10:06:12	8.3	-0.01	15	12450	卖盘
10:06:09	8.31	0.01	10	8310	买盘
10:06:06	8.3	--	3	2490	卖盘
10:06:03	8.3	-0.01	15	12450	卖盘
10:05:57	8.31	0.01	35	29085	买盘
10:05:51	8.3	--	50	41500	卖盘
10:05:48	8.3	-0.01	149	123670	卖盘
10:05:39	8.31	0.01	5	4155	买盘
10:05:33	8.3	-0.01	31	25730	卖盘
10:05:09	8.31	--	14	11634	买盘
10:05:06	8.31	--	13	10803	卖盘
10:05:03	8.31	--	50	41550	卖盘
10:05:00	8.31	--	5	4155	卖盘
10:04:57	8.31	-0.01	92	76452	卖盘
10:04:54	8.32	--	60	49920	买盘
10:04:51	8.32	0.01	11	9152	买盘
10:04:45	8.31	--	123	102213	卖盘
10:04:42	8.31	--	54	44874	卖盘
10:04:36	8.31	--	4	3324	卖盘
10:04:33	8.31	-0.01	14	11634	卖盘
10:04:24	8.32	0.01	17	14144	买盘
10:04:21	8.31	-0.01	130	108030	卖盘
10:04:15	8.32	0.01	9	7488	买盘
10:04:12	8.31	--	95	78945	卖盘
10:04:09	8.31	--	10	8310	卖盘
10:04:06	8.31	-0.01	17	14127	卖盘
10:03:51	8.32	0.01	25	20800	买盘
10:03:48	8.31	--	6	4986	卖盘
10:03:45	8.31	--	50	41550	卖盘
10:03:42	8.31	--	28	23268	买盘
10:03:39	8.31	--	40	33240	买盘
10:03:33	8.31	0.01	63	52353	买盘
10:03:27	8.3	--	30	24900	卖盘
10:03:24	8.3	-0.01	4	3320	卖盘
10:03:09	8.31	--	4	3324	买盘
10:03:03	8.31	--	27	22437	卖盘
10:02:51	8.31	-0.01	48	39888	卖盘
10:02:48	8.32	0.02	5	4160	买盘
10:02:39	8.3	--	2	1660	卖盘
10:02:36	8.3	-0.01	9	7470	卖盘
10:02:33	8.31	0.01	4	3324	卖盘
10:02:30	8.3	-0.01	50	41500	卖盘
10:02:24	8.31	--	44	37162	买盘
10:02:12	8.31	--	12	9972	买盘
10:02:06	8.31	--	30	24930	买盘
10:02:03	8.31	0.01	125	103875	买盘
10:01:54	8.3	-0.01	32	26560	卖盘
10:01:51	8.31	--	50	41550	买盘
10:01:42	8.31	0.01	40	33240	买盘
10:01:36	8.3	-0.01	8	6640	卖盘
10:01:33	8.31	0.01	50	41550	买盘
10:01:30	8.3	--	43	35690	买盘
10:01:27	8.3	--	6	4980	买盘
10:01:24	8.3	--	15	12450	卖盘
10:01:21	8.3	--	26	21580	卖盘
10:01:18	8.3	-0.01	1	830	卖盘
10:01:15	8.31	0.01	20	16620	买盘
10:01:09	8.3	-0.01	85	70550	卖盘
10:01:06	8.31	0.01	50	41550	买盘
10:01:00	8.3	--	3	2490	卖盘
10:00:57	8.3	--	150	124500	卖盘
10:00:54	8.3	--	18	14940	卖盘
10:00:51	8.3	0.01	463	384937	买盘
10:00:42	8.29	--	6	4973	卖盘
10:00:30	8.29	-0.01	3	2486	卖盘
10:00:24	8.3	--	8	6640	买盘
10:00:15	8.3	--	5	4150	买盘
10:00:12	8.3	0.01	30	24900	买盘
10:00:09	8.29	-0.01	10	8290	卖盘
09:59:51	8.3	--	40	33200	买盘
09:59:48	8.3	0.01	8	6640	买盘
09:59:45	8.29	-0.01	2	1657	卖盘
09:59:42	8.3	0.01	10	8300	买盘
09:59:39	8.29	-0.02	43	35646	卖盘
09:59:36	8.31	0.01	400	332400	买盘
09:59:33	8.3	--	22	18442	卖盘
09:59:30	8.3	--	105	87150	卖盘
09:59:27	8.3	--	200	166000	卖盘
09:59:24	8.3	--	20	16600	卖盘
09:59:21	8.3	-0.01	5	4150	卖盘
09:59:18	8.31	--	11	9141	买盘
09:59:15	8.31	0.01	51	42381	买盘
09:59:12	8.3	--	217	180110	卖盘
09:59:00	8.3	-0.01	601	498830	卖盘
09:58:45	8.31	--	55	45705	买盘
09:58:42	8.31	0.01	1	831	买盘
09:58:39	8.3	-0.01	100	83000	卖盘
09:58:36	8.31	0.01	72	59832	买盘
09:58:27	8.3	--	23	19090	卖盘
09:58:24	8.3	-0.01	5	4150	卖盘
09:58:21	8.31	--	100	83100	买盘
09:58:18	8.31	0.01	11	9141	买盘
09:58:15	8.3	-0.01	168	139440	卖盘
09:58:12	8.31	--	2	1662	买盘
09:58:06	8.31	--	100	83100	买盘
09:58:03	8.31	--	28	23268	买盘
09:57:57	8.31	--	10	8310	买盘
09:57:54	8.31	0.01	20	16620	中性盘
09:57:51	8.3	-0.01	50	41500	卖盘
09:57:48	8.31	--	18	14958	卖盘
09:57:45	8.31	--	17	14127	买盘
09:57:42	8.31	--	9	7479	卖盘
09:57:39	8.31	0.01	11	9141	买盘
09:57:36	8.3	-0.01	14	11620	卖盘
09:57:18	8.31	--	13	10803	买盘
09:57:12	8.31	--	10	8310	买盘
09:57:09	8.31	--	16	13296	卖盘
09:57:06	8.31	-0.01	10	8310	卖盘
09:57:03	8.32	0.01	500	416000	买盘
09:57:00	8.31	--	12	9972	卖盘
09:56:57	8.31	-0.01	110	91410	卖盘
09:56:45	8.32	0.01	5	4160	买盘
09:56:39	8.31	--	3	2493	卖盘
09:56:33	8.31	--	2	1662	卖盘
09:56:18	8.31	--	1	831	卖盘
09:56:12	8.31	0.01	2	1662	卖盘
09:55:57	8.3	-0.01	4	3320	卖盘
09:55:54	8.31	--	27	22453	买盘
09:55:51	8.31	0.01	15	12465	买盘
09:55:48	8.3	--	19	16126	卖盘
09:55:39	8.3	-0.01	110	91300	卖盘
09:55:36	8.31	0.01	9	7479	买盘
09:55:30	8.3	--	15	12450	卖盘
09:55:27	8.3	-0.01	4	3320	卖盘
09:55:06	8.31	-0.01	66	55660	卖盘
09:55:00	8.32	0.01	31	25792	买盘
09:54:57	8.31	--	50	41550	卖盘
09:54:54	8.31	--	1	847	卖盘
09:54:45	8.31	--	32	26592	买盘
09:54:42	8.31	--	69	57339	买盘
09:54:39	8.31	--	18	14958	买盘
09:54:33	8.31	--	5	4155	买盘
09:54:30	8.31	--	26	21606	买盘
09:54:21	8.31	0.01	60	49860	买盘
09:54:15	8.3	--	514	426620	卖盘
09:54:12	8.3	--	50	41500	卖盘
09:54:06	8.3	--	50	41500	卖盘
09:54:00	8.3	-0.01	54	44820	卖盘
09:53:51	8.31	--	8	6648	买盘
09:53:45	8.31	0.01	10	8310	卖盘
09:53:39	8.3	-0.03	281	233230	卖盘
09:53:36	8.33	0.01	7	5831	买盘
09:53:30	8.32	0.01	21	17472	买盘
09:53:27	8.31	-0.01	493	409683	卖盘
09:53:21	8.32	--	6	4992	卖盘
09:53:09	8.32	--	3	2496	买盘
09:53:06	8.32	--	18	14976	卖盘
09:53:00	8.32	--	134	111488	买盘
09:52:57	8.32	0.01	10	8320	买盘
09:52:51	8.31	-0.01	5	4155	卖盘
09:52:45	8.32	--	11	9152	买盘
09:52:39	8.32	--	13	10816	买盘
09:52:36	8.32	--	203	168896	买盘
09:52:33	8.32	-0.01	185	153920	卖盘
09:52:30	8.33	--	3	2499	买盘
09:52:15	8.33	--	6	4998	买盘
09:52:12	8.33	--	10	8330	买盘
09:52:09	8.33	--	20	16660	买盘
09:51:57	8.33	--	335	279055	卖盘
09:51:54	8.33	-0.01	20	16660	卖盘
09:51:51	8.34	--	131	109254	买盘
09:51:48	8.34	--	35	29190	买盘
09:51:42	8.34	0.01	22	18348	买盘
09:51:39	8.33	--	153	127449	卖盘
09:51:36	8.33	--	18	14994	卖盘
09:51:27	8.33	-0.01	10	8330	卖盘
09:51:21	8.34	0.01	27	22518	买盘
09:51:03	8.33	--	20	16660	卖盘
09:51:00	8.33	--	126	104958	卖盘
09:50:51	8.33	-0.01	70	58310	卖盘
09:50:42	8.34	0.01	5	4170	买盘
09:50:36	8.33	-0.01	434	361522	卖盘
09:50:33	8.34	--	85	70890	买盘
09:50:30	8.34	0.01	10	8340	买盘
09:50:27	8.33	-0.01	45	37485	卖盘
09:50:24	8.34	0.01	20	16680	买盘
09:50:21	8.33	--	500	416500	卖盘
09:50:15	8.33	-0.01	6	4998	卖盘
09:50:12	8.34	--	20	16680	买盘
09:50:09	8.34	0.01	24	20016	买盘
09:50:06	8.33	--	98	81634	卖盘
09:49:57	8.33	--	15	12495	卖盘
09:49:54	8.33	--	2	1666	卖盘
09:49:51	8.33	0.01	859	715547	买盘
09:49:45	8.32	--	10	8320	买盘
09:49:42	8.32	--	5	4160	中性盘
09:49:33	8.32	-0.01	38	31616	卖盘
09:49:30	8.33	0.01	1	833	买盘
09:49:27	8.32	--	20	16640	卖盘
09:49:21	8.32	--	5	4160	卖盘
09:49:18	8.32	--	30	24960	卖盘
09:49:12	8.32	--	63	52416	卖盘
09:49:03	8.32	--	2	1664	卖盘
09:48:54	8.32	--	40	33280	卖盘
09:48:51	8.32	--	35	29120	买盘
09:48:45	8.32	0.01	196	163072	买盘
09:48:42	8.31	0.01	6	4986	中性盘
09:48:36	8.3	-0.02	54	44820	卖盘
09:48:30	8.32	--	21	17472	买盘
09:48:27	8.32	0.01	54	44928	买盘
09:48:24	8.31	--	5	4155	卖盘
09:48:12	8.31	-0.01	6	4986	卖盘
09:48:06	8.32	--	30	24960	买盘
09:48:03	8.32	0.01	100	83200	买盘
09:47:57	8.31	--	17	14127	卖盘
09:47:54	8.31	--	62	51522	卖盘
09:47:48	8.31	--	130	108030	卖盘
09:47:45	8.31	--	20	16620	卖盘
09:47:42	8.31	--	153	127143	买盘
09:47:39	8.31	--	22	18282	买盘
09:47:36	8.31	0.01	56	46536	买盘
09:47:33	8.3	--	2	1660	卖盘
09:47:30	8.3	-0.01	50	41500	卖盘
09:47:24	8.31	0.01	3	2493	中性盘
09:47:21	8.3	-0.01	295	244850	卖盘
09:47:18	8.31	--	12	9972	卖盘
09:47:15	8.31	--	50	41550	卖盘
09:47:12	8.31	--	20	16620	卖盘
09:47:09	8.31	--	10	8310	卖盘
09:47:06	8.31	-0.01	187	155397	卖盘
09:47:03	8.32	0.01	4	3328	买盘
09:47:00	8.31	--	200	166200	卖盘
09:46:54	8.31	--	123	102213	卖盘
09:46:48	8.31	--	50	41550	卖盘
09:46:45	8.31	-0.01	113	93903	卖盘
09:46:42	8.32	--	254	211527	买盘
09:46:39	8.32	--	7	5824	买盘
09:46:33	8.32	--	30	24960	买盘
09:46:30	8.32	--	1	832	买盘
09:46:27	8.32	0.01	43	35776	买盘
09:46:24	8.31	-0.01	27	22437	卖盘
09:46:21	8.32	--	34	28288	买盘
09:46:15	8.32	--	30	24960	买盘
09:46:12	8.32	--	120	99840	买盘
09:46:09	8.32	--	103	85696	买盘
09:46:06	8.32	--	375	312000	买盘
09:46:03	8.32	--	143	118976	买盘
09:46:00	8.32	--	23	19136	买盘
09:45:57	8.32	--	18	14976	买盘
09:45:54	8.32	--	8	6656	买盘
09:45:45	8.32	--	28	23296	买盘
09:45:39	8.32	--	115	95680	卖盘
09:45:27	8.32	0.01	20	16640	中性盘
09:45:12	8.31	-0.01	70	58170	卖盘
09:45:09	8.32	--	73	60736	买盘
09:45:03	8.32	--	2	1664	买盘
09:45:00	8.32	--	1	832	买盘
09:44:57	8.32	0.01	1	832	买盘
09:44:54	8.31	-0.01	10	8310	卖盘
09:44:51	8.32	0.01	35	29120	买盘
09:44:48	8.31	--	27	22437	卖盘
09:44:45	8.31	--	38	31578	卖盘
09:44:42	8.31	--	21	17451	卖盘
09:44:39	8.31	--	55	45705	卖盘
09:44:36	8.31	-0.01	15	12465	卖盘
09:44:33	8.32	0.01	7	5824	买盘
09:44:30	8.31	-0.01	30	24930	卖盘
09:44:27	8.32	0.01	84	69888	买盘
09:44:24	8.31	--	50	41550	卖盘
09:44:21	8.31	--	10	8310	卖盘
09:44:15	8.31	-0.01	15	12465	卖盘
09:44:09	8.32	0.01	10	8320	买盘
09:44:03	8.31	--	21	17451	卖盘
09:44:00	8.31	--	42	34902	卖盘
09:43:57	8.31	--	2	1662	卖盘
09:43:51	8.31	-0.01	10	8310	卖盘
09:43:45	8.32	0.02	425	353674	买盘
09:43:42	8.3	-0.01	48	39840	卖盘
09:43:39	8.31	--	5	4155	买盘
09:43:36	8.31	--	78	64818	买盘
09:43:30	8.31	0.01	113	93903	买盘
09:43:27	8.3	-0.01	80	66400	卖盘
09:43:24	8.31	--	4	3324	买盘
09:43:15	8.31	-0.01	397	330663	卖盘
09:43:12	8.32	0.01	27	22464	买盘
09:43:09	8.31	--	3	2493	卖盘
09:43:06	8.31	--	13	10803	卖盘
09:43:03	8.31	--	42	34902	卖盘
09:43:00	8.31	-0.01	167	138777	卖盘
09:42:57	8.32	--	47	39104	买盘
09:42:54	8.32	--	50	41600	买盘
09:42:51	8.32	--	41	34112	买盘
09:42:48	8.32	--	15	12480	买盘
09:42:45	8.32	--	6	4992	买盘
09:42:42	8.32	--	15	12480	买盘
09:42:39	8.32	--	100	83200	买盘
09:42:30	8.32	--	74	61568	卖盘
09:42:27	8.32	--	107	89024	卖盘
09:42:24	8.32	--	100	83200	卖盘
09:42:15	8.32	--	20	16640	卖盘
09:42:12	8.32	--	48	39936	卖盘
09:42:09	8.32	0.01	189	157248	买盘
09:42:06	8.31	-0.01	50	41550	卖盘
09:42:03	8.32	0.01	1	832	买盘
09:41:57	8.31	-0.01	105	87255	卖盘
09:41:54	8.32	--	20	16640	买盘
09:41:51	8.32	--	5	4160	买盘
09:41:45	8.32	0.01	35	29120	买盘
09:41:39	8.31	--	6	4986	卖盘
09:41:36	8.31	-0.01	10	8310	卖盘
09:41:33	8.32	0.01	14	11648	买盘
09:41:24	8.31	0.01	188	156302	买盘
09:41:21	8.3	-0.01	113	93790	卖盘
09:41:18	8.31	--	31	25761	买盘
09:41:15	8.31	--	103	85593	买盘
09:41:12	8.31	0.01	96	79776	买盘
09:41:03	8.3	--	4	3320	卖盘
09:40:51	8.3	0.01	144	119520	买盘
09:40:48	8.29	-0.01	25	20724	卖盘
09:40:45	8.3	--	168	139440	买盘
09:40:42	8.3	--	81	67230	买盘
09:40:39	8.3	--	11	9130	买盘
09:40:36	8.3	--	12	9960	买盘
09:40:33	8.3	--	110	91300	买盘
09:40:30	8.3	--	6	4980	买盘
09:40:27	8.3	--	6	4980	买盘
09:40:24	8.3	--	5	4150	买盘
09:40:21	8.3	--	93	77190	买盘
09:40:18	8.3	--	42	34860	买盘
09:40:12	8.3	--	136	112880	买盘
09:40:09	8.3	--	50	41500	买盘
09:40:06	8.3	--	73	60590	买盘
09:40:03	8.3	--	60	49800	买盘
09:40:00	8.3	--	20	16600	买盘
09:39:57	8.3	0.01	204	169320	买盘
09:39:54	8.29	--	129	106940	卖盘
09:39:51	8.29	-0.01	10	8290	卖盘
09:39:45	8.3	--	53	43990	买盘
09:39:42	8.3	--	24	19920	买盘
09:39:39	8.3	--	20	16600	买盘
09:39:36	8.3	--	20	16600	买盘
09:39:33	8.3	--	40	33200	买盘
09:39:27	8.3	--	75	62250	买盘
09:39:21	8.3	--	37	30710	买盘
09:39:15	8.3	--	7	5810	买盘
09:39:12	8.3	--	3	2490	买盘
09:39:09	8.3	0.01	10	8300	买盘
09:39:06	8.29	-0.01	112	92847	卖盘
09:39:03	8.3	0.01	1	830	买盘
09:39:00	8.29	--	8	6631	卖盘
09:38:54	8.29	--	52	43107	卖盘
09:38:48	8.29	-0.01	90	74609	卖盘
09:38:45	8.3	-0.01	15	12450	中性盘
09:38:33	8.31	0.02	50	41550	买盘
09:38:30	8.29	--	3	2486	卖盘
09:38:27	8.29	--	10	8290	卖盘
09:38:24	8.29	0.01	24	19895	中性盘
09:38:21	8.28	-0.03	45	37260	卖盘
09:38:18	8.31	0.01	135	112185	买盘
09:38:15	8.3	0.02	100	83000	买盘
09:38:12	8.28	--	684	566352	卖盘
09:38:09	8.28	--	5	4140	卖盘
09:38:03	8.28	-0.01	18	14903	卖盘
09:37:57	8.29	--	10	8290	买盘
09:37:54	8.29	0.02	57	47252	买盘
09:37:51	8.27	-0.02	50	41350	卖盘
09:37:48	8.29	0.01	50	41449	买盘
09:37:45	8.28	-0.01	190	157320	卖盘
09:37:42	8.29	0.01	50	41449	买盘
09:37:39	8.28	--	2	1655	卖盘
09:37:36	8.28	--	42	34776	买盘
09:37:33	8.28	--	205	169740	买盘
09:37:30	8.28	0.01	150	124199	买盘
09:37:27	8.27	--	50	41350	卖盘
09:37:24	8.27	--	310	256370	卖盘
09:37:21	8.27	-0.01	4	3308	卖盘
09:37:15	8.28	0.01	28	23184	买盘
09:37:12	8.27	-0.01	120	99240	卖盘
09:37:09	8.28	0.01	47	38916	买盘
09:37:06	8.27	--	4	3308	卖盘
09:37:03	8.27	--	140	115780	买盘
09:37:00	8.27	--	55	45485	买盘
09:36:57	8.27	-0.01	93	76911	买盘
09:36:54	8.28	--	418	346104	买盘
09:36:51	8.28	0.01	119	98531	买盘
09:36:48	8.27	-0.01	41	33907	卖盘
09:36:45	8.28	--	194	160632	买盘
09:36:42	8.28	--	5	4140	买盘
09:36:39	8.28	--	96	79488	买盘
09:36:36	8.28	--	1080	894239	买盘
09:36:33	8.28	--	48	39744	买盘
09:36:30	8.28	--	16	13247	买盘
09:36:27	8.28	--	5	4140	买盘
09:36:24	8.28	--	30	24839	买盘
09:36:21	8.28	--	48	39744	卖盘
09:36:18	8.28	--	9	7451	卖盘
09:36:15	8.28	--	36	29807	卖盘
09:36:12	8.28	-0.01	42	34776	卖盘
09:36:09	8.29	0.01	10	8290	买盘
09:36:06	8.28	--	17	14075	买盘
09:36:03	8.28	--	36	29807	卖盘
09:35:57	8.28	--	56	46368	卖盘
09:35:54	8.28	--	473	391643	卖盘
09:35:48	8.28	-0.01	52	43056	卖盘
09:35:45	8.29	--	83	68807	买盘
09:35:39	8.29	--	15	12434	买盘
09:35:36	8.29	--	61	50568	买盘
09:35:33	8.29	--	5	4145	买盘
09:35:30	8.29	-0.01	11	9118	卖盘
09:35:27	8.3	0.01	20	16600	买盘
09:35:24	8.29	-0.01	9	7460	卖盘
09:35:21	8.3	0.02	3	2490	买盘
09:35:18	8.28	-0.02	70	57959	卖盘
09:35:15	8.3	--	1593	1322190	卖盘
09:35:12	8.3	-0.01	291	241530	卖盘
09:35:09	8.31	0.01	10	8310	买盘
09:35:06	8.3	--	61	50630	卖盘
09:35:03	8.3	--	15	12450	卖盘
09:35:00	8.3	-0.01	27	22410	卖盘
09:34:57	8.31	0.01	30	24930	买盘
09:34:54	8.3	--	166	137780	卖盘
09:34:51	8.3	-0.01	30	24900	卖盘
09:34:48	8.31	0.01	172	142932	买盘
09:34:45	8.3	-0.01	85	70550	卖盘
09:34:42	8.31	--	131	108861	买盘
09:34:39	8.31	0.01	63	52353	买盘
09:34:36	8.3	-0.01	1437	1192710	卖盘
09:34:33	8.31	--	50	41550	买盘
09:34:30	8.31	--	6	4986	买盘
09:34:27	8.31	0.01	259	215229	买盘
09:34:24	8.3	-0.01	82	68060	卖盘
09:34:21	8.31	--	98	81438	买盘
09:34:18	8.31	--	67	55677	买盘
09:34:15	8.31	0.01	47	39057	买盘
09:34:12	8.3	-0.01	268	222440	卖盘
09:34:09	8.31	0.01	13	10803	买盘
09:34:06	8.3	--	7	5810	卖盘
09:34:00	8.3	-0.01	270	224100	卖盘
09:33:57	8.31	--	50	41550	买盘
09:33:54	8.31	--	10	8310	买盘
09:33:51	8.31	--	80	66480	买盘
09:33:45	8.31	--	26	21606	买盘
09:33:42	8.31	--	10	8310	买盘
09:33:36	8.31	-0.02	1517	1260627	卖盘
09:33:30	8.33	0.02	126	104958	买盘
09:33:27	8.31	-0.01	100	83100	卖盘
09:33:24	8.32	0.01	65	54080	买盘
09:33:21	8.31	--	218	181158	卖盘
09:33:18	8.31	-0.01	176	146256	卖盘
09:33:12	8.32	--	29	24128	买盘
09:33:09	8.32	--	7	5824	买盘
09:33:06	8.32	--	10	8320	买盘
09:33:03	8.32	--	57	47424	买盘
09:32:57	8.32	0.01	13	10816	买盘
09:32:54	8.31	--	94	78114	卖盘
09:32:51	8.31	-0.01	97	80607	卖盘
09:32:42	8.32	--	5	4160	买盘
09:32:39	8.32	-0.01	5	4160	中性盘
09:32:33	8.33	0.02	25	20825	买盘
09:32:30	8.31	-0.02	10	8310	卖盘
09:32:27	8.33	--	14	11662	买盘
09:32:18	8.33	0.02	4	3332	买盘
09:32:09	8.31	-0.02	10	8310	卖盘
09:32:03	8.33	0.02	50	41650	买盘
09:32:00	8.31	--	400	332400	买盘
09:31:57	8.31	--	102	84762	买盘
09:31:54	8.31	--	50	41550	买盘
09:31:51	8.31	--	918	762858	买盘
09:31:48	8.31	--	96	79776	买盘
09:31:45	8.31	--	179	148749	买盘
09:31:42	8.31	0.01	90	74790	买盘
09:31:39	8.3	-0.01	100	83000	卖盘
09:31:36	8.31	0.01	20	16620	买盘
09:31:33	8.3	--	16	13280	卖盘
09:31:30	8.3	-0.01	2	1660	卖盘
09:31:27	8.31	0.01	25	20775	买盘
09:31:21	8.3	-0.01	3	2490	卖盘
09:31:18	8.31	0.01	46	38226	买盘
09:31:15	8.3	-0.01	20	16600	卖盘
09:31:12	8.31	0.01	20	16620	买盘
09:31:03	8.3	--	10	8300	卖盘
09:30:54	8.3	--	10	8300	卖盘
09:30:48	8.3	--	55	45650	卖盘
09:30:45	8.3	--	75	62250	卖盘
09:30:36	8.3	--	36	29880	卖盘
09:30:30	8.3	-0.01	68	56440	卖盘
09:30:27	8.31	--	497	413007	卖盘
09:30:18	8.31	-0.01	1106	919086	卖盘
09:30:12	8.32	--	20	16640	买盘
09:30:09	8.32	--	107	89024	买盘
09:30:06	8.32	-0.01	264	219648	卖盘
09:30:03	8.33	--	0	0	中性盘
09:25:03	8.33	8.33	351	292383	买盘
