成交时间	成交价	价格变动	成交量(手)	成交额(元)	性质
15:00:03	9.68	0.01	2118	2050224	买盘
14:57:03	9.67	-0.01	2	1934	卖盘
14:57:00	9.68	0.01	10	9680	买盘
14:56:57	9.67	--	89	86063	买盘
14:56:54	9.67	--	30	29010	买盘
14:56:48	9.67	0.01	12	11604	买盘
14:56:42	9.66	-0.01	20	19320	卖盘
14:56:39	9.67	-0.01	77	74459	中性盘
14:56:36	9.68	0.02	20	19360	买盘
14:56:33	9.66	-0.01	54	52164	卖盘
14:56:30	9.67	-0.01	116	112172	卖盘
14:56:27	9.68	0.01	43	41624	买盘
14:56:24	9.67	-0.01	149	144083	卖盘
14:56:21	9.68	--	27	26136	买盘
14:56:18	9.68	0.01	58	56144	买盘
14:56:15	9.67	--	6	5802	卖盘
14:56:12	9.67	--	5	4835	卖盘
14:56:09	9.67	-0.01	6	5802	卖盘
14:56:06	9.68	--	47	45496	买盘
14:56:03	9.68	0.01	64	61952	买盘
14:56:00	9.67	--	1	967	卖盘
14:55:57	9.67	--	46	44482	卖盘
14:55:54	9.67	-0.01	6	5802	卖盘
14:55:51	9.68	0.01	38	36784	买盘
14:55:48	9.67	-0.01	175	169225	卖盘
14:55:45	9.68	--	10	9680	买盘
14:55:42	9.68	0.01	16	15488	买盘
14:55:39	9.67	--	39	37713	卖盘
14:55:33	9.67	--	15	14505	卖盘
14:55:30	9.67	-0.01	6	5802	卖盘
14:55:27	9.68	0.01	426	412368	买盘
14:55:21	9.67	-0.01	130	125710	卖盘
14:55:18	9.68	--	16	15488	买盘
14:55:15	9.68	0.01	34	32912	买盘
14:55:12	9.67	0.01	26	25142	买盘
14:55:09	9.66	--	30	28980	卖盘
14:55:06	9.66	-0.02	10	9660	卖盘
14:55:03	9.68	0.01	241	233288	买盘
14:54:57	9.67	--	100	96700	买盘
14:54:54	9.67	--	101	97667	买盘
14:54:51	9.67	0.01	32	30944	买盘
14:54:48	9.66	--	7	6762	卖盘
14:54:45	9.66	--	73	70518	卖盘
14:54:42	9.66	--	11	10626	卖盘
14:54:39	9.66	-0.01	31	29946	卖盘
14:54:33	9.67	0.01	42	40614	买盘
14:54:30	9.66	--	41	39606	卖盘
14:54:27	9.66	-0.01	57	55062	卖盘
14:54:24	9.67	--	3	2901	买盘
14:54:18	9.67	--	22	21274	买盘
14:54:15	9.67	--	30	29010	买盘
14:54:12	9.67	--	35	33845	卖盘
14:54:09	9.67	-0.01	12	11604	卖盘
14:54:06	9.68	--	20	19360	买盘
14:54:03	9.68	0.01	1	968	买盘
14:54:00	9.67	-0.01	26	25142	卖盘
14:53:57	9.68	0.01	56	54208	买盘
14:53:54	9.67	--	58	56086	卖盘
14:53:51	9.67	-0.01	17	16439	卖盘
14:53:48	9.68	0.01	11	10648	买盘
14:53:45	9.67	--	30	29010	卖盘
14:53:42	9.67	-0.01	7	6769	卖盘
14:53:39	9.68	--	26	25168	卖盘
14:53:36	9.68	--	28	27104	卖盘
14:53:33	9.68	--	13	12584	卖盘
14:53:30	9.68	--	69	66792	卖盘
14:53:27	9.68	--	6	5808	卖盘
14:53:24	9.68	0.01	6	5808	中性盘
14:53:18	9.67	-0.03	17	16439	卖盘
14:53:12	9.7	0.03	50	48500	买盘
14:53:09	9.67	--	11	10637	卖盘
14:53:06	9.67	-0.03	43	41581	卖盘
14:53:03	9.7	--	99	96815	卖盘
14:53:00	9.7	--	20	19400	卖盘
14:52:57	9.7	--	520	504399	卖盘
14:52:54	9.7	--	41	39770	卖盘
14:52:51	9.7	--	6	5820	卖盘
14:52:48	9.7	--	87	84390	卖盘
14:52:42	9.7	--	22	21340	卖盘
14:52:36	9.7	--	22	21340	卖盘
14:52:33	9.7	--	11	10670	卖盘
14:52:30	9.7	--	6	5820	卖盘
14:52:27	9.7	--	45	43650	卖盘
14:52:24	9.7	0.02	1224	1187464	买盘
14:52:21	9.68	0.01	21	20328	买盘
14:52:18	9.67	--	5	4835	卖盘
14:52:09	9.67	--	43	41581	卖盘
14:52:06	9.67	--	11	10637	卖盘
14:52:03	9.67	--	26	25142	卖盘
14:52:00	9.67	0.01	332	321044	买盘
14:51:57	9.66	--	69	66654	买盘
14:51:54	9.66	0.03	1367	1320522	买盘
14:51:51	9.63	--	34	32742	卖盘
14:51:48	9.63	--	11	10593	卖盘
14:51:45	9.63	--	6	5778	卖盘
14:51:42	9.63	--	37	35631	卖盘
14:51:39	9.63	--	26	25038	卖盘
14:51:33	9.63	--	44	42372	卖盘
14:51:30	9.63	-0.01	433	416979	卖盘
14:51:27	9.64	--	10	9640	中性盘
14:51:24	9.64	0.01	74	71336	中性盘
14:51:21	9.63	-0.02	8	7704	卖盘
14:51:18	9.65	0.01	17	16405	买盘
14:51:15	9.64	0.01	99	95436	卖盘
14:51:12	9.63	--	510	491130	卖盘
14:51:09	9.63	-0.02	40	38520	卖盘
14:51:06	9.65	0.01	520	502021	买盘
14:51:03	9.64	--	75	72300	买盘
14:51:00	9.64	0.01	82	79048	买盘
14:50:57	9.63	--	104	100152	卖盘
14:50:54	9.63	-0.01	68	65484	卖盘
14:50:51	9.64	0.01	583	562012	买盘
14:50:48	9.63	-0.01	188	181044	卖盘
14:50:45	9.64	0.01	1	964	买盘
14:50:42	9.63	--	110	105930	卖盘
14:50:39	9.63	-0.01	33	31779	卖盘
14:50:36	9.64	--	95	91580	买盘
14:50:33	9.64	--	26	25064	买盘
14:50:30	9.64	--	105	101962	卖盘
14:50:27	9.64	0.01	218	210373	买盘
14:50:24	9.63	--	279	268677	卖盘
14:50:21	9.63	-0.01	610	587430	卖盘
14:50:18	9.64	--	17	16388	买盘
14:50:15	9.64	0.01	10	9640	买盘
14:50:12	9.63	--	41	39483	卖盘
14:50:09	9.63	--	11	10593	卖盘
14:50:06	9.63	-0.01	11	10593	卖盘
14:50:03	9.64	0.01	35	33740	买盘
14:50:00	9.63	--	23	22149	卖盘
14:49:57	9.63	--	18	17334	卖盘
14:49:54	9.63	--	106	102078	卖盘
14:49:51	9.63	--	106	102078	卖盘
14:49:42	9.63	-0.01	10	9630	卖盘
14:49:39	9.64	--	18	17352	买盘
14:49:36	9.64	--	14	13496	买盘
14:49:33	9.64	0.01	4	3856	买盘
14:49:30	9.63	--	17	16371	卖盘
14:49:27	9.63	--	42	40446	卖盘
14:49:24	9.63	-0.01	36	34668	卖盘
14:49:21	9.64	--	22	21208	买盘
14:49:18	9.64	0.01	2	1928	买盘
14:49:15	9.63	--	260	250380	卖盘
14:49:12	9.63	--	45	43335	卖盘
14:49:09	9.63	-0.01	23	22149	卖盘
14:49:06	9.64	0.01	27	26028	买盘
14:49:03	9.63	--	32	30816	卖盘
14:49:00	9.63	--	278	267714	买盘
14:48:57	9.63	-0.01	2232	2149416	卖盘
14:48:54	9.64	--	3	2892	买盘
14:48:51	9.64	--	16	15424	买盘
14:48:48	9.64	0.01	10	9640	买盘
14:48:45	9.63	-0.01	27	26001	卖盘
14:48:42	9.64	--	11	10604	买盘
14:48:39	9.64	--	22	21208	买盘
14:48:36	9.64	--	2617	2522788	卖盘
14:48:33	9.64	--	66	63624	卖盘
14:48:30	9.64	--	62	59768	卖盘
14:48:27	9.64	-0.01	102	98328	卖盘
14:48:24	9.65	0.01	50	48250	买盘
14:48:21	9.64	--	6	5784	卖盘
14:48:18	9.64	--	18	17352	卖盘
14:48:15	9.64	-0.01	3	2892	卖盘
14:48:09	9.65	--	15	14475	买盘
14:48:06	9.65	0.01	2	1930	买盘
14:48:03	9.64	--	26	25064	卖盘
14:48:00	9.64	--	5	4820	卖盘
14:47:57	9.64	-0.01	6	5784	卖盘
14:47:54	9.65	0.01	15	14475	买盘
14:47:51	9.64	--	10	9640	卖盘
14:47:48	9.64	--	63	60732	卖盘
14:47:45	9.64	-0.01	8	7712	卖盘
14:47:42	9.65	--	10	9650	买盘
14:47:39	9.65	--	9	8685	买盘
14:47:36	9.65	0.01	81	78165	买盘
14:47:33	9.64	--	5	4820	卖盘
14:47:30	9.64	-0.01	12	11568	卖盘
14:47:27	9.65	0.01	3	2895	买盘
14:47:21	9.64	-0.01	10	9640	卖盘
14:47:18	9.65	0.01	12	11580	买盘
14:47:15	9.64	--	6	5784	卖盘
14:47:12	9.64	--	5	4820	卖盘
14:47:06	9.64	-0.01	18	17352	卖盘
14:47:03	9.65	--	13	12545	买盘
14:46:57	9.65	--	7	6755	买盘
14:46:54	9.65	--	12	11580	买盘
14:46:51	9.65	--	66	63690	买盘
14:46:45	9.65	0.01	1	965	买盘
14:46:42	9.64	-0.01	6	5784	卖盘
14:46:39	9.65	0.01	44	42460	买盘
14:46:36	9.64	-0.01	48	46272	卖盘
14:46:33	9.65	--	33	31845	买盘
14:46:30	9.65	0.01	30	28950	买盘
14:46:24	9.64	-0.01	16	15424	卖盘
14:46:21	9.65	--	50	48250	买盘
14:46:18	9.65	--	12	11580	买盘
14:46:15	9.65	--	3	2895	买盘
14:46:06	9.65	--	6	5790	买盘
14:45:57	9.65	--	42	40530	买盘
14:45:54	9.65	-0.01	251	242215	卖盘
14:45:48	9.66	0.01	5	4830	买盘
14:45:45	9.65	-0.01	99	95535	卖盘
14:45:42	9.66	0.01	35	33810	买盘
14:45:39	9.65	-0.01	80	77200	卖盘
14:45:36	9.66	--	22	21252	买盘
14:45:33	9.66	--	301	290766	买盘
14:45:21	9.66	--	3	2898	买盘
14:45:18	9.66	0.01	3	2898	买盘
14:45:15	9.65	--	3	2895	卖盘
14:45:09	9.65	-0.01	30	28950	卖盘
14:45:06	9.66	0.01	3	2898	买盘
14:45:03	9.65	--	42	40530	卖盘
14:44:57	9.65	--	30	28950	卖盘
14:44:54	9.65	--	10	9650	卖盘
14:44:51	9.65	--	426	411090	卖盘
14:44:48	9.65	-0.01	9	8685	卖盘
14:44:45	9.66	--	75	72450	买盘
14:44:42	9.66	0.01	58	56028	买盘
14:44:36	9.65	-0.01	9	8685	卖盘
14:44:33	9.66	0.01	10	9660	买盘
14:44:30	9.65	--	66	63690	卖盘
14:44:27	9.65	--	2	1930	卖盘
14:44:21	9.65	-0.01	35	33775	卖盘
14:44:18	9.66	--	23	22218	买盘
14:44:15	9.66	--	40	38640	买盘
14:44:12	9.66	--	21	20286	买盘
14:44:06	9.66	-0.01	184	177744	卖盘
14:44:03	9.67	0.01	21	20307	买盘
14:44:00	9.66	--	30	28980	卖盘
14:43:54	9.66	--	10	9660	卖盘
14:43:51	9.66	--	5	4830	卖盘
14:43:48	9.66	-0.01	18	17388	卖盘
14:43:45	9.67	0.01	2	1934	买盘
14:43:42	9.66	--	800	772800	卖盘
14:43:39	9.66	--	68	65688	卖盘
14:43:36	9.66	--	7	6762	卖盘
14:43:33	9.66	--	6	5796	卖盘
14:43:24	9.66	--	11	10626	卖盘
14:43:21	9.66	-0.01	49	47334	卖盘
14:43:18	9.67	0.01	11	10637	买盘
14:43:12	9.66	0.01	1215	1173690	买盘
14:43:09	9.65	--	26	25090	卖盘
14:43:06	9.65	--	24	23160	卖盘
14:43:03	9.65	-0.01	6	5790	卖盘
14:42:54	9.66	--	948	915768	卖盘
14:42:51	9.66	-0.01	20	19320	卖盘
14:42:48	9.67	--	34	32878	买盘
14:42:42	9.67	--	6	5802	买盘
14:42:39	9.67	--	441	426447	卖盘
14:42:36	9.67	-0.01	42	40614	卖盘
14:42:33	9.68	0.01	10	9680	买盘
14:42:30	9.67	--	23	22241	卖盘
14:42:27	9.67	--	40	38680	卖盘
14:42:24	9.67	--	41	39647	卖盘
14:42:21	9.67	--	54	52218	卖盘
14:42:15	9.67	-0.01	13	12571	卖盘
14:42:12	9.68	0.01	2	1936	买盘
14:42:09	9.67	-0.01	8	7736	卖盘
14:42:06	9.68	--	12	11616	买盘
14:42:03	9.68	--	863	835384	卖盘
14:42:00	9.68	--	13	12584	卖盘
14:41:54	9.68	--	56	54208	卖盘
14:41:51	9.68	--	60	58080	卖盘
14:41:48	9.68	-0.01	94	90992	卖盘
14:41:45	9.69	--	45	43605	买盘
14:41:42	9.69	0.01	29	28101	买盘
14:41:39	9.68	--	2	1936	卖盘
14:41:36	9.68	--	45	43560	卖盘
14:41:33	9.68	-0.01	18	17424	卖盘
14:41:30	9.69	--	26	25194	买盘
14:41:24	9.69	0.01	3	2907	买盘
14:41:21	9.68	-0.01	17	16456	卖盘
14:41:18	9.69	0.01	10	9690	买盘
14:41:15	9.68	-0.01	9	8712	卖盘
14:41:12	9.69	--	2	1938	买盘
14:41:09	9.69	--	422	408918	卖盘
14:41:06	9.69	--	21	20349	卖盘
14:41:00	9.69	--	6	5814	卖盘
14:40:57	9.69	--	200	193800	卖盘
14:40:54	9.69	--	7	6783	卖盘
14:40:51	9.69	-0.01	13	12597	卖盘
14:40:48	9.7	0.01	7	6789	买盘
14:40:45	9.69	-0.01	12	11628	卖盘
14:40:42	9.7	0.01	93	90210	买盘
14:40:39	9.69	--	60	58140	卖盘
14:40:36	9.69	--	12	11628	卖盘
14:40:30	9.69	--	6	5814	卖盘
14:40:27	9.69	--	10	9690	卖盘
14:40:24	9.69	--	7	6783	卖盘
14:40:21	9.69	-0.01	10	9690	卖盘
14:40:18	9.7	0.01	10	9700	买盘
14:40:12	9.69	--	19	18411	卖盘
14:40:06	9.69	--	15	14535	卖盘
14:40:03	9.69	--	9	8721	卖盘
14:40:00	9.69	--	207	200583	买盘
14:39:57	9.69	-0.01	28	27132	卖盘
14:39:54	9.7	--	15	14549	买盘
14:39:51	9.7	0.01	18	17460	买盘
14:39:48	9.69	--	6	5814	卖盘
14:39:45	9.69	-0.01	7	6783	卖盘
14:39:42	9.7	0.01	3	2910	买盘
14:39:39	9.69	--	29	28101	卖盘
14:39:36	9.69	0.01	10	9690	中性盘
14:39:33	9.68	--	6	5808	卖盘
14:39:30	9.68	--	12	11616	卖盘
14:39:27	9.68	--	3	2904	卖盘
14:39:24	9.68	--	12	11616	卖盘
14:39:21	9.68	--	2	1936	卖盘
14:39:18	9.68	--	14	13552	卖盘
14:39:15	9.68	-0.02	7	6776	卖盘
14:39:09	9.7	0.02	6	5820	买盘
14:39:06	9.68	-0.01	175	169400	卖盘
14:39:03	9.69	--	16	15504	卖盘
14:39:00	9.69	--	5	4845	买盘
14:38:54	9.69	0.01	22	21318	中性盘
14:38:48	9.68	--	414	400752	卖盘
14:38:42	9.68	-0.01	4	3872	卖盘
14:38:39	9.69	0.01	60	58140	买盘
14:38:36	9.68	--	37	35816	卖盘
14:38:33	9.68	-0.01	6	5808	卖盘
14:38:30	9.69	--	71	68799	买盘
14:38:27	9.69	0.01	7	6783	买盘
14:38:24	9.68	--	12	11616	卖盘
14:38:21	9.68	-0.01	11	10648	卖盘
14:38:18	9.69	--	306	296514	买盘
14:38:15	9.69	--	12	11628	买盘
14:38:12	9.69	--	13	12597	买盘
14:38:09	9.69	0.01	6	5814	买盘
14:38:06	9.68	-0.01	27	26136	卖盘
14:38:03	9.69	--	71	68799	买盘
14:38:00	9.69	--	4	3876	买盘
14:37:57	9.69	--	86	83334	买盘
14:37:54	9.69	--	44	42636	买盘
14:37:51	9.69	--	152	147288	买盘
14:37:48	9.69	--	10	9690	买盘
14:37:45	9.69	--	24	23256	买盘
14:37:42	9.69	0.01	12	11628	买盘
14:37:39	9.68	--	7	6776	卖盘
14:37:36	9.68	--	10	9680	卖盘
14:37:33	9.68	-0.01	6	5808	卖盘
14:37:30	9.69	--	4	3876	买盘
14:37:27	9.69	0.01	22	21318	买盘
14:37:24	9.68	--	12	11616	卖盘
14:37:21	9.68	--	32	30976	卖盘
14:37:18	9.68	--	6	5808	卖盘
14:37:12	9.68	--	14	13552	卖盘
14:37:09	9.68	--	4	3872	卖盘
14:37:06	9.68	--	12	11616	卖盘
14:37:03	9.68	--	6	5808	卖盘
14:37:00	9.68	--	90	87120	卖盘
14:36:57	9.68	--	9	8712	卖盘
14:36:54	9.68	-0.01	10	9680	卖盘
14:36:51	9.69	0.01	21	20349	买盘
14:36:48	9.68	-0.01	10	9680	卖盘
14:36:45	9.69	--	113	109497	买盘
14:36:42	9.69	0.01	22	21318	买盘
14:36:39	9.68	-0.01	12	11616	卖盘
14:36:36	9.69	0.01	10	9690	买盘
14:36:33	9.68	--	21	20328	卖盘
14:36:27	9.68	-0.01	10	9680	卖盘
14:36:24	9.69	0.01	33	31977	买盘
14:36:18	9.68	-0.01	15	14520	卖盘
14:36:15	9.69	--	19	18411	买盘
14:36:09	9.69	--	16	15504	买盘
14:36:06	9.69	0.01	2	1938	买盘
14:36:03	9.68	-0.01	17	16456	卖盘
14:36:00	9.69	--	272	263568	买盘
14:35:57	9.69	0.01	6	5814	买盘
14:35:54	9.68	-0.01	10	9680	卖盘
14:35:51	9.69	0.01	10	9690	买盘
14:35:48	9.68	-0.01	6	5808	卖盘
14:35:45	9.69	0.01	71	68799	买盘
14:35:39	9.68	--	12	11616	卖盘
14:35:36	9.68	-0.01	39	37752	卖盘
14:35:33	9.69	--	100	96900	买盘
14:35:27	9.69	--	6	5814	买盘
14:35:24	9.69	0.01	11	10659	买盘
14:35:21	9.68	--	7	6776	卖盘
14:35:18	9.68	--	10	9680	卖盘
14:35:09	9.68	-0.01	35	33880	卖盘
14:35:06	9.69	0.01	3	2907	买盘
14:35:03	9.68	--	147	142296	买盘
14:35:00	9.68	--	93	90024	卖盘
14:34:54	9.68	--	21	20328	卖盘
14:34:48	9.68	--	6	5808	卖盘
14:34:45	9.68	-0.01	4	3872	卖盘
14:34:42	9.69	0.01	9	8721	买盘
14:34:39	9.68	-0.01	12	11616	卖盘
14:34:36	9.69	--	10	9690	买盘
14:34:27	9.69	0.01	59	57171	买盘
14:34:24	9.68	-0.01	10	9680	卖盘
14:34:21	9.69	--	9	8721	买盘
14:34:18	9.69	--	17	16473	买盘
14:34:15	9.69	--	87	84303	买盘
14:34:09	9.69	--	11	10659	买盘
14:34:06	9.69	0.01	8	7752	买盘
14:34:00	9.68	-0.01	8	7744	卖盘
14:33:57	9.69	0.01	4	3876	买盘
14:33:54	9.68	0.01	14	13552	卖盘
14:33:51	9.67	-0.01	6	5802	卖盘
14:33:45	9.68	0.01	25	24200	中性盘
14:33:42	9.67	--	12	11604	卖盘
14:33:36	9.67	--	11	10637	卖盘
14:33:33	9.67	-0.01	7	6769	卖盘
14:33:30	9.68	0.01	27	26136	买盘
14:33:27	9.67	-0.01	14	13538	卖盘
14:33:24	9.68	0.01	1	968	中性盘
14:33:21	9.67	--	6	5802	卖盘
14:33:18	9.67	--	7	6769	卖盘
14:33:15	9.67	-0.02	10	9670	卖盘
14:33:12	9.69	--	2	1938	买盘
14:33:09	9.69	0.02	6	5814	买盘
14:33:06	9.67	-0.02	28	27076	卖盘
14:33:03	9.69	0.02	1	969	买盘
14:33:00	9.67	--	22	21274	卖盘
14:32:54	9.67	-0.02	13	12571	卖盘
14:32:45	9.69	--	25	24225	买盘
14:32:42	9.69	--	5	4845	买盘
14:32:39	9.69	--	740	717418	卖盘
14:32:36	9.69	-0.01	10	9690	卖盘
14:32:33	9.7	0.01	2	1939	买盘
14:32:30	9.69	--	10	9690	卖盘
14:32:27	9.69	--	623	604297	买盘
14:32:24	9.69	0.02	8	7752	买盘
14:32:18	9.67	--	10	9670	卖盘
14:32:12	9.67	-0.02	15	14505	卖盘
14:32:06	9.69	0.02	6	5814	买盘
14:32:03	9.67	-0.02	94	90898	中性盘
14:32:00	9.69	0.02	1626	1575594	买盘
14:31:57	9.67	--	95	91865	买盘
14:31:54	9.67	--	208	201136	买盘
14:31:51	9.67	--	98	94766	买盘
14:31:48	9.67	0.01	50	48350	买盘
14:31:45	9.66	-0.01	11	10626	卖盘
14:31:42	9.67	--	44	42548	买盘
14:31:39	9.67	0.01	151	146017	买盘
14:31:36	9.66	--	20	19320	卖盘
14:31:33	9.66	-0.01	7	6762	卖盘
14:31:27	9.67	0.01	54	52218	买盘
14:31:24	9.66	-0.01	10	9660	卖盘
14:31:21	9.67	0.01	189	182763	买盘
14:31:18	9.66	-0.01	7	6762	卖盘
14:31:15	9.67	--	3	2901	买盘
14:31:09	9.67	--	14	13538	买盘
14:31:06	9.67	--	5	4835	买盘
14:31:03	9.67	--	1	967	买盘
14:31:00	9.67	--	300	290100	买盘
14:30:57	9.67	--	7	6769	买盘
14:30:51	9.67	--	125	120875	买盘
14:30:48	9.67	--	40	38680	买盘
14:30:45	9.67	--	4	3868	买盘
14:30:39	9.67	--	22	21274	买盘
14:30:36	9.67	--	40	38680	买盘
14:30:27	9.67	--	1	967	买盘
14:30:21	9.67	--	35	33845	买盘
14:30:18	9.67	--	12	11604	买盘
14:30:12	9.67	--	2	1934	买盘
14:30:09	9.67	--	345	333615	买盘
14:30:03	9.67	0.01	4	3868	买盘
14:30:00	9.66	--	1	966	卖盘
14:29:57	9.66	--	116	112056	卖盘
14:29:54	9.66	-0.01	2	1932	卖盘
14:29:51	9.67	0.01	91	87997	买盘
14:29:48	9.66	-0.01	22	21252	卖盘
14:29:45	9.67	0.01	145	140215	买盘
14:29:42	9.66	-0.01	516	498456	卖盘
14:29:39	9.67	0.01	10	9670	买盘
14:29:36	9.66	-0.01	43	41538	卖盘
14:29:33	9.67	0.01	296	286232	买盘
14:29:30	9.66	-0.01	12	11592	卖盘
14:29:27	9.67	0.01	2	1934	买盘
14:29:24	9.66	--	14	13524	卖盘
14:29:21	9.66	--	11	10626	卖盘
14:29:15	9.66	-0.01	12	11592	卖盘
14:29:12	9.67	--	8	7736	买盘
14:29:09	9.67	0.01	4	3868	买盘
14:29:06	9.66	--	12	11592	卖盘
14:29:03	9.66	--	630	608580	卖盘
14:29:00	9.66	--	46	44436	卖盘
14:28:57	9.66	--	12	11592	卖盘
14:28:54	9.66	-0.01	6	5796	卖盘
14:28:51	9.67	0.01	4	3868	买盘
14:28:48	9.66	--	12	11592	卖盘
14:28:45	9.66	--	52	50232	卖盘
14:28:39	9.66	-0.01	7	6762	卖盘
14:28:36	9.67	0.01	1	967	买盘
14:28:33	9.66	--	21	20286	卖盘
14:28:30	9.66	-0.01	18	17388	卖盘
14:28:27	9.67	--	9	8703	买盘
14:28:24	9.67	--	629	608243	买盘
14:28:18	9.67	--	1365	1319955	卖盘
14:28:15	9.67	-0.01	13	12571	卖盘
14:28:09	9.68	--	13	12584	买盘
14:28:03	9.68	--	22	21296	买盘
14:28:00	9.68	-0.01	123	119422	卖盘
14:27:57	9.69	0.01	108	104652	买盘
14:27:51	9.68	--	6	5808	卖盘
14:27:48	9.68	--	17	16456	卖盘
14:27:45	9.68	--	103	100313	卖盘
14:27:42	9.68	--	130	125840	卖盘
14:27:39	9.68	--	6	5808	卖盘
14:27:33	9.68	-0.01	107	103576	卖盘
14:27:30	9.69	0.01	7	6783	买盘
14:27:27	9.68	--	114	110352	卖盘
14:27:24	9.68	-0.01	118	114224	卖盘
14:27:21	9.69	0.01	6	5814	买盘
14:27:18	9.68	-0.01	82	79376	卖盘
14:27:15	9.69	0.01	14	13566	买盘
14:27:12	9.68	-0.01	101	97768	卖盘
14:27:09	9.69	--	3	2907	买盘
14:27:06	9.69	--	107	103683	卖盘
14:27:03	9.69	--	6	5814	卖盘
14:27:00	9.69	--	117	113373	买盘
14:26:57	9.69	0.01	23	22287	买盘
14:26:54	9.68	-0.01	107	103576	卖盘
14:26:51	9.69	0.02	38	36822	买盘
14:26:48	9.67	--	16	15472	卖盘
14:26:45	9.67	--	56	54152	卖盘
14:26:36	9.67	-0.01	18	17406	卖盘
14:26:33	9.68	0.01	1	968	中性盘
14:26:27	9.67	-0.01	163	157621	卖盘
14:26:24	9.68	-0.02	18	17424	卖盘
14:26:21	9.7	0.02	3	2910	买盘
14:26:18	9.68	-0.02	6	5808	卖盘
14:26:15	9.7	0.02	6	5820	买盘
14:26:12	9.68	-0.02	6	5808	中性盘
14:26:09	9.7	0.01	15	14549	买盘
14:26:03	9.69	-0.01	6	5814	中性盘
14:26:00	9.7	0.03	300	291000	买盘
14:25:57	9.67	-0.01	21	20307	卖盘
14:25:54	9.68	-0.02	12	11616	卖盘
14:25:51	9.7	0.02	609	590730	买盘
14:25:48	9.68	--	6	5808	卖盘
14:25:45	9.68	--	22	21296	买盘
14:25:42	9.68	0.01	1	968	买盘
14:25:39	9.67	-0.01	260	251420	卖盘
14:25:33	9.68	-0.02	12	11616	中性盘
14:25:30	9.7	0.03	500	484999	买盘
14:25:27	9.67	-0.03	45	43515	卖盘
14:25:24	9.7	--	4	3879	买盘
14:25:21	9.7	0.01	24	23280	买盘
14:25:18	9.69	--	6	5814	买盘
14:25:15	9.69	0.02	25	24225	买盘
14:25:12	9.67	--	14	13538	卖盘
14:25:09	9.67	--	6	5802	卖盘
14:25:06	9.67	-0.01	6	5802	卖盘
14:25:03	9.68	0.02	2	1936	买盘
14:24:57	9.66	-0.01	105	101430	卖盘
14:24:51	9.67	-0.02	6	5802	中性盘
14:24:48	9.69	--	4	3876	买盘
14:24:45	9.69	0.03	6	5814	买盘
14:24:42	9.66	-0.01	18	17388	卖盘
14:24:39	9.67	0.01	6	5802	中性盘
14:24:36	9.66	-0.03	155	149730	卖盘
14:24:33	9.69	--	101	97869	买盘
14:24:30	9.69	0.02	19	18411	买盘
14:24:27	9.67	-0.02	250	241750	卖盘
14:24:24	9.69	0.02	10	9690	买盘
14:24:18	9.67	-0.02	6	5802	卖盘
14:24:15	9.69	0.02	18	17442	买盘
14:24:12	9.67	--	25	24175	卖盘
14:24:09	9.67	-0.02	6	5802	卖盘
14:24:06	9.69	0.02	24	23256	买盘
14:24:03	9.67	--	6	5802	卖盘
14:24:00	9.67	--	12	11604	卖盘
14:23:51	9.67	-0.01	316	305572	卖盘
14:23:48	9.68	--	4	3872	卖盘
14:23:45	9.68	-0.01	20	19360	卖盘
14:23:42	9.69	0.01	506	490314	买盘
14:23:39	9.68	--	11	10648	卖盘
14:23:33	9.68	0.01	27	26136	中性盘
14:23:24	9.67	-0.01	10	9670	卖盘
14:23:18	9.68	0.01	12	11616	卖盘
14:23:15	9.67	--	6	5802	卖盘
14:23:12	9.67	-0.02	83	80261	卖盘
14:23:09	9.69	0.02	36	34884	买盘
14:23:03	9.67	--	16	15472	卖盘
14:23:00	9.67	-0.02	12	11604	卖盘
14:22:51	9.69	0.03	29	28101	买盘
14:22:48	9.66	-0.03	6	5796	卖盘
14:22:45	9.69	0.03	41	39729	买盘
14:22:42	9.66	-0.02	58	56028	卖盘
14:22:39	9.68	0.01	2	1936	买盘
14:22:36	9.67	--	18	17406	卖盘
14:22:33	9.67	--	13	12571	卖盘
14:22:30	9.67	--	57	55119	卖盘
14:22:24	9.67	--	6	5802	卖盘
14:22:21	9.67	--	13	12571	卖盘
14:22:15	9.67	--	6	5802	卖盘
14:22:12	9.67	0.02	12	11604	买盘
14:22:09	9.65	-0.02	265	255725	卖盘
14:22:06	9.67	--	6	5802	卖盘
14:22:03	9.67	0.01	6	5802	中性盘
14:21:57	9.66	--	671	648186	卖盘
14:21:54	9.66	-0.01	12	11592	卖盘
14:21:48	9.67	0.02	160	154720	买盘
14:21:45	9.65	-0.02	6	5790	卖盘
14:21:42	9.67	--	89	86063	买盘
14:21:39	9.67	0.02	117	113139	买盘
14:21:33	9.65	-0.02	13	12545	卖盘
14:21:30	9.67	--	20	19340	买盘
14:21:24	9.67	--	16	15472	买盘
14:21:21	9.67	0.02	103	99601	买盘
14:21:18	9.65	-0.01	102	98430	卖盘
14:21:15	9.66	-0.01	3	2898	卖盘
14:21:12	9.67	0.01	3	2901	买盘
14:21:09	9.66	--	14	13524	卖盘
14:21:06	9.66	--	12	11592	卖盘
14:21:00	9.66	0.01	22	21252	买盘
14:20:57	9.65	--	27	26055	卖盘
14:20:54	9.65	-0.01	143	137995	卖盘
14:20:51	9.66	--	101	97566	买盘
14:20:45	9.66	--	35	33810	买盘
14:20:42	9.66	0.01	28	27048	买盘
14:20:36	9.65	-0.01	6	5790	卖盘
14:20:33	9.66	0.01	39	37674	买盘
14:20:30	9.65	--	6	5790	卖盘
14:20:27	9.65	--	49	47285	卖盘
14:20:24	9.65	-0.01	6	5790	卖盘
14:20:21	9.66	0.01	7	6762	买盘
14:20:15	9.65	--	26	25090	卖盘
14:20:12	9.65	-0.01	148	142820	卖盘
14:20:09	9.66	0.01	20	19320	买盘
14:20:03	9.65	--	198	191070	卖盘
14:20:00	9.65	-0.01	17	16405	卖盘
14:19:57	9.66	--	2	1932	买盘
14:19:54	9.66	0.01	14	13524	买盘
14:19:51	9.65	-0.01	6	5790	卖盘
14:19:45	9.66	--	18	17388	买盘
14:19:39	9.66	--	18	17388	买盘
14:19:36	9.66	--	5	4830	买盘
14:19:33	9.66	0.01	3	2898	中性盘
14:19:27	9.65	-0.02	117	112905	卖盘
14:19:21	9.67	0.02	4	3868	买盘
14:19:18	9.65	-0.01	12	11580	卖盘
14:19:15	9.66	-0.01	3	2898	卖盘
14:19:12	9.67	0.01	21	20307	买盘
14:19:09	9.66	--	2	1932	买盘
14:19:03	9.66	--	13	12558	买盘
14:19:00	9.66	0.01	2	1932	中性盘
14:18:57	9.65	-0.01	118	113870	卖盘
14:18:54	9.66	0.01	103	99498	买盘
14:18:51	9.65	--	42	40530	卖盘
14:18:48	9.65	-0.01	25	24125	卖盘
14:18:45	9.66	--	10	9660	买盘
14:18:39	9.66	0.01	11	10626	买盘
14:18:36	9.65	--	6	5790	卖盘
14:18:33	9.65	-0.01	16	15440	卖盘
14:18:30	9.66	--	10	9660	买盘
14:18:27	9.66	--	4	3864	买盘
14:18:24	9.66	0.01	48	46368	买盘
14:18:21	9.65	--	12	11580	卖盘
14:18:15	9.65	-0.01	10	9650	卖盘
14:18:12	9.66	0.01	2	1932	买盘
14:18:09	9.65	--	12	11580	卖盘
14:18:06	9.65	--	12	11580	卖盘
14:18:00	9.65	--	9	8685	卖盘
14:17:57	9.65	-0.01	38	36670	卖盘
14:17:54	9.66	0.01	1	966	买盘
14:17:51	9.65	--	12	11580	卖盘
14:17:48	9.65	--	6	5790	卖盘
14:17:45	9.65	-0.01	6	5790	卖盘
14:17:39	9.66	0.01	16	15456	中性盘
14:17:33	9.65	-0.03	12	11580	卖盘
14:17:27	9.68	0.02	93	90024	买盘
14:17:24	9.66	-0.02	12	11592	卖盘
14:17:18	9.68	--	16	15488	买盘
14:17:15	9.68	0.03	4	3872	买盘
14:17:09	9.65	--	14	13510	卖盘
14:17:06	9.65	--	6	5790	卖盘
14:17:03	9.65	-0.03	104	100360	卖盘
14:17:00	9.68	--	4	3872	买盘
14:16:57	9.68	0.03	1	968	买盘
14:16:54	9.65	-0.02	154	148610	卖盘
14:16:51	9.67	-0.01	10	9670	中性盘
14:16:45	9.68	0.01	125	121000	买盘
14:16:39	9.67	-0.01	7	6769	卖盘
14:16:36	9.68	0.01	11	10648	买盘
14:16:27	9.67	--	26	25142	卖盘
14:16:24	9.67	--	14	13538	卖盘
14:16:21	9.67	--	6	5802	卖盘
14:16:18	9.67	-0.01	1	967	卖盘
14:16:15	9.68	0.01	55	53240	买盘
14:16:12	9.67	-0.01	30	29010	卖盘
14:16:03	9.68	0.01	4	3872	买盘
14:15:54	9.67	-0.01	4	3868	卖盘
14:15:51	9.68	0.03	6	5808	中性盘
14:15:42	9.65	-0.05	10	9650	卖盘
14:15:27	9.7	0.06	11	10670	买盘
14:15:18	9.64	-0.01	511	492604	卖盘
14:15:12	9.65	--	10	9650	卖盘
14:15:09	9.65	-0.02	1109	1070185	卖盘
14:15:06	9.67	-0.01	33	31911	卖盘
14:15:03	9.68	0.01	4	3872	买盘
14:15:00	9.67	--	148	143116	卖盘
14:14:57	9.67	0.01	214	206938	买盘
14:14:51	9.66	-0.01	389	375774	卖盘
14:14:48	9.67	0.01	84	81228	买盘
14:14:39	9.66	--	6	5796	卖盘
14:14:36	9.66	--	51	49266	卖盘
14:14:33	9.66	-0.01	10	9660	卖盘
14:14:30	9.67	0.01	4	3868	买盘
14:14:27	9.66	--	45	43470	卖盘
14:14:21	9.66	--	27	26082	卖盘
14:14:18	9.66	--	16	15456	买盘
14:14:15	9.66	-0.01	1	966	买盘
14:14:12	9.67	0.02	30	29010	买盘
14:14:09	9.65	-0.01	148	142820	卖盘
14:14:06	9.66	--	10	9660	卖盘
14:14:03	9.66	--	15	14490	卖盘
14:14:00	9.66	-0.01	6	5796	卖盘
14:13:57	9.67	0.01	302	292034	买盘
14:13:54	9.66	--	17	16422	卖盘
14:13:51	9.66	-0.01	1	966	卖盘
14:13:48	9.67	0.01	23	22241	买盘
14:13:45	9.66	--	36	34776	卖盘
14:13:39	9.66	--	42	40572	买盘
14:13:36	9.66	--	6	5796	买盘
14:13:33	9.66	--	2	1932	卖盘
14:13:27	9.66	0.01	78	75348	卖盘
14:13:24	9.65	--	17	16405	卖盘
14:13:21	9.65	--	53	51145	卖盘
14:13:18	9.65	-0.01	6	5790	卖盘
14:13:15	9.66	--	14	13524	买盘
14:13:09	9.66	-0.01	7	6762	卖盘
14:13:06	9.67	--	38	36746	买盘
14:13:03	9.67	--	2	1934	买盘
14:13:00	9.67	0.02	9	8703	买盘
14:12:57	9.65	-0.01	166	160190	卖盘
14:12:54	9.66	0.01	42	40572	中性盘
14:12:51	9.65	-0.01	16	15440	卖盘
14:12:48	9.66	-0.01	175	169050	中性盘
14:12:45	9.67	0.02	40	38680	买盘
14:12:42	9.65	--	56	54040	卖盘
14:12:39	9.65	-0.02	45	43425	卖盘
14:12:36	9.67	0.02	30	29010	买盘
14:12:33	9.65	-0.01	1	965	卖盘
14:12:30	9.66	0.01	8	7728	买盘
14:12:27	9.65	-0.02	17	16405	卖盘
14:12:24	9.67	0.02	28	27076	买盘
14:12:21	9.65	--	10	9650	卖盘
14:12:15	9.65	0.01	23	22195	中性盘
14:12:09	9.64	-0.03	119	114716	卖盘
14:12:06	9.67	--	10	9670	买盘
14:12:03	9.67	0.02	2	1934	买盘
14:12:00	9.65	--	17	16405	卖盘
14:11:57	9.65	--	6	5790	卖盘
14:11:54	9.65	-0.02	16	15440	卖盘
14:11:51	9.67	0.03	2	1934	买盘
14:11:45	9.64	-0.03	26	25064	卖盘
14:11:42	9.67	0.01	280	270760	买盘
14:11:39	9.66	0.02	10	9660	中性盘
14:11:33	9.64	--	474	456936	卖盘
14:11:27	9.64	-0.01	261	251604	卖盘
14:11:24	9.65	-0.02	1163	1122295	卖盘
14:11:21	9.67	--	4	3868	买盘
14:11:18	9.67	0.01	667	644989	买盘
14:11:15	9.66	--	82	79212	卖盘
14:11:12	9.66	--	511	493626	卖盘
14:11:09	9.66	-0.01	13	12558	卖盘
14:11:03	9.67	--	1038	1004654	卖盘
14:11:00	9.67	-0.01	23	22241	卖盘
14:10:57	9.68	0.01	13	12584	买盘
14:10:51	9.67	-0.01	153	147951	卖盘
14:10:45	9.68	--	2	1936	买盘
14:10:42	9.68	--	126	121968	卖盘
14:10:33	9.68	--	6	5808	卖盘
14:10:30	9.68	--	17	16456	卖盘
14:10:27	9.68	--	10	9680	卖盘
14:10:21	9.68	--	6	5808	卖盘
14:10:15	9.68	--	17	16456	卖盘
14:10:12	9.68	--	10	9680	卖盘
14:10:09	9.68	--	1	968	卖盘
14:10:06	9.68	--	6	5808	卖盘
14:10:03	9.68	-0.02	20	19360	卖盘
14:09:57	9.7	0.02	11	10670	买盘
14:09:54	9.68	--	6	5808	卖盘
14:09:48	9.68	-0.02	17	16456	卖盘
14:09:45	9.7	0.02	3	2910	买盘
14:09:42	9.68	--	10	9680	卖盘
14:09:39	9.68	--	6	5808	卖盘
14:09:33	9.68	-0.02	209	202312	卖盘
14:09:30	9.7	--	10	9700	卖盘
14:09:27	9.7	0.01	6	5820	卖盘
14:09:24	9.69	-0.01	200	193800	卖盘
14:09:21	9.7	--	24	23280	卖盘
14:09:18	9.7	0.01	42	40740	买盘
14:09:15	9.69	--	10	9690	卖盘
14:09:12	9.69	--	20	19380	卖盘
14:09:03	9.69	--	17	16473	卖盘
14:09:00	9.69	-0.01	18	17442	卖盘
14:08:57	9.7	0.01	22	21340	买盘
14:08:51	9.69	--	20	19380	卖盘
14:08:48	9.69	--	67	64923	卖盘
14:08:45	9.69	--	16	15504	卖盘
14:08:33	9.69	0.01	25	24225	中性盘
14:08:30	9.68	-0.02	260	251680	卖盘
14:08:24	9.7	--	4	3879	买盘
14:08:21	9.7	0.02	537	520889	买盘
14:08:18	9.68	-0.01	16	15488	卖盘
14:08:15	9.69	--	4	3876	买盘
14:08:12	9.69	-0.01	86	83334	中性盘
14:08:09	9.7	0.01	13	12609	买盘
14:08:06	9.69	--	27	26163	卖盘
14:08:03	9.69	--	10	9690	卖盘
14:07:54	9.69	-0.01	6	5814	卖盘
14:07:51	9.7	0.01	30	29099	买盘
14:07:48	9.69	-0.01	10	9690	卖盘
14:07:45	9.7	0.01	1	969	买盘
14:07:42	9.69	-0.01	96	93024	卖盘
14:07:39	9.7	0.01	11	10670	买盘
14:07:36	9.69	--	17	16473	卖盘
14:07:33	9.69	-0.01	10	9690	卖盘
14:07:27	9.7	0.01	9	8730	买盘
14:07:24	9.69	--	17	16473	卖盘
14:07:18	9.69	-0.01	7	6783	卖盘
14:07:15	9.7	--	1	969	卖盘
14:07:12	9.7	--	6	5820	卖盘
14:07:09	9.7	--	51	49470	买盘
14:07:06	9.7	--	12	11640	卖盘
14:07:03	9.7	--	203	196910	买盘
14:07:00	9.7	0.01	57	55289	买盘
14:06:54	9.69	--	17	16473	卖盘
14:06:51	9.69	--	11	10659	卖盘
14:06:45	9.69	--	16	15504	卖盘
14:06:42	9.69	0.01	403	390507	买盘
14:06:39	9.68	--	157	151976	卖盘
14:06:36	9.68	--	10	9680	卖盘
14:06:33	9.68	-0.01	6	5808	卖盘
14:06:30	9.69	0.01	100	96900	买盘
14:06:27	9.68	--	21	20328	卖盘
14:06:24	9.68	--	10	9680	买盘
14:06:21	9.68	--	30	29040	卖盘
14:06:18	9.68	-0.01	8	7744	卖盘
14:06:15	9.69	0.01	29	28101	买盘
14:06:12	9.68	--	31	30008	卖盘
14:06:09	9.68	--	71	68728	卖盘
14:06:06	9.68	--	16	15488	卖盘
14:05:57	9.68	--	17	16456	卖盘
14:05:51	9.68	--	18	17424	卖盘
14:05:45	9.68	--	178	172304	卖盘
14:05:42	9.68	-0.01	17	16456	卖盘
14:05:39	9.69	0.01	11	10659	中性盘
14:05:36	9.68	--	320	309760	卖盘
14:05:30	9.68	-0.02	17	16456	卖盘
14:05:27	9.7	0.02	3	2910	买盘
14:05:24	9.68	--	119	115192	卖盘
14:05:15	9.68	--	17	16456	卖盘
14:05:12	9.68	--	6	5808	卖盘
14:05:09	9.68	--	15	14520	卖盘
14:05:03	9.68	--	17	16456	卖盘
14:05:00	9.68	--	6	5808	卖盘
14:04:57	9.68	--	11	10648	卖盘
14:04:48	9.68	-0.01	20	19360	卖盘
14:04:45	9.69	0.01	10	9690	买盘
14:04:42	9.68	-0.01	101	97768	卖盘
14:04:39	9.69	--	100	96900	卖盘
14:04:33	9.69	--	24	23256	卖盘
14:04:30	9.69	--	27	26163	卖盘
14:04:27	9.69	--	24	23256	卖盘
14:04:24	9.69	--	20	19380	卖盘
14:04:18	9.69	--	23	22287	卖盘
14:04:15	9.69	--	10	9690	卖盘
14:04:12	9.69	--	105	101745	卖盘
14:04:09	9.69	0.01	46	44574	买盘
14:04:06	9.68	-0.01	31	30008	卖盘
14:04:03	9.69	0.01	16	15504	买盘
14:04:00	9.68	--	75	72600	卖盘
14:03:57	9.68	-0.01	95	91960	卖盘
14:03:54	9.69	--	17	16473	买盘
14:03:51	9.69	0.01	105	101745	买盘
14:03:45	9.68	-0.01	16	15488	卖盘
14:03:42	9.69	--	10	9690	买盘
14:03:36	9.69	-0.01	306	296514	卖盘
14:03:33	9.7	--	10	9700	卖盘
14:03:27	9.7	--	8	7759	卖盘
14:03:24	9.7	--	41	39770	卖盘
14:03:18	9.7	--	30	29099	卖盘
14:03:15	9.7	--	6	5820	卖盘
14:03:12	9.7	0.02	376	364720	买盘
14:03:09	9.68	--	10	9680	卖盘
14:03:06	9.68	--	137	132616	卖盘
14:03:03	9.68	-0.02	10	9680	卖盘
14:03:00	9.7	--	17	16490	买盘
14:02:57	9.7	0.02	84	81480	买盘
14:02:54	9.68	-0.02	27	26136	卖盘
14:02:51	9.7	--	42	40740	买盘
14:02:48	9.7	0.02	52	50439	买盘
14:02:42	9.68	-0.01	124	120032	卖盘
14:02:39	9.69	--	17	16473	卖盘
14:02:33	9.69	-0.01	22	21318	卖盘
14:02:30	9.7	0.02	2	1939	买盘
14:02:27	9.68	-0.02	17	16456	卖盘
14:02:24	9.7	--	50	48500	买盘
14:02:21	9.7	0.02	76	73720	买盘
14:02:18	9.68	--	14	13552	卖盘
14:02:12	9.68	-0.02	84	81312	卖盘
14:02:09	9.7	--	3	2910	买盘
14:02:06	9.7	--	24	23280	买盘
14:02:03	9.7	0.02	50	48500	买盘
14:02:00	9.68	-0.01	38	36784	卖盘
14:01:54	9.69	-0.01	6	5814	卖盘
14:01:51	9.7	0.02	32	31039	买盘
14:01:42	9.68	-0.01	101	97768	卖盘
14:01:39	9.69	--	28	27132	卖盘
14:01:36	9.69	-0.01	10	9690	卖盘
14:01:33	9.7	0.01	12	11640	买盘
14:01:30	9.69	--	17	16473	卖盘
14:01:27	9.69	--	6	5814	卖盘
14:01:21	9.69	--	12	11628	卖盘
14:01:18	9.69	-0.01	17	16473	卖盘
14:01:15	9.7	0.01	3	2910	买盘
14:01:12	9.69	-0.01	6	5814	卖盘
14:01:06	9.7	0.02	4	3879	买盘
14:01:00	9.68	-0.02	128	123904	卖盘
14:00:57	9.7	0.01	99	96039	买盘
14:00:51	9.69	--	10	9690	买盘
14:00:48	9.69	0.01	56	54264	买盘
14:00:36	9.68	-0.01	21	20328	卖盘
14:00:33	9.69	0.01	10	9690	买盘
14:00:24	9.68	0.01	1	968	中性盘
14:00:18	9.67	-0.02	256	247552	卖盘
14:00:15	9.69	0.01	93	90117	买盘
14:00:12	9.68	--	3	2904	买盘
14:00:09	9.68	-0.01	413	399784	卖盘
14:00:06	9.69	0.01	10	9690	买盘
14:00:03	9.68	--	10	9680	卖盘
14:00:00	9.68	--	8	7744	卖盘
13:59:57	9.68	--	121	117128	卖盘
13:59:54	9.68	--	11	10648	卖盘
13:59:51	9.68	--	25	24200	卖盘
13:59:48	9.68	-0.01	23	22264	卖盘
13:59:45	9.69	0.02	150	145350	买盘
13:59:42	9.67	-0.01	18	17406	卖盘
13:59:36	9.68	--	32	30976	卖盘
13:59:27	9.68	0.01	11	10648	中性盘
13:59:24	9.67	-0.01	269	260123	卖盘
13:59:21	9.68	-0.01	25	24200	卖盘
13:59:15	9.69	0.01	351	340119	买盘
13:59:12	9.68	--	87	84216	卖盘
13:59:09	9.68	-0.01	123	119064	卖盘
13:59:06	9.69	0.01	60	58140	买盘
13:59:03	9.68	--	54	52272	卖盘
13:59:00	9.68	--	24	23232	卖盘
13:58:57	9.68	--	26	25168	卖盘
13:58:54	9.68	-0.01	28	27104	卖盘
13:58:51	9.69	0.01	1	969	买盘
13:58:48	9.68	--	108	104544	卖盘
13:58:45	9.68	-0.01	11	10648	卖盘
13:58:42	9.69	0.01	5	4845	买盘
13:58:39	9.68	--	94	90992	卖盘
13:58:30	9.68	--	11	10648	卖盘
13:58:27	9.68	--	45	43560	卖盘
13:58:24	9.68	--	101	97768	卖盘
13:58:21	9.68	-0.01	49	47432	卖盘
13:58:18	9.69	-0.01	5	4845	卖盘
13:58:15	9.7	0.01	47	45590	买盘
13:58:12	9.69	--	16	15504	卖盘
13:58:09	9.69	--	10	9690	卖盘
13:58:06	9.69	0.01	8	7752	卖盘
13:58:03	9.68	-0.01	24	23232	卖盘
13:58:00	9.69	--	25	24225	买盘
13:57:57	9.69	0.01	4	3876	买盘
13:57:51	9.68	-0.01	11	10648	卖盘
13:57:48	9.69	--	10	9690	买盘
13:57:45	9.69	0.01	7	6783	卖盘
13:57:39	9.68	-0.03	132	127776	卖盘
13:57:36	9.71	--	22	21362	卖盘
13:57:30	9.71	0.01	44	42724	买盘
13:57:27	9.7	--	10	9700	卖盘
13:57:24	9.7	--	11	10670	卖盘
13:57:21	9.7	--	53	51409	卖盘
13:57:18	9.7	--	23	22310	卖盘
13:57:12	9.7	0.02	11	10670	卖盘
13:57:03	9.68	-0.02	335	324280	卖盘
13:57:00	9.7	-0.01	11	10670	买盘
13:56:57	9.71	0.02	36	34956	买盘
13:56:54	9.69	-0.01	501	485469	卖盘
13:56:48	9.7	--	23	22310	卖盘
13:56:45	9.7	--	11	10670	卖盘
13:56:42	9.7	--	83	80510	卖盘
13:56:36	9.7	-0.01	98	95060	卖盘
13:56:33	9.71	0.01	20	19420	买盘
13:56:30	9.7	-0.01	12	11640	卖盘
13:56:27	9.71	0.01	2	1942	买盘
13:56:21	9.7	--	23	22310	卖盘
13:56:15	9.7	--	11	10670	卖盘
13:56:12	9.7	--	102	98940	卖盘
13:56:09	9.7	--	83	80510	卖盘
13:56:06	9.7	0.01	15	14549	买盘
13:56:03	9.69	-0.01	11	10659	卖盘
13:56:00	9.7	0.01	31	30069	买盘
13:55:54	9.69	-0.01	23	22287	卖盘
13:55:51	9.7	0.01	11	10670	买盘
13:55:48	9.69	--	11	10659	卖盘
13:55:42	9.69	-0.01	91	88179	卖盘
13:55:39	9.7	0.01	13	12609	买盘
13:55:36	9.69	-0.01	59	57171	卖盘
13:55:30	9.7	--	4	3879	买盘
13:55:27	9.7	0.01	24	23280	买盘
13:55:21	9.69	-0.01	15	14535	卖盘
13:55:18	9.7	0.01	18	17460	中性盘
13:55:15	9.69	-0.01	295	285855	卖盘
13:55:12	9.7	-0.02	4	3879	卖盘
13:55:09	9.72	--	21	20412	卖盘
13:55:06	9.72	0.02	1056	1026432	买盘
13:55:03	9.7	--	423	410309	卖盘
13:55:00	9.7	--	76	73720	卖盘
13:54:57	9.7	-0.01	11	10670	卖盘
13:54:54	9.71	0.01	76	73796	买盘
13:54:51	9.7	-0.01	1	969	卖盘
13:54:48	9.71	0.01	5	4855	买盘
13:54:45	9.7	--	58	56259	卖盘
13:54:39	9.7	-0.01	11	10670	卖盘
13:54:36	9.71	0.01	3	2913	买盘
13:54:33	9.7	--	33	32009	卖盘
13:54:30	9.7	-0.01	43	41710	卖盘
13:54:27	9.71	--	52	50492	买盘
13:54:21	9.71	0.01	4	3884	买盘
13:54:18	9.7	-0.01	5	4850	卖盘
13:54:15	9.71	--	4	3884	卖盘
13:54:12	9.71	0.01	12	11652	买盘
13:54:06	9.7	--	40	38800	卖盘
13:54:00	9.7	-0.01	169	163930	卖盘
13:53:51	9.71	--	38	36898	卖盘
13:53:48	9.71	-0.01	317	307807	卖盘
13:53:45	9.72	0.01	21	20412	买盘
13:53:42	9.71	--	45	43695	卖盘
13:53:39	9.71	-0.01	23	22333	卖盘
13:53:36	9.72	--	9	8806	买盘
13:53:33	9.72	0.01	111	107892	买盘
13:53:24	9.71	--	23	22333	卖盘
13:53:21	9.71	--	106	102926	卖盘
13:53:18	9.71	--	11	10681	卖盘
13:53:15	9.71	-0.01	30	29130	卖盘
13:53:12	9.72	0.01	25	24300	买盘
13:53:06	9.71	--	13	12623	卖盘
13:53:03	9.71	--	15	14565	卖盘
13:53:00	9.71	--	217	210707	卖盘
13:52:57	9.71	--	39	37869	卖盘
13:52:54	9.71	--	8	7768	卖盘
13:52:51	9.71	-0.01	11	10681	卖盘
13:52:48	9.72	0.01	12	11664	买盘
13:52:45	9.71	--	38	36898	卖盘
13:52:42	9.71	-0.01	23	22333	卖盘
13:52:39	9.72	0.01	1	972	买盘
13:52:36	9.71	-0.01	21	20391	卖盘
13:52:33	9.72	--	6	5832	买盘
13:52:30	9.72	0.01	20	19440	买盘
13:52:24	9.71	-0.01	235	229097	卖盘
13:52:18	9.72	--	5	4860	卖盘
13:52:15	9.72	--	163	158436	卖盘
13:52:12	9.72	--	2	1944	卖盘
13:52:09	9.72	--	11	10692	卖盘
13:52:06	9.72	--	31	30132	卖盘
13:52:03	9.72	--	5	4860	卖盘
13:52:00	9.72	--	29	28188	卖盘
13:51:57	9.72	-0.01	11	10692	卖盘
13:51:54	9.73	0.01	13	12649	买盘
13:51:48	9.72	--	23	22356	卖盘
13:51:42	9.72	-0.01	12	11664	卖盘
13:51:39	9.73	--	2	1946	买盘
13:51:36	9.73	0.01	13	12649	中性盘
13:51:30	9.72	-0.01	108	104976	卖盘
13:51:27	9.73	--	11	10703	卖盘
13:51:24	9.73	--	6	5838	卖盘
13:51:21	9.73	--	73	71029	卖盘
13:51:15	9.73	--	21	20433	卖盘
13:51:12	9.73	--	24	23352	卖盘
13:51:06	9.73	--	23	22379	卖盘
13:51:00	9.73	--	31	30163	卖盘
13:50:57	9.73	--	44	42812	卖盘
13:50:54	9.73	--	32	31136	卖盘
13:50:48	9.73	--	14	13622	卖盘
13:50:42	9.73	0.01	11	10703	中性盘
13:50:39	9.72	-0.02	23	22356	卖盘
13:50:36	9.74	0.02	43	41882	买盘
13:50:33	9.72	--	114	110808	卖盘
13:50:27	9.72	--	1	972	卖盘
13:50:24	9.72	-0.02	65	63180	卖盘
13:50:21	9.74	0.02	16	15584	买盘
13:50:18	9.72	--	42	40824	卖盘
13:50:12	9.72	--	136	132192	卖盘
13:50:06	9.72	-0.01	64	62208	卖盘
13:50:03	9.73	0.01	8	7784	中性盘
13:50:00	9.72	-0.01	146	141912	卖盘
13:49:57	9.73	0.01	23	22379	卖盘
13:49:54	9.72	-0.01	111	107892	卖盘
13:49:51	9.73	--	42	40866	卖盘
13:49:45	9.73	--	38	36974	卖盘
13:49:39	9.73	--	11	10703	卖盘
13:49:36	9.73	--	1	973	卖盘
13:49:30	9.73	--	23	22379	卖盘
13:49:24	9.73	--	11	10703	卖盘
13:49:18	9.73	--	3	2919	买盘
13:49:15	9.73	--	20	19460	卖盘
13:49:12	9.73	--	14	13622	卖盘
13:49:09	9.73	--	17	16541	买盘
13:49:06	9.73	0.01	6	5838	中性盘
13:49:00	9.72	-0.01	142	138024	卖盘
13:48:57	9.73	--	11	10703	卖盘
13:48:54	9.73	--	6	5838	卖盘
13:48:51	9.73	--	54	52542	卖盘
13:48:48	9.73	--	57	55976	买盘
13:48:42	9.73	--	44	42812	买盘
13:48:39	9.73	--	321	312790	卖盘
13:48:36	9.73	-0.03	23	22379	卖盘
13:48:33	9.76	--	5	4880	卖盘
13:48:30	9.76	0.04	552	539269	买盘
13:48:27	9.72	-0.01	10	9720	卖盘
13:48:24	9.73	0.01	11	10703	买盘
13:48:21	9.72	--	1	972	卖盘
13:48:18	9.72	-0.01	15	14580	卖盘
13:48:15	9.73	0.01	4	3892	买盘
13:48:12	9.72	-0.01	22	21384	卖盘
13:48:06	9.73	--	19	18487	卖盘
13:48:03	9.73	0.01	11	10703	中性盘
13:47:54	9.72	-0.01	138	134136	卖盘
13:47:48	9.73	--	11	10703	卖盘
13:47:45	9.73	--	150	145950	卖盘
13:47:42	9.73	-0.02	208	202384	卖盘
13:47:39	9.75	-0.01	26	25350	中性盘
13:47:36	9.76	0.02	715	697840	买盘
13:47:33	9.74	--	4	3896	买盘
13:47:30	9.74	0.01	5	4870	中性盘
13:47:27	9.73	-0.01	211	205303	卖盘
13:47:21	9.74	--	11	10714	卖盘
13:47:18	9.74	--	324	316092	卖盘
13:47:15	9.74	--	20	19480	卖盘
13:47:12	9.74	--	81	78894	卖盘
13:47:09	9.74	--	13	12662	卖盘
13:46:57	9.74	--	23	22402	卖盘
13:46:54	9.74	--	11	10714	卖盘
13:46:48	9.74	--	138	134412	卖盘
13:46:45	9.74	--	23	22402	卖盘
13:46:42	9.74	-0.01	53	51622	卖盘
13:46:39	9.75	0.01	101	98475	买盘
13:46:30	9.74	--	23	22402	卖盘
13:46:27	9.74	-0.01	83	80842	卖盘
13:46:24	9.75	--	66	64350	买盘
13:46:21	9.75	--	64	62400	买盘
13:46:18	9.75	0.01	4	3900	买盘
13:46:15	9.74	--	31	30194	卖盘
13:46:12	9.74	-0.01	12	11688	卖盘
13:46:06	9.75	0.01	98	95550	买盘
13:46:03	9.74	--	135	131490	卖盘
13:45:57	9.74	-0.01	1	974	卖盘
13:45:54	9.75	0.01	120	117000	买盘
13:45:48	9.74	-0.01	40	38960	卖盘
13:45:45	9.75	0.01	8	7800	买盘
13:45:33	9.74	--	2	1948	卖盘
13:45:30	9.74	-0.01	3	2922	卖盘
13:45:24	9.75	--	55	53625	买盘
13:45:12	9.75	0.01	2	1950	买盘
13:45:09	9.74	--	16	15584	卖盘
13:45:03	9.74	0.01	29	28246	中性盘
13:44:57	9.73	-0.02	20	19460	卖盘
13:44:45	9.75	0.01	8	7800	买盘
13:44:42	9.74	0.01	12	11688	买盘
13:44:36	9.73	-0.01	135	131355	中性盘
13:44:27	9.74	--	202	196748	买盘
13:44:21	9.74	--	22	21428	买盘
13:44:18	9.74	0.02	9	8766	买盘
13:44:12	9.72	-0.03	263	255636	卖盘
13:44:03	9.75	0.01	781	761475	买盘
13:44:00	9.74	--	20	19480	卖盘
13:43:57	9.74	-0.01	10	9740	卖盘
13:43:54	9.75	0.01	1005	979875	买盘
13:43:36	9.74	-0.01	8	7792	卖盘
13:43:30	9.75	--	41	39975	买盘
13:43:27	9.75	0.01	88	85800	买盘
13:43:18	9.74	-0.01	17	16558	卖盘
13:43:15	9.75	0.01	32	31200	买盘
13:43:06	9.74	--	15	14610	买盘
13:43:03	9.74	--	4	3896	买盘
13:43:00	9.74	0.01	63	61362	卖盘
13:42:57	9.73	-0.01	53	51569	卖盘
13:42:51	9.74	-0.01	31	30194	卖盘
13:42:48	9.75	0.01	8	7800	买盘
13:42:39	9.74	-0.01	5	4870	卖盘
13:42:33	9.75	0.02	5	4875	买盘
13:42:30	9.73	-0.02	204	198492	卖盘
13:42:27	9.75	--	12	11700	买盘
13:42:21	9.75	0.01	92	89700	买盘
13:42:15	9.74	0.01	10	9740	中性盘
13:42:12	9.73	-0.02	149	144977	卖盘
13:42:09	9.75	--	94	91650	买盘
13:42:06	9.75	--	6	5850	买盘
13:42:03	9.75	--	42	40950	买盘
13:42:00	9.75	--	3	2925	买盘
13:41:54	9.75	0.01	144	140400	买盘
13:41:51	9.74	-0.01	4	3896	卖盘
13:41:48	9.75	0.01	1	975	买盘
13:41:45	9.74	--	1	974	买盘
13:41:39	9.74	--	130	126620	买盘
13:41:36	9.74	0.01	6	5844	买盘
13:41:33	9.73	-0.01	5	4865	卖盘
13:41:30	9.74	--	104	101296	买盘
13:41:24	9.74	0.02	42	40908	买盘
13:41:21	9.72	-0.01	50	48600	卖盘
13:41:15	9.73	--	5	4865	买盘
13:41:12	9.73	0.01	13	12649	买盘
13:41:06	9.72	-0.01	120	116640	卖盘
13:41:03	9.73	--	25	24325	买盘
13:40:57	9.73	-0.01	55	53515	卖盘
13:40:54	9.74	0.01	60	58440	买盘
13:40:51	9.73	-0.01	4	3892	卖盘
13:40:48	9.74	--	9	8766	买盘
13:40:42	9.74	0.01	56	54544	买盘
13:40:27	9.73	-0.01	22	21406	卖盘
13:40:24	9.74	0.01	3	2922	买盘
13:40:21	9.73	--	56	54488	卖盘
13:40:03	9.73	-0.01	12	11676	买盘
13:40:00	9.74	0.02	4	3896	买盘
13:39:57	9.72	-0.02	55	53460	卖盘
13:39:54	9.74	0.01	1	974	买盘
13:39:48	9.73	--	19	18487	卖盘
13:39:39	9.73	-0.01	6	5838	卖盘
13:39:36	9.74	0.01	6	5844	买盘
13:39:33	9.73	--	20	19460	卖盘
13:39:24	9.73	--	35	34055	卖盘
13:39:21	9.73	--	25	24325	卖盘
13:39:18	9.73	-0.01	1	973	卖盘
13:39:12	9.74	0.01	3	2922	买盘
13:39:09	9.73	--	2	1946	卖盘
13:39:03	9.73	--	3	2919	卖盘
13:38:54	9.73	-0.01	27	26271	卖盘
13:38:51	9.74	--	21	20454	买盘
13:38:48	9.74	0.01	4	3896	买盘
13:38:42	9.73	--	3	2919	卖盘
13:38:39	9.73	--	15	14595	卖盘
13:38:33	9.73	--	89	86597	卖盘
13:38:27	9.73	-0.01	100	97300	卖盘
13:38:24	9.74	0.01	3	2922	买盘
13:38:21	9.73	--	1	973	卖盘
13:38:18	9.73	-0.01	5	4865	卖盘
13:38:15	9.74	--	10	9740	买盘
13:38:06	9.74	-0.01	79	77890	卖盘
13:38:00	9.75	0.01	2	1950	买盘
13:37:57	9.74	--	26	25324	卖盘
13:37:54	9.74	--	800	779200	卖盘
13:37:45	9.74	-0.01	10	9740	卖盘
13:37:36	9.75	--	7	6825	买盘
13:37:33	9.75	0.01	3	2925	买盘
13:37:30	9.74	--	759	739266	卖盘
13:37:27	9.74	-0.01	7	6818	卖盘
13:37:24	9.75	0.01	1	975	买盘
13:37:18	9.74	-0.01	30	29220	卖盘
13:37:09	9.75	--	14	13650	买盘
13:37:03	9.75	--	109	106275	卖盘
13:36:54	9.75	--	10	9750	卖盘
13:36:51	9.75	--	43	41925	卖盘
13:36:48	9.75	--	100	97500	卖盘
13:36:45	9.75	--	12	11700	卖盘
13:36:42	9.75	-0.01	205	199875	卖盘
13:36:39	9.76	0.01	66	64416	买盘
13:36:36	9.75	--	1	975	卖盘
13:36:33	9.75	--	39	38025	卖盘
13:36:27	9.75	-0.01	3	2925	卖盘
13:36:24	9.76	--	73	71248	买盘
13:36:15	9.76	--	1	976	买盘
13:36:12	9.76	--	1	976	买盘
13:36:09	9.76	--	3	2928	买盘
13:36:06	9.76	--	5	4880	买盘
13:36:00	9.76	--	8	7808	买盘
13:35:54	9.76	--	1	976	买盘
13:35:45	9.76	--	12	11712	买盘
13:35:39	9.76	0.01	3	2928	买盘
13:35:36	9.75	-0.01	40	39000	卖盘
13:35:30	9.76	--	3	2928	买盘
13:35:27	9.76	--	4	3904	买盘
13:35:24	9.76	--	4	3904	买盘
13:35:21	9.76	--	4	3904	买盘
13:35:09	9.76	0.01	20	19520	买盘
13:35:06	9.75	-0.01	1	975	卖盘
13:35:03	9.76	--	5	4880	买盘
13:34:57	9.76	--	287	280112	卖盘
13:34:51	9.76	--	20	19520	卖盘
13:34:45	9.76	--	300	292800	卖盘
13:34:36	9.76	-0.01	1	976	卖盘
13:34:33	9.77	--	20	19540	买盘
13:34:30	9.77	--	98	95746	买盘
13:34:27	9.77	0.01	10	9770	买盘
13:34:21	9.76	-0.01	40	39040	卖盘
13:34:15	9.77	--	199	194423	买盘
13:34:09	9.77	--	58	56666	买盘
13:33:57	9.77	-0.01	115	112843	卖盘
13:33:51	9.78	0.01	4	3911	买盘
13:33:45	9.77	--	15	15143	买盘
13:33:39	9.77	--	4	3908	买盘
13:33:33	9.77	0.01	4	3908	买盘
13:33:27	9.76	--	55	53680	卖盘
13:33:15	9.76	-0.01	1	976	卖盘
13:33:12	9.77	--	2	1954	买盘
13:33:09	9.77	--	47	45919	买盘
13:33:00	9.77	0.01	1	977	买盘
13:32:48	9.76	-0.01	5	4880	卖盘
13:32:45	9.77	--	5	4885	买盘
13:32:42	9.77	--	27	26379	买盘
13:32:27	9.77	--	8	7816	买盘
13:32:21	9.77	--	4	3908	买盘
13:32:12	9.77	--	6	5862	买盘
13:32:06	9.77	--	10	10258	卖盘
13:32:03	9.77	--	66	64482	卖盘
13:32:00	9.77	-0.01	1	977	卖盘
13:31:57	9.78	0.01	5	4890	买盘
13:31:54	9.77	--	30	29310	卖盘
13:31:48	9.77	--	10	9770	卖盘
13:31:39	9.77	-0.01	1	977	卖盘
13:31:36	9.78	0.01	1	977	买盘
13:31:30	9.77	-0.01	4	3908	卖盘
13:31:27	9.78	0.01	3	2934	买盘
13:31:24	9.77	-0.01	10	9770	卖盘
13:31:21	9.78	--	10	9780	买盘
13:31:12	9.78	--	2	1955	买盘
13:31:06	9.78	--	10	9780	买盘
13:31:03	9.78	--	7	6846	买盘
13:30:51	9.78	--	1	977	买盘
13:30:48	9.78	--	15	14669	买盘
13:30:42	9.78	--	16	15647	买盘
13:30:39	9.78	--	5	4890	买盘
13:30:36	9.78	--	28	27384	买盘
13:30:30	9.78	--	30	29339	买盘
13:30:27	9.78	0.01	9	8802	买盘
13:30:21	9.77	-0.01	4	4396	卖盘
13:30:15	9.78	0.01	27	26406	买盘
13:30:12	9.77	--	1	977	卖盘
13:30:09	9.77	-0.01	10	9770	卖盘
13:30:00	9.78	--	6	5868	买盘
13:29:54	9.78	--	6	5868	买盘
13:29:51	9.78	--	11	10758	卖盘
13:29:48	9.78	-0.01	1	977	卖盘
13:29:45	9.79	--	30	29369	买盘
13:29:42	9.79	--	20	19580	买盘
13:29:39	9.79	0.01	17	16643	买盘
13:29:36	9.78	0.01	3	2934	中性盘
13:29:27	9.77	-0.02	3	2931	卖盘
13:29:24	9.79	--	1	978	买盘
13:29:15	9.79	--	5	4895	买盘
13:29:06	9.79	--	31	30348	卖盘
13:29:03	9.79	--	100	97899	卖盘
13:29:00	9.79	--	17	16643	卖盘
13:28:57	9.79	-0.01	82	80278	卖盘
13:28:51	9.8	--	443	434140	买盘
13:28:48	9.8	0.01	20	19600	买盘
13:28:45	9.79	--	812	794947	卖盘
13:28:42	9.79	-0.01	36	35244	卖盘
13:28:39	9.8	--	2	1960	买盘
13:28:36	9.8	--	20	19600	买盘
13:28:33	9.8	0.01	20	19600	买盘
13:28:30	9.79	--	5	4895	卖盘
13:28:27	9.79	--	77	75383	卖盘
13:28:24	9.79	-0.01	41	40139	卖盘
13:28:21	9.8	--	241	236180	买盘
13:28:18	9.8	--	128	125440	买盘
13:28:15	9.8	--	100	98000	买盘
13:28:12	9.8	--	150	147000	买盘
13:28:06	9.8	0.01	82	80360	买盘
13:28:03	9.79	-0.01	2	1957	卖盘
13:28:00	9.8	0.01	4	3920	买盘
13:27:54	9.79	--	63	61676	卖盘
13:27:51	9.79	0.02	55	53844	买盘
13:27:48	9.77	-0.03	6	5862	卖盘
13:27:45	9.8	0.04	800	784000	买盘
13:27:39	9.76	-0.04	49	47824	卖盘
13:27:36	9.8	0.01	36	35280	买盘
13:27:33	9.79	-0.01	3	2936	中性盘
13:27:27	9.8	0.01	114	111720	买盘
13:27:24	9.79	--	45	44054	买盘
13:27:18	9.79	-0.01	1	978	卖盘
13:27:12	9.8	0.01	1	980	买盘
13:27:09	9.79	--	48	46991	买盘
13:27:03	9.79	--	221	216358	买盘
13:27:00	9.79	--	42	41118	买盘
13:26:57	9.79	0.01	200	195799	买盘
13:26:54	9.78	-0.01	322	314916	卖盘
13:26:51	9.79	0.01	1	978	买盘
13:26:48	9.78	-0.01	5	4890	卖盘
13:26:45	9.79	0.01	3	2936	买盘
13:26:39	9.78	0.01	141	137898	买盘
13:26:36	9.77	--	4	3908	买盘
13:26:33	9.77	--	4	3908	买盘
13:26:30	9.77	-0.02	67	65459	卖盘
13:26:27	9.79	--	159	155661	买盘
13:26:24	9.79	0.01	242	236917	买盘
13:26:21	9.78	-0.01	1	977	中性盘
13:26:18	9.79	0.01	279	273141	买盘
13:26:15	9.78	--	46	44988	买盘
13:26:12	9.78	-0.01	377	369195	卖盘
13:26:09	9.79	--	14	13705	买盘
13:26:06	9.79	0.01	91	89088	买盘
13:26:00	9.78	--	455	444990	卖盘
13:25:57	9.78	--	10	9780	卖盘
13:25:54	9.78	-0.01	28	27384	卖盘
13:25:51	9.79	0.03	2086	2042683	买盘
13:25:48	9.76	-0.01	5	4880	卖盘
13:25:45	9.77	0.01	1	977	买盘
13:25:42	9.76	-0.01	59	57584	卖盘
13:25:39	9.77	0.01	4	3908	买盘
13:25:33	9.76	--	50	48800	卖盘
13:25:30	9.76	-0.01	14	13664	卖盘
13:25:27	9.77	--	77	75229	买盘
13:25:21	9.77	--	1	977	买盘
13:25:12	9.77	0.01	131	127987	买盘
13:25:09	9.76	--	10	9760	卖盘
13:25:03	9.76	--	6	5856	卖盘
13:25:00	9.76	-0.01	49	47824	卖盘
13:24:57	9.77	0.01	24	23448	买盘
13:24:51	9.76	-0.01	24	23424	卖盘
13:24:45	9.77	--	8	7816	买盘
13:24:39	9.77	0.01	1	977	买盘
13:24:36	9.76	0.01	11	10736	买盘
13:24:33	9.75	-0.02	38	37050	卖盘
13:24:27	9.77	0.02	38	37126	买盘
13:24:24	9.75	--	15	14625	卖盘
13:24:18	9.75	-0.01	66	64350	卖盘
13:24:15	9.76	0.01	2	1952	买盘
13:24:09	9.75	-0.01	10	9750	卖盘
13:24:06	9.76	--	20	19520	买盘
13:24:03	9.76	--	55	53680	买盘
13:24:00	9.76	0.01	2	1952	买盘
13:23:57	9.75	-0.01	213	207675	卖盘
13:23:54	9.76	0.01	1	976	买盘
13:23:51	9.75	--	25	24375	卖盘
13:23:45	9.75	--	1	975	卖盘
13:23:42	9.75	-0.01	4	3900	卖盘
13:23:39	9.76	0.01	37	36112	买盘
13:23:36	9.75	--	5	4875	卖盘
13:23:33	9.75	--	88	85800	卖盘
13:23:24	9.75	--	10	9750	卖盘
13:23:12	9.75	-0.01	30	29250	卖盘
13:23:09	9.76	0.01	38	37088	买盘
13:23:03	9.75	--	497	484575	卖盘
13:23:00	9.75	--	50	48750	卖盘
13:22:54	9.75	--	1	975	卖盘
13:22:51	9.75	--	258	251550	卖盘
13:22:48	9.75	--	12	11700	卖盘
13:22:42	9.75	--	3	2925	卖盘
13:22:39	9.75	--	9	8775	卖盘
13:22:33	9.75	-0.01	9	8775	卖盘
13:22:24	9.76	--	1	976	买盘
13:22:21	9.76	0.01	12	11712	买盘
13:22:18	9.75	--	50	48750	卖盘
13:22:15	9.75	-0.01	10	9750	卖盘
13:22:12	9.76	--	57	55632	买盘
13:22:06	9.76	--	15	14640	买盘
13:22:03	9.76	--	2	1952	买盘
13:21:48	9.76	-0.01	16	15616	卖盘
13:21:45	9.77	--	10	9770	买盘
13:21:42	9.77	0.01	1	977	买盘
13:21:39	9.76	--	4	3904	卖盘
13:21:33	9.76	-0.01	10	9760	卖盘
13:21:27	9.77	0.01	1	977	买盘
13:21:21	9.76	-0.01	219	213744	卖盘
13:21:15	9.77	--	8	7816	买盘
13:21:12	9.77	--	5	4885	买盘
13:21:09	9.77	--	8	8304	卖盘
13:21:06	9.77	--	10	9770	卖盘
13:21:03	9.77	--	11	10747	卖盘
13:21:00	9.77	-0.01	3	2931	卖盘
13:20:57	9.78	0.01	1	977	买盘
13:20:54	9.77	--	117	114309	卖盘
13:20:51	9.77	--	10	9770	卖盘
13:20:48	9.77	-0.01	35	34195	卖盘
13:20:45	9.78	0.01	36	35208	买盘
13:20:42	9.77	--	10	9770	卖盘
13:20:39	9.77	--	20	19540	卖盘
13:20:33	9.77	--	4	3908	卖盘
13:20:30	9.77	-0.01	3	2931	卖盘
13:20:27	9.78	0.01	5	4890	买盘
13:20:18	9.77	--	5	4885	卖盘
13:20:15	9.77	-0.01	3	2931	卖盘
13:20:12	9.78	0.01	1	977	买盘
13:20:09	9.77	--	4	3908	卖盘
13:20:06	9.77	--	20	19540	卖盘
13:19:57	9.77	--	99	96723	卖盘
13:19:54	9.77	-0.01	20	19540	卖盘
13:19:51	9.78	--	1	977	买盘
13:19:48	9.78	0.01	2	1955	买盘
13:19:42	9.77	--	10	9770	卖盘
13:19:36	9.77	-0.01	132	128964	卖盘
13:19:33	9.78	--	4	3911	买盘
13:19:30	9.78	0.01	1	977	买盘
13:19:21	9.77	--	62	60574	卖盘
13:19:18	9.77	-0.01	5	4885	卖盘
13:19:09	9.78	0.01	2	1955	买盘
13:19:03	9.77	-0.01	6	5862	卖盘
13:19:00	9.78	--	67	65525	买盘
13:18:45	9.78	--	14	13692	买盘
13:18:33	9.78	--	13	12714	卖盘
13:18:30	9.78	--	37	36186	卖盘
13:18:27	9.78	--	3	2934	卖盘
13:18:24	9.78	-0.01	61	59657	卖盘
13:18:21	9.79	0.01	154	150766	买盘
13:18:18	9.78	-0.01	20	19560	卖盘
13:18:15	9.79	0.01	255	249644	买盘
13:18:09	9.78	-0.01	20	19560	卖盘
13:18:06	9.79	0.01	6	5873	买盘
13:18:03	9.78	-0.01	60	58679	卖盘
13:18:00	9.79	0.01	9	8811	买盘
13:17:57	9.78	--	2	1955	卖盘
13:17:54	9.78	--	7	6846	卖盘
13:17:51	9.78	--	231	225917	卖盘
13:17:45	9.78	--	11	10758	卖盘
13:17:39	9.78	-0.01	38	37164	卖盘
13:17:30	9.79	0.01	1	978	买盘
13:17:27	9.78	--	28	27384	卖盘
13:17:24	9.78	-0.01	10	9780	卖盘
13:17:15	9.79	--	15	14684	买盘
13:17:12	9.79	0.01	90	88109	买盘
13:17:09	9.78	--	103	100734	卖盘
13:17:06	9.78	--	1	977	卖盘
13:17:00	9.78	--	92	89976	卖盘
13:16:57	9.78	--	54	52812	卖盘
13:16:54	9.78	--	10	9780	卖盘
13:16:51	9.78	--	16	15647	卖盘
13:16:48	9.78	--	16	15647	卖盘
13:16:45	9.78	--	1	977	卖盘
13:16:42	9.78	--	359	351102	买盘
13:16:39	9.78	0.01	510	498779	买盘
13:16:36	9.77	0.02	294	287726	买盘
13:16:33	9.75	--	50	48750	卖盘
13:16:30	9.75	--	5	4875	卖盘
13:16:27	9.75	-0.01	117	114075	卖盘
13:16:21	9.76	0.01	10	9760	买盘
13:16:18	9.75	0.01	157	153075	买盘
13:16:15	9.74	-0.01	10	9740	卖盘
13:16:09	9.75	--	5	4875	买盘
13:16:06	9.75	--	83	80925	买盘
13:16:03	9.75	0.01	1	975	买盘
13:15:54	9.74	-0.01	100	97400	卖盘
13:15:51	9.75	--	1	975	买盘
13:15:48	9.75	--	12	11700	买盘
13:15:42	9.75	--	30	29250	买盘
13:15:39	9.75	0.01	1	975	买盘
13:15:30	9.74	-0.01	8	7792	卖盘
13:15:27	9.75	--	1	975	买盘
13:15:24	9.75	0.01	2	1950	买盘
13:15:21	9.74	-0.01	109	106166	卖盘
13:15:12	9.75	--	40	39000	买盘
13:15:09	9.75	0.01	13	12675	买盘
13:15:06	9.74	--	10	9740	卖盘
13:15:03	9.74	-0.01	107	104218	卖盘
13:15:00	9.75	--	30	29250	买盘
13:14:54	9.75	--	2	1950	买盘
13:14:51	9.75	--	5	4875	买盘
13:14:48	9.75	0.01	60	58500	买盘
13:14:45	9.74	-0.01	7	6818	卖盘
13:14:39	9.75	--	30	29250	买盘
13:14:30	9.75	--	26	25350	买盘
13:14:27	9.75	0.01	62	60450	买盘
13:14:24	9.74	-0.01	15	14610	卖盘
13:14:21	9.75	0.01	110	107250	买盘
13:14:18	9.74	-0.01	52	50648	卖盘
13:14:15	9.75	0.01	29	28275	买盘
13:14:03	9.74	-0.01	60	58440	卖盘
13:14:00	9.75	0.01	1	975	买盘
13:13:54	9.74	--	50	48700	卖盘
13:13:51	9.74	-0.01	2	1948	卖盘
13:13:45	9.75	--	2	1950	买盘
13:13:42	9.75	--	19	18525	买盘
13:13:39	9.75	--	21	20475	买盘
13:13:36	9.75	--	257	250575	卖盘
13:13:33	9.75	--	42	40950	卖盘
13:13:30	9.75	-0.01	4	3900	卖盘
13:13:18	9.76	--	3	2928	买盘
13:13:12	9.76	--	13	12688	卖盘
13:13:09	9.76	--	4	3904	买盘
13:13:06	9.76	0.01	2	1952	中性盘
13:12:57	9.75	-0.02	202	196950	卖盘
13:12:54	9.77	-0.01	3	2931	中性盘
13:12:45	9.78	--	2	1955	买盘
13:12:42	9.78	--	11	10758	买盘
13:12:39	9.78	0.03	1	977	买盘
13:12:36	9.75	-0.03	50	48750	卖盘
13:12:33	9.78	--	2	1955	买盘
13:12:30	9.78	--	1	977	买盘
13:12:27	9.78	--	74	72372	买盘
13:12:24	9.78	0.01	7	6846	买盘
13:12:21	9.77	-0.01	15	15143	卖盘
13:12:12	9.78	--	3	2934	买盘
13:12:09	9.78	--	2	1955	买盘
13:12:03	9.78	--	15	14669	买盘
13:12:00	9.78	0.01	54	52812	买盘
13:11:57	9.77	-0.02	99	96723	卖盘
13:11:54	9.79	0.01	243	237896	买盘
13:11:51	9.78	-0.01	10	9780	卖盘
13:11:48	9.79	0.01	52	50907	买盘
13:11:42	9.78	-0.01	9	8802	中性盘
13:11:36	9.79	0.02	16	15663	买盘
13:11:33	9.77	-0.02	19	18563	卖盘
13:11:30	9.79	0.01	502	491457	买盘
13:11:27	9.78	--	1	977	买盘
13:11:21	9.78	--	41	40098	买盘
13:11:18	9.78	0.01	27	26406	买盘
13:11:12	9.77	--	2	1954	卖盘
13:11:09	9.77	-0.01	35	34195	卖盘
13:11:06	9.78	--	305	298290	买盘
13:11:03	9.78	--	35	34230	买盘
13:10:57	9.78	--	5	4890	买盘
13:10:54	9.78	--	374	365772	买盘
13:10:51	9.78	--	25	24450	买盘
13:10:45	9.78	--	32	31295	买盘
13:10:42	9.78	--	1	977	买盘
13:10:36	9.78	--	2	1955	买盘
13:10:33	9.78	--	53	51834	买盘
13:10:30	9.78	--	36	35208	买盘
13:10:27	9.78	--	26	25428	买盘
13:10:24	9.78	0.01	5	4890	买盘
13:10:21	9.77	-0.01	55	53735	卖盘
13:10:18	9.78	0.01	7	6846	买盘
13:10:15	9.77	-0.01	10	9770	卖盘
13:10:12	9.78	--	3	2934	买盘
13:10:06	9.78	0.01	34	33252	买盘
13:10:03	9.77	--	18	17586	卖盘
13:10:00	9.77	--	307	300427	买盘
13:09:57	9.77	0.01	2	1954	买盘
13:09:54	9.76	--	2	1952	买盘
13:09:51	9.76	-0.01	275	268400	卖盘
13:09:48	9.77	--	260	254020	买盘
13:09:45	9.77	--	10	9770	买盘
13:09:42	9.77	--	17	16609	买盘
13:09:36	9.77	--	160	156320	买盘
13:09:33	9.77	--	11	10747	买盘
13:09:24	9.77	--	10	9770	买盘
13:09:21	9.77	0.01	7	6839	买盘
13:09:18	9.76	--	10	9760	买盘
13:09:15	9.76	-0.01	51	49776	中性盘
13:09:12	9.77	0.01	543	530511	买盘
13:09:09	9.76	--	6	5856	买盘
13:09:06	9.76	--	2	1952	买盘
13:09:03	9.76	--	35	34160	买盘
13:09:00	9.76	0.01	7	6832	买盘
13:08:57	9.75	-0.01	2	1950	卖盘
13:08:51	9.76	--	8	7808	买盘
13:08:48	9.76	--	12	11712	买盘
13:08:45	9.76	--	40	39040	买盘
13:08:42	9.76	--	100	97600	买盘
13:08:39	9.76	--	9	8784	买盘
13:08:36	9.76	--	12	11712	买盘
13:08:33	9.76	--	2	1952	买盘
13:08:30	9.76	--	51	49776	买盘
13:08:24	9.76	--	18	17568	买盘
13:08:15	9.76	--	43	41968	买盘
13:08:12	9.76	0.01	61	59536	买盘
13:08:09	9.75	-0.01	4	3900	卖盘
13:08:06	9.76	0.01	2	1952	买盘
13:08:03	9.75	-0.01	218	212550	卖盘
13:08:00	9.76	--	30	29280	买盘
13:07:54	9.76	--	2	1952	买盘
13:07:51	9.76	--	2	1952	买盘
13:07:48	9.76	--	9	8784	买盘
13:07:45	9.76	--	12	11712	买盘
13:07:42	9.76	--	197	192272	买盘
13:07:39	9.76	--	30	29280	买盘
13:07:36	9.76	0.01	30	29280	买盘
13:07:33	9.75	-0.01	19	18525	卖盘
13:07:30	9.76	--	1	976	买盘
13:07:27	9.76	0.01	250	244000	买盘
13:07:24	9.75	--	28	27300	卖盘
13:07:21	9.75	-0.01	99	96525	卖盘
13:07:18	9.76	--	17	16592	买盘
13:07:12	9.76	--	23	22448	买盘
13:07:09	9.76	--	8	7808	买盘
13:07:06	9.76	0.01	23	22448	买盘
13:07:03	9.75	--	2	1950	买盘
13:07:00	9.75	--	4	3900	买盘
13:06:57	9.75	-0.01	22	21450	中性盘
13:06:54	9.76	0.01	107	104432	买盘
13:06:48	9.75	--	109	106275	买盘
13:06:45	9.75	--	4	3900	买盘
13:06:42	9.75	--	2	1950	买盘
13:06:39	9.75	--	21	20475	买盘
13:06:36	9.75	--	52	50700	买盘
13:06:33	9.75	0.01	42	40950	买盘
13:06:24	9.74	-0.01	13	12691	卖盘
13:06:18	9.75	--	21	20475	买盘
13:06:15	9.75	--	28	27300	买盘
13:06:12	9.75	--	17	16575	买盘
13:06:09	9.75	--	410	399750	买盘
13:06:06	9.75	--	7	6825	买盘
13:06:03	9.75	--	8	7800	买盘
13:06:00	9.75	--	2	1950	买盘
13:05:51	9.75	0.01	32	31200	买盘
13:05:45	9.74	-0.01	5	4870	卖盘
13:05:39	9.75	0.01	2	1950	买盘
13:05:36	9.74	-0.01	6	5844	卖盘
13:05:33	9.75	0.01	3	2925	买盘
13:05:30	9.74	--	10	9740	卖盘
13:05:27	9.74	-0.01	54	52596	卖盘
13:05:21	9.75	--	10	9750	买盘
13:05:18	9.75	--	2	1950	买盘
13:05:15	9.75	0.01	1	975	买盘
13:05:12	9.74	-0.01	22	21428	卖盘
13:05:09	9.75	--	2	1950	买盘
13:05:06	9.75	0.01	3	2925	买盘
13:04:54	9.74	--	5	4870	卖盘
13:04:51	9.74	-0.01	3	2922	卖盘
13:04:48	9.75	--	7	6825	买盘
13:04:45	9.75	--	1	975	买盘
13:04:39	9.75	--	10	9750	买盘
13:04:36	9.75	--	2	1950	买盘
13:04:33	9.75	--	13	12675	买盘
13:04:30	9.75	--	30	29250	买盘
13:04:27	9.75	--	50	48750	买盘
13:04:24	9.75	--	12	11700	买盘
13:04:21	9.75	0.01	3	2925	买盘
13:04:18	9.74	-0.01	20	19480	卖盘
13:04:15	9.75	0.01	25	24375	买盘
13:04:09	9.74	--	50	48700	卖盘
13:04:06	9.74	-0.01	76	74024	卖盘
13:04:03	9.75	0.01	2	1950	买盘
13:03:57	9.74	--	3	2922	买盘
13:03:54	9.74	--	9	8766	买盘
13:03:51	9.74	--	3	2922	买盘
13:03:48	9.74	--	1	974	买盘
13:03:45	9.74	-0.01	40	38960	卖盘
13:03:39	9.75	0.01	3	2925	买盘
13:03:36	9.74	--	35	34090	卖盘
13:03:30	9.74	-0.01	216	210384	卖盘
13:03:27	9.75	0.01	6	5850	买盘
13:03:24	9.74	0.01	231	224994	买盘
13:03:21	9.73	-0.01	34	33082	卖盘
13:03:18	9.74	--	15	14610	买盘
13:03:12	9.74	--	1	974	买盘
13:03:09	9.74	--	2	1948	买盘
13:03:06	9.74	--	10	9740	买盘
13:03:03	9.74	-0.01	255	248370	卖盘
13:02:54	9.75	0.01	5	4875	买盘
13:02:51	9.74	--	519	505506	卖盘
13:02:48	9.74	--	47	45778	卖盘
13:02:45	9.74	--	12	11688	卖盘
13:02:42	9.74	-0.01	62	60388	卖盘
13:02:36	9.75	--	69	67977	卖盘
13:02:33	9.75	--	53	51675	卖盘
13:02:30	9.75	--	30	29250	卖盘
13:02:27	9.75	-0.01	10	9750	卖盘
13:02:24	9.76	0.01	67	65392	买盘
13:02:21	9.75	--	271	264225	卖盘
13:02:18	9.75	--	174	169650	卖盘
13:02:15	9.75	-0.01	20	19500	卖盘
13:02:12	9.76	--	102	99552	买盘
13:02:03	9.76	--	2	1952	买盘
13:02:00	9.76	--	54	52704	买盘
13:01:57	9.76	0.01	86	83936	买盘
13:01:54	9.75	-0.01	22	21450	卖盘
13:01:51	9.76	--	2	1952	买盘
13:01:48	9.76	--	20	19520	买盘
13:01:42	9.76	--	8	7808	买盘
13:01:39	9.76	--	2	1952	买盘
13:01:36	9.76	--	1	976	买盘
13:01:27	9.76	--	2	1952	买盘
13:01:24	9.76	--	2	1952	买盘
13:01:18	9.76	--	2	1952	买盘
13:01:15	9.76	0.01	116	113489	买盘
13:01:12	9.75	--	1	975	买盘
13:01:09	9.75	--	6	5850	买盘
13:01:00	9.75	--	113	110175	买盘
13:00:57	9.75	--	2	1950	买盘
13:00:54	9.75	--	9	8775	买盘
13:00:51	9.75	0.01	30	29250	买盘
13:00:39	9.74	-0.01	1	974	卖盘
13:00:33	9.75	--	2	1950	买盘
13:00:30	9.75	--	21	20475	买盘
13:00:27	9.75	--	10	9750	买盘
13:00:21	9.75	0.01	2	1950	买盘
13:00:18	9.74	-0.01	2	1948	卖盘
13:00:15	9.75	0.01	32	31200	买盘
13:00:12	9.74	--	51	49674	卖盘
13:00:09	9.74	--	35	34090	卖盘
13:00:06	9.74	--	415	404210	买盘
13:00:03	9.74	--	10	9740	买盘
11:30:03	9.74	--	0	0	买盘
11:29:54	9.74	--	7	6818	买盘
11:29:51	9.74	--	9	8766	卖盘
11:29:42	9.74	-0.01	9	8766	卖盘
11:29:36	9.75	0.01	5	4875	买盘
11:29:33	9.74	--	1	974	买盘
11:29:30	9.74	--	3	2922	买盘
11:29:24	9.74	--	2	1948	买盘
11:29:21	9.74	-0.01	10	9740	卖盘
11:29:18	9.75	--	102	99450	买盘
11:29:06	9.75	--	1	975	买盘
11:29:03	9.75	--	4	3900	买盘
11:29:00	9.75	-0.01	72	70902	卖盘
11:28:57	9.76	0.01	201	196176	买盘
11:28:51	9.75	--	116	113100	卖盘
11:28:42	9.75	--	67	65598	买盘
11:28:39	9.75	--	4	3900	买盘
11:28:36	9.75	--	4	3900	买盘
11:28:33	9.75	0.02	30	29250	买盘
11:28:30	9.73	--	16	15568	买盘
11:28:21	9.73	--	2	1946	买盘
11:28:18	9.73	-0.02	131	127463	卖盘
11:28:12	9.75	0.01	700	682500	买盘
11:28:03	9.74	--	1	974	买盘
11:27:57	9.74	--	1	974	买盘
11:27:54	9.74	--	23	22402	买盘
11:27:51	9.74	0.01	50	48700	买盘
11:27:48	9.73	--	11	10703	卖盘
11:27:45	9.73	--	10	9730	卖盘
11:27:42	9.73	--	10	9730	卖盘
11:27:39	9.73	--	11	10703	买盘
11:27:36	9.73	0.01	2	1946	买盘
11:27:27	9.72	--	1	972	卖盘
11:27:21	9.72	--	30	29160	卖盘
11:27:18	9.72	-0.01	201	195372	卖盘
11:27:15	9.73	--	3	2919	买盘
11:27:09	9.73	--	4	3892	买盘
11:27:06	9.73	0.02	3	2919	买盘
11:27:00	9.71	--	30	29130	卖盘
11:26:54	9.71	-0.02	311	301981	卖盘
11:26:51	9.73	0.01	2	1946	买盘
11:26:48	9.72	--	12	11664	卖盘
11:26:45	9.72	-0.01	8	7776	卖盘
11:26:42	9.73	0.01	4	3892	买盘
11:26:39	9.72	--	3	2916	买盘
11:26:36	9.72	--	8	7776	卖盘
11:26:33	9.72	--	15	14580	买盘
11:26:30	9.72	--	1	972	买盘
11:26:24	9.72	--	7	6804	卖盘
11:26:15	9.72	-0.01	12	11664	卖盘
11:26:09	9.73	--	42	40866	买盘
11:26:06	9.73	0.01	7	6811	买盘
11:26:03	9.72	-0.01	52	50544	卖盘
11:26:00	9.73	--	42	40866	买盘
11:25:57	9.73	--	84	81732	买盘
11:25:54	9.73	0.02	42	40866	买盘
11:25:51	9.71	-0.01	44	42724	卖盘
11:25:48	9.72	0.01	42	40824	买盘
11:25:45	9.71	-0.01	62	60202	卖盘
11:25:42	9.72	0.01	2	1944	买盘
11:25:39	9.71	-0.01	30	29130	卖盘
11:25:36	9.72	--	2	1944	买盘
11:25:33	9.72	--	42	40824	买盘
11:25:30	9.72	--	2	1944	买盘
11:25:27	9.72	--	184	178848	买盘
11:25:21	9.72	0.01	7	6804	买盘
11:25:15	9.71	-0.01	4	3884	卖盘
11:25:12	9.72	--	5	4860	买盘
11:25:09	9.72	--	38	36936	买盘
11:25:03	9.72	-0.01	35	34020	卖盘
11:25:00	9.73	0.01	5	4865	买盘
11:24:57	9.72	--	26	25272	卖盘
11:24:54	9.72	--	10	9720	卖盘
11:24:48	9.72	-0.01	10	9720	卖盘
11:24:39	9.73	--	12	11676	买盘
11:24:27	9.73	--	20	19460	买盘
11:24:18	9.73	0.01	41	39893	买盘
11:24:12	9.72	-0.01	24	23328	卖盘
11:24:06	9.73	--	60	58380	卖盘
11:23:57	9.73	--	64	62272	卖盘
11:23:54	9.73	--	2	1946	卖盘
11:23:51	9.73	--	14	13622	卖盘
11:23:48	9.73	0.01	112	108976	买盘
11:23:45	9.72	--	98	95256	卖盘
11:23:42	9.72	--	31	30132	卖盘
11:23:39	9.72	-0.01	111	107892	卖盘
11:23:36	9.73	--	10	9730	买盘
11:23:33	9.73	0.01	34	33082	买盘
11:23:27	9.72	-0.01	1	972	卖盘
11:23:21	9.73	-0.01	1	973	中性盘
11:23:15	9.74	0.02	3	2922	买盘
11:23:12	9.72	-0.01	575	558900	卖盘
11:23:06	9.73	--	79	76867	卖盘
11:23:03	9.73	-0.01	6	5838	卖盘
11:23:00	9.74	--	5	4870	买盘
11:22:51	9.74	--	2	1948	买盘
11:22:45	9.74	--	20	19480	买盘
11:22:42	9.74	--	11	10714	卖盘
11:22:39	9.74	-0.01	45	43830	卖盘
11:22:36	9.75	--	5	4875	买盘
11:22:33	9.75	--	9	8775	买盘
11:22:30	9.75	--	100	97500	买盘
11:22:24	9.75	0.01	44	42900	买盘
11:22:21	9.74	-0.01	10	9740	卖盘
11:22:18	9.75	--	13	12675	买盘
11:22:15	9.75	--	15	14625	买盘
11:22:12	9.75	0.01	2	1950	买盘
11:22:09	9.74	-0.01	14	13636	卖盘
11:22:06	9.75	0.01	28	27300	买盘
11:22:03	9.74	-0.01	4	3896	卖盘
11:22:00	9.75	--	5	4875	买盘
11:21:57	9.75	--	3	2925	买盘
11:21:48	9.75	--	357	348777	卖盘
11:21:45	9.75	--	1	975	卖盘
11:21:33	9.75	--	2	1950	卖盘
11:21:30	9.75	--	24	23400	卖盘
11:21:27	9.75	--	100	97500	卖盘
11:21:24	9.75	--	3	2925	卖盘
11:21:12	9.75	-0.01	5	4875	卖盘
11:21:03	9.76	0.01	1	976	买盘
11:21:00	9.75	0.01	39	38298	买盘
11:20:57	9.74	--	1	974	卖盘
11:20:54	9.74	-0.01	10	9740	卖盘
11:20:48	9.75	--	27	26325	买盘
11:20:45	9.75	--	10	9750	买盘
11:20:33	9.75	--	1	975	买盘
11:20:27	9.75	--	42	40950	买盘
11:20:24	9.75	0.01	300	292500	买盘
11:20:15	9.74	0.01	2	1948	买盘
11:20:09	9.73	-0.01	15	14595	卖盘
11:20:06	9.74	--	2	1948	买盘
11:20:03	9.74	0.01	57	55518	买盘
11:19:57	9.73	--	66	64218	卖盘
11:19:54	9.73	-0.01	4	3892	卖盘
11:19:51	9.74	-0.01	142	138308	中性盘
11:19:45	9.75	--	1	975	买盘
11:19:42	9.75	0.02	42	40950	买盘
11:19:39	9.73	-0.02	6	5838	卖盘
11:19:36	9.75	--	42	40950	买盘
11:19:33	9.75	0.02	42	40950	买盘
11:19:30	9.73	-0.01	40	38920	卖盘
11:19:27	9.74	--	40	38960	买盘
11:19:18	9.74	--	117	113958	买盘
11:19:15	9.74	0.01	2	1948	买盘
11:19:12	9.73	-0.01	2	1946	卖盘
11:19:09	9.74	0.01	10	9740	买盘
11:19:06	9.73	-0.01	20	19460	卖盘
11:19:00	9.74	--	42	40908	买盘
11:18:54	9.74	0.01	3	2922	买盘
11:18:51	9.73	--	9	8757	卖盘
11:18:48	9.73	--	5	4865	卖盘
11:18:45	9.73	--	10	9730	卖盘
11:18:39	9.73	--	10	9730	卖盘
11:18:33	9.73	--	278	270494	卖盘
11:18:27	9.73	--	48	46704	卖盘
11:18:21	9.73	--	10	9730	卖盘
11:18:18	9.73	-0.01	50	48650	卖盘
11:18:12	9.74	--	10	9740	买盘
11:18:09	9.74	0.01	100	97400	买盘
11:18:06	9.73	-0.01	20	19460	卖盘
11:18:00	9.74	--	8	7792	买盘
11:17:51	9.74	--	13	12662	卖盘
11:17:42	9.74	--	10	9740	卖盘
11:17:36	9.74	--	5	4870	卖盘
11:17:33	9.74	--	10	9740	卖盘
11:17:21	9.74	--	1	974	卖盘
11:17:18	9.74	-0.01	91	88634	中性盘
11:17:12	9.75	0.01	210	204750	买盘
11:17:09	9.74	--	2	1948	买盘
11:17:06	9.74	--	55	53570	卖盘
11:17:03	9.74	-0.01	5	4870	卖盘
11:17:00	9.75	0.01	36	35100	买盘
11:16:57	9.74	--	28	27272	卖盘
11:16:51	9.74	--	10	9740	卖盘
11:16:45	9.74	-0.01	21	20454	卖盘
11:16:42	9.75	0.01	24	23400	买盘
11:16:36	9.74	0.01	104	101296	买盘
11:16:33	9.73	--	5	4865	卖盘
11:16:30	9.73	--	100	97300	卖盘
11:16:27	9.73	--	10	9730	卖盘
11:16:21	9.73	--	10	9730	卖盘
11:16:15	9.73	-0.01	5	4865	卖盘
11:16:12	9.74	--	10	9740	买盘
11:16:09	9.74	--	30	29220	买盘
11:16:06	9.74	--	53	51622	卖盘
11:16:03	9.74	-0.01	50	48700	卖盘
11:15:57	9.75	--	47	45825	买盘
11:15:54	9.75	0.01	22	21450	买盘
11:15:45	9.74	-0.01	26	25324	卖盘
11:15:42	9.75	--	25	24375	买盘
11:15:39	9.75	--	4	3900	买盘
11:15:36	9.75	--	1	975	买盘
11:15:33	9.75	-0.01	115	112827	卖盘
11:15:30	9.76	0.01	23	22448	买盘
11:15:27	9.75	--	17	16575	卖盘
11:15:24	9.75	-0.01	415	404625	卖盘
11:15:21	9.76	--	22	21472	买盘
11:15:18	9.76	0.01	77	75152	买盘
11:15:15	9.75	--	5	4875	卖盘
11:15:12	9.75	--	60	58500	卖盘
11:15:09	9.75	--	859	837798	买盘
11:15:06	9.75	0.01	64	62400	买盘
11:15:03	9.74	--	25	24350	卖盘
11:15:00	9.74	-0.01	10	9740	卖盘
11:14:57	9.75	--	58	56550	买盘
11:14:51	9.75	0.01	44	42900	买盘
11:14:48	9.74	-0.01	9	8766	卖盘
11:14:39	9.75	0.03	54	52650	买盘
11:14:36	9.72	-0.03	56	54432	卖盘
11:14:33	9.75	--	370	360750	买盘
11:14:30	9.75	--	1	975	买盘
11:14:27	9.75	0.02	600	585000	买盘
11:14:24	9.73	-0.02	37	36001	中性盘
11:14:15	9.75	0.02	400	390000	买盘
11:14:12	9.73	-0.01	30	29190	买盘
11:14:09	9.74	0.01	81	78894	买盘
11:14:03	9.73	-0.01	155	150815	卖盘
11:14:00	9.74	--	92	89608	买盘
11:13:57	9.74	--	6	5844	买盘
11:13:54	9.74	--	42	40908	买盘
11:13:51	9.74	0.01	135	131490	买盘
11:13:48	9.73	--	6	5838	卖盘
11:13:45	9.73	-0.01	571	555583	卖盘
11:13:42	9.74	0.01	301	293174	买盘
11:13:36	9.73	--	41	39893	卖盘
11:13:33	9.73	--	101	98273	买盘
11:13:30	9.73	-0.01	2	1946	中性盘
11:13:27	9.74	0.01	80	77920	买盘
11:13:24	9.73	--	252	245196	买盘
11:13:18	9.73	0.01	100	97300	买盘
11:13:15	9.72	-0.02	285	277020	卖盘
11:13:12	9.74	0.01	25	24350	买盘
11:13:06	9.73	--	4	3892	中性盘
11:13:00	9.73	-0.01	4	3892	卖盘
11:12:57	9.74	--	31	30194	买盘
11:12:54	9.74	0.01	45	43830	买盘
11:12:48	9.73	-0.01	5	4865	卖盘
11:12:45	9.74	--	86	83764	买盘
11:12:33	9.74	--	42	40908	买盘
11:12:30	9.74	0.01	192	187008	买盘
11:12:27	9.73	--	131	127463	买盘
11:12:24	9.73	--	32	31136	买盘
11:12:21	9.73	0.01	5	4865	买盘
11:12:18	9.72	--	27	26244	卖盘
11:12:15	9.72	-0.01	295	286740	卖盘
11:12:12	9.73	--	16	15568	买盘
11:12:03	9.73	--	104	101192	买盘
11:12:00	9.73	0.01	20	19460	买盘
11:11:57	9.72	-0.01	16	15552	卖盘
11:11:54	9.73	--	50	48650	买盘
11:11:51	9.73	--	153	148869	买盘
11:11:45	9.73	--	1	973	买盘
11:11:42	9.73	--	17	16541	买盘
11:11:39	9.73	--	234	227682	卖盘
11:11:36	9.73	-0.01	50	48650	卖盘
11:11:30	9.74	0.01	1316	1281784	买盘
11:11:24	9.73	0.01	103	100219	买盘
11:11:18	9.72	-0.02	81	78732	卖盘
11:11:15	9.74	--	358	348692	买盘
11:11:06	9.74	0.01	6	5844	买盘
11:11:00	9.73	0.01	647	629531	买盘
11:10:57	9.72	--	26	25272	卖盘
11:10:54	9.72	0.01	445	432540	买盘
11:10:51	9.71	--	10	9710	买盘
11:10:48	9.71	--	51	49521	买盘
11:10:45	9.71	--	75	72825	买盘
11:10:42	9.71	--	10	9710	买盘
11:10:36	9.71	--	1	971	买盘
11:10:33	9.71	-0.01	2	1942	卖盘
11:10:30	9.72	0.01	1	972	买盘
11:10:18	9.71	-0.01	8	7768	中性盘
11:10:12	9.72	0.02	1515	1472580	买盘
11:10:09	9.7	--	52	50439	卖盘
11:10:06	9.7	-0.01	28	27159	卖盘
11:10:03	9.71	0.01	700	679700	买盘
11:10:00	9.7	--	1	969	卖盘
11:09:54	9.7	--	10	9700	卖盘
11:09:51	9.7	--	11	10670	卖盘
11:09:45	9.7	-0.01	178	172660	卖盘
11:09:39	9.71	0.01	1	971	买盘
11:09:36	9.7	--	38	36860	卖盘
11:09:30	9.7	--	18	17460	卖盘
11:09:27	9.7	--	30	29099	卖盘
11:09:21	9.7	0.01	963	934109	买盘
11:09:18	9.69	0.01	407	394383	买盘
11:09:15	9.68	-0.01	20	19360	卖盘
11:09:09	9.69	0.01	50	48450	买盘
11:09:06	9.68	--	20	19360	卖盘
11:09:03	9.68	-0.01	20	19360	卖盘
11:08:54	9.69	0.01	21	20349	买盘
11:08:51	9.68	-0.01	129	124872	卖盘
11:08:48	9.69	0.01	6	5814	买盘
11:08:39	9.68	-0.01	42	40656	卖盘
11:08:36	9.69	--	3	2907	买盘
11:08:30	9.69	0.01	23	22287	买盘
11:08:24	9.68	--	3	2904	卖盘
11:08:21	9.68	-0.01	13	12584	卖盘
11:08:09	9.69	--	12	11628	买盘
11:08:06	9.69	--	34	32946	买盘
11:08:03	9.69	--	29	28101	买盘
11:07:57	9.69	0.01	10	9690	买盘
11:07:54	9.68	-0.01	3	2904	卖盘
11:07:51	9.69	--	23	22287	买盘
11:07:45	9.69	--	4	3876	买盘
11:07:42	9.69	--	14	13566	买盘
11:07:39	9.69	--	1	969	买盘
11:07:36	9.69	--	2	1938	买盘
11:07:33	9.69	--	8	7752	买盘
11:07:21	9.69	--	5	4845	买盘
11:07:18	9.69	0.01	42	40698	买盘
11:07:12	9.68	-0.02	20	19360	卖盘
11:07:06	9.7	0.01	43	41710	买盘
11:07:03	9.69	--	3	2907	卖盘
11:07:00	9.69	--	13	12597	卖盘
11:06:54	9.69	--	110	106590	卖盘
11:06:51	9.69	0.01	76	73644	买盘
11:06:48	9.68	--	10	9680	卖盘
11:06:39	9.68	-0.01	100	96800	卖盘
11:06:36	9.69	0.01	1	969	买盘
11:06:33	9.68	-0.01	56	54208	卖盘
11:06:30	9.69	--	14	13566	买盘
11:06:12	9.69	--	51	49419	卖盘
11:06:09	9.69	--	27	26163	卖盘
11:06:06	9.69	--	69	66861	卖盘
11:06:03	9.69	-0.01	27	26163	卖盘
11:06:00	9.7	--	147	142590	买盘
11:05:57	9.7	0.01	33	32009	买盘
11:05:54	9.69	-0.01	20	19380	卖盘
11:05:51	9.7	--	5	4850	买盘
11:05:45	9.7	0.01	215	208549	买盘
11:05:42	9.69	--	5	4845	卖盘
11:05:39	9.69	--	12	11628	卖盘
11:05:36	9.69	-0.01	5	4845	卖盘
11:05:33	9.7	--	10	9700	买盘
11:05:30	9.7	0.01	35	33950	买盘
11:05:27	9.69	--	8	7752	卖盘
11:05:24	9.69	--	21	20349	卖盘
11:05:21	9.69	--	5	4845	卖盘
11:05:18	9.69	-0.01	50	48450	卖盘
11:05:15	9.7	--	79	76630	买盘
11:05:12	9.7	0.01	117	113489	买盘
11:05:09	9.69	--	7	6783	卖盘
11:05:06	9.69	-0.01	164	158916	卖盘
11:05:03	9.7	--	23	22310	买盘
11:04:57	9.7	--	16	15519	买盘
11:04:54	9.7	--	39	37830	卖盘
11:04:51	9.7	--	91	88270	卖盘
11:04:48	9.7	--	376	364720	买盘
11:04:45	9.7	0.01	88	85360	买盘
11:04:39	9.69	--	60	58140	卖盘
11:04:33	9.69	-0.01	52	50388	卖盘
11:04:30	9.7	0.01	38	36860	买盘
11:04:27	9.69	--	52	50388	卖盘
11:04:24	9.69	-0.01	37	35853	卖盘
11:04:21	9.7	--	74	71780	买盘
11:04:18	9.7	--	10	9700	买盘
11:04:15	9.7	--	11	10670	买盘
11:04:06	9.7	-0.01	1	969	卖盘
11:04:03	9.71	0.01	50	48550	买盘
11:04:00	9.7	--	25	24250	卖盘
11:03:57	9.7	--	11	10670	卖盘
11:03:54	9.7	-0.01	3	2910	卖盘
11:03:51	9.71	0.01	2	1942	买盘
11:03:48	9.7	--	33	32009	卖盘
11:03:45	9.7	--	11	10670	买盘
11:03:42	9.7	-0.01	1	969	中性盘
11:03:36	9.71	0.01	24	23304	买盘
11:03:33	9.7	-0.01	1	969	中性盘
11:03:27	9.71	0.01	334	324314	买盘
11:03:24	9.7	--	106	102819	买盘
11:03:21	9.7	--	34	32980	买盘
11:03:15	9.7	--	29	28129	买盘
11:03:12	9.7	0.01	35	33950	买盘
11:03:09	9.69	--	73	70737	卖盘
11:03:06	9.69	-0.01	46	44574	卖盘
11:03:03	9.7	--	68	65960	买盘
11:02:54	9.7	0.01	30	29099	买盘
11:02:51	9.69	-0.01	6	5814	卖盘
11:02:48	9.7	-0.01	102	98940	卖盘
11:02:45	9.71	--	500	485500	买盘
11:02:42	9.71	0.01	104	100984	买盘
11:02:39	9.7	--	113	109609	卖盘
11:02:36	9.7	--	14	13579	卖盘
11:02:33	9.7	--	23	22310	卖盘
11:02:30	9.7	-0.01	87	84390	卖盘
11:02:27	9.71	0.01	475	461225	买盘
11:02:24	9.7	-0.01	370	358900	卖盘
11:02:18	9.71	0.01	13	12623	买盘
11:02:15	9.7	--	73	70810	卖盘
11:02:12	9.7	--	23	22310	卖盘
11:02:09	9.7	-0.01	34	32980	卖盘
11:02:06	9.71	0.01	63	61173	买盘
11:02:03	9.7	--	10	9700	卖盘
11:02:00	9.7	--	10	9700	卖盘
11:01:57	9.7	--	68	65960	卖盘
11:01:51	9.7	--	74	71780	买盘
11:01:48	9.7	0.01	409	396730	买盘
11:01:45	9.69	-0.01	27	26163	卖盘
11:01:39	9.7	--	10	9700	买盘
11:01:36	9.7	--	63	61109	买盘
11:01:33	9.7	--	23	22310	买盘
11:01:30	9.7	0.01	266	258019	买盘
11:01:27	9.69	-0.01	10	9690	卖盘
11:01:24	9.7	--	17	16490	买盘
11:01:21	9.7	--	5	4850	买盘
11:01:15	9.7	0.01	9	8730	买盘
11:01:12	9.69	-0.01	1	969	卖盘
11:01:06	9.7	0.01	63	61109	买盘
11:01:03	9.69	-0.01	63	61047	卖盘
11:00:57	9.7	0.01	63	61109	买盘
11:00:51	9.69	--	155	150195	卖盘
11:00:48	9.69	-0.01	13	12597	卖盘
11:00:45	9.7	0.01	84	81480	买盘
11:00:42	9.69	--	1	969	卖盘
11:00:39	9.69	-0.01	7	6783	中性盘
11:00:33	9.7	0.02	103	99909	买盘
11:00:30	9.68	-0.01	27	26136	卖盘
11:00:27	9.69	0.01	7	6783	买盘
11:00:21	9.68	--	4	3872	卖盘
11:00:15	9.68	-0.01	178	172304	卖盘
11:00:09	9.69	0.01	68	65892	买盘
11:00:06	9.68	-0.01	245	237160	中性盘
11:00:03	9.69	--	36	34884	买盘
11:00:00	9.69	0.01	42	40698	买盘
10:59:51	9.68	0.01	6	5808	中性盘
10:59:42	9.67	-0.01	1020	986340	卖盘
10:59:39	9.68	--	1	968	买盘
10:59:36	9.68	0.01	5	4840	买盘
10:59:33	9.67	-0.01	5	4835	卖盘
10:59:27	9.68	--	10	9680	买盘
10:59:21	9.68	0.01	44	42592	买盘
10:59:12	9.67	-0.01	1	967	卖盘
10:59:06	9.68	--	3	2904	买盘
10:59:03	9.68	0.01	5	4840	买盘
10:59:00	9.67	-0.01	27	26109	卖盘
10:58:51	9.68	--	8	7744	买盘
10:58:48	9.68	0.01	503	486904	买盘
10:58:42	9.67	--	20	19340	卖盘
10:58:39	9.67	--	20	19340	卖盘
10:58:33	9.67	--	20	19340	卖盘
10:58:30	9.67	--	19	18373	买盘
10:58:27	9.67	0.01	2	1934	买盘
10:58:21	9.66	--	10	9660	卖盘
10:58:18	9.66	--	16	15456	卖盘
10:58:15	9.66	--	5	4830	卖盘
10:58:12	9.66	-0.02	102	98532	卖盘
10:58:06	9.68	0.02	42	40656	买盘
10:58:03	9.66	-0.01	51	49266	卖盘
10:58:00	9.67	0.01	146	141182	买盘
10:57:57	9.66	-0.02	85	82110	卖盘
10:57:54	9.68	0.01	44	42592	买盘
10:57:51	9.67	0.01	6	5802	买盘
10:57:48	9.66	-0.01	5	4830	卖盘
10:57:45	9.67	--	45	43515	买盘
10:57:39	9.67	0.01	6	5802	买盘
10:57:36	9.66	-0.01	1	966	卖盘
10:57:30	9.67	--	7	6769	卖盘
10:57:21	9.67	--	114	110238	卖盘
10:57:18	9.67	--	3	2901	卖盘
10:57:09	9.67	-0.01	120	116040	卖盘
10:57:06	9.68	0.01	1	968	买盘
10:57:00	9.67	--	25	24175	卖盘
10:56:54	9.67	--	5	4835	卖盘
10:56:48	9.67	--	3	2901	卖盘
10:56:45	9.67	-0.01	1	967	卖盘
10:56:42	9.68	--	4	3872	买盘
10:56:39	9.68	--	10	9680	买盘
10:56:33	9.68	0.01	47	45496	买盘
10:56:30	9.67	--	72	69624	卖盘
10:56:27	9.67	-0.01	8	7736	卖盘
10:56:24	9.68	0.01	10	9680	买盘
10:56:21	9.67	-0.01	15	14505	卖盘
10:56:18	9.68	--	27	26136	买盘
10:56:15	9.68	0.01	105	101640	买盘
10:56:12	9.67	-0.01	10	9670	中性盘
10:56:09	9.68	--	17	16456	买盘
10:56:06	9.68	0.01	21	20328	买盘
10:56:03	9.67	-0.01	98	94766	卖盘
10:55:57	9.68	--	24	23232	卖盘
10:55:54	9.68	--	4	3872	卖盘
10:55:51	9.68	--	10	9680	卖盘
10:55:48	9.68	--	3	2904	卖盘
10:55:45	9.68	--	56	54208	卖盘
10:55:42	9.68	--	16	15488	卖盘
10:55:33	9.68	0.01	11	10648	买盘
10:55:24	9.67	-0.01	4	3868	卖盘
10:55:21	9.68	--	70	67760	买盘
10:55:18	9.68	--	37	35816	买盘
10:55:15	9.68	-0.01	30	29040	中性盘
10:55:03	9.69	0.03	5	4845	买盘
10:55:00	9.66	-0.02	42	40572	卖盘
10:54:57	9.68	0.02	1	968	中性盘
10:54:45	9.66	-0.04	42	40572	卖盘
10:54:42	9.7	--	2	1939	买盘
10:54:39	9.7	--	31	30069	买盘
10:54:33	9.7	--	114	110579	买盘
10:54:30	9.7	0.01	48	46560	买盘
10:54:27	9.69	-0.02	99	95931	卖盘
10:54:24	9.71	0.01	77	74767	买盘
10:54:21	9.7	--	33	32009	卖盘
10:54:18	9.7	--	81	78570	卖盘
10:54:15	9.7	--	166	161020	买盘
10:54:12	9.7	0.01	28	27159	中性盘
10:54:09	9.69	--	52	50388	卖盘
10:54:06	9.69	-0.02	130	125970	卖盘
10:54:03	9.71	--	60	58260	买盘
10:54:00	9.71	0.01	61	59231	买盘
10:53:57	9.7	--	275	266750	卖盘
10:53:54	9.7	--	73	70810	卖盘
10:53:51	9.7	--	140	135800	卖盘
10:53:48	9.7	--	101	97970	卖盘
10:53:45	9.7	--	319	309430	卖盘
10:53:42	9.7	--	174	168780	卖盘
10:53:39	9.7	--	51	49470	卖盘
10:53:36	9.7	-0.01	27	26189	卖盘
10:53:33	9.71	0.01	105	101955	买盘
10:53:30	9.7	--	276	267720	卖盘
10:53:27	9.7	--	10	9700	卖盘
10:53:24	9.7	--	203	196910	卖盘
10:53:21	9.7	--	47	45590	卖盘
10:53:18	9.7	--	251	243469	卖盘
10:53:15	9.7	--	156	151320	卖盘
10:53:12	9.7	--	5	4850	卖盘
10:53:09	9.7	--	5	4850	卖盘
10:53:06	9.7	--	349	338530	卖盘
10:53:03	9.7	--	496	481119	买盘
10:52:54	9.7	--	163	158110	卖盘
10:52:51	9.7	-0.01	134	129979	卖盘
10:52:48	9.71	0.01	102	99042	买盘
10:52:45	9.7	--	66	64019	卖盘
10:52:42	9.7	--	316	306520	买盘
10:52:39	9.7	--	16	15519	买盘
10:52:36	9.7	--	42	40740	卖盘
10:52:33	9.7	--	3	2910	卖盘
10:52:30	9.7	-0.01	17	16490	卖盘
10:52:27	9.71	0.02	11	10681	买盘
10:52:24	9.69	-0.02	106	102714	卖盘
10:52:21	9.71	0.02	25	24275	买盘
10:52:18	9.69	-0.01	158	153102	卖盘
10:52:15	9.7	--	9	8730	买盘
10:52:12	9.7	--	72	69840	买盘
10:52:09	9.7	-0.02	19	18430	卖盘
10:52:06	9.72	0.01	380	369360	买盘
10:52:03	9.71	0.02	100	97100	买盘
10:52:00	9.69	--	20	19380	卖盘
10:51:57	9.69	-0.01	146	141474	卖盘
10:51:54	9.7	--	998	968059	买盘
10:51:48	9.7	0.01	12	11640	买盘
10:51:45	9.69	-0.01	24	23256	中性盘
10:51:42	9.7	0.01	646	626620	买盘
10:51:39	9.69	0.01	706	684114	买盘
10:51:36	9.68	-0.01	6	5808	卖盘
10:51:33	9.69	--	295	285855	买盘
10:51:30	9.69	0.01	418	405042	买盘
10:51:27	9.68	--	5	4840	卖盘
10:51:24	9.68	0.01	757	732776	买盘
10:51:21	9.67	-0.01	190	183730	卖盘
10:51:18	9.68	--	88	85184	买盘
10:51:12	9.68	--	725	701800	买盘
10:51:09	9.68	0.01	47	45496	买盘
10:51:06	9.67	--	30	29010	卖盘
10:51:03	9.67	--	11	10637	卖盘
10:51:00	9.67	-0.01	25	24175	卖盘
10:50:57	9.68	0.02	192	185856	买盘
10:50:54	9.66	-0.01	649	626934	卖盘
10:50:51	9.67	0.01	380	367460	买盘
10:50:48	9.66	-0.01	33	31878	卖盘
10:50:45	9.67	--	85	82195	买盘
10:50:42	9.67	--	176	170192	买盘
10:50:39	9.67	0.01	54	52218	买盘
10:50:36	9.66	--	15	14490	买盘
10:50:33	9.66	--	17	16422	买盘
10:50:30	9.66	--	43	41538	买盘
10:50:27	9.66	--	53	51198	买盘
10:50:24	9.66	--	32	30912	买盘
10:50:21	9.66	--	55	53130	买盘
10:50:18	9.66	--	613	592158	买盘
10:50:15	9.66	--	39	37674	买盘
10:50:09	9.66	0.01	249	240534	买盘
10:50:06	9.65	--	44	42460	买盘
10:50:03	9.65	--	46	44390	买盘
10:50:00	9.65	--	475	458375	买盘
10:49:57	9.65	--	11	10615	买盘
10:49:54	9.65	--	100	96500	买盘
10:49:51	9.65	--	200	193000	买盘
10:49:48	9.65	0.01	3	2895	买盘
10:49:36	9.64	-0.01	12	11568	卖盘
10:49:33	9.65	--	38	36670	买盘
10:49:30	9.65	--	10	9650	买盘
10:49:27	9.65	0.01	24	23160	买盘
10:49:24	9.64	-0.01	120	115680	卖盘
10:49:21	9.65	0.01	111	107115	买盘
10:49:12	9.64	--	80	77120	卖盘
10:49:09	9.64	-0.01	10	9640	卖盘
10:49:06	9.65	--	2	1930	买盘
10:49:03	9.65	--	3	2895	买盘
10:48:57	9.65	0.01	42	40530	买盘
10:48:48	9.64	-0.01	32	30848	卖盘
10:48:42	9.65	--	1	965	买盘
10:48:33	9.65	--	23	22195	买盘
10:48:27	9.65	--	50	48250	买盘
10:48:24	9.65	0.01	71	68515	买盘
10:48:18	9.64	--	2	1928	卖盘
10:48:15	9.64	-0.01	28	26992	卖盘
10:48:12	9.65	--	6	5790	买盘
10:48:03	9.65	0.01	33	31845	买盘
10:48:00	9.64	--	14	13496	卖盘
10:47:57	9.64	--	8	7712	卖盘
10:47:51	9.64	--	7	6748	卖盘
10:47:48	9.64	--	72	69408	卖盘
10:47:42	9.64	--	13	12532	卖盘
10:47:36	9.64	--	2	1928	卖盘
10:47:33	9.64	--	12	11568	卖盘
10:47:30	9.64	--	6	5784	卖盘
10:47:27	9.64	--	20	20051	买盘
10:47:21	9.64	--	2	1928	买盘
10:47:18	9.64	--	37	35668	买盘
10:47:15	9.64	--	143	137852	买盘
10:47:12	9.64	--	22	21208	买盘
10:47:06	9.64	--	82	79048	买盘
10:47:00	9.64	--	301	290164	卖盘
10:46:57	9.64	--	10	9640	卖盘
10:46:54	9.64	-0.01	41	39524	卖盘
10:46:48	9.65	0.01	34	32810	买盘
10:46:42	9.64	--	200	192800	卖盘
10:46:39	9.64	-0.01	3	2892	卖盘
10:46:36	9.65	0.01	22	21230	买盘
10:46:30	9.64	--	10	9640	卖盘
10:46:27	9.64	0.01	10	9640	买盘
10:46:24	9.63	-0.01	92	88596	卖盘
10:46:21	9.64	--	200	192800	卖盘
10:46:12	9.64	--	120	115680	卖盘
10:46:09	9.64	--	7	6748	卖盘
10:46:06	9.64	--	4	3856	卖盘
10:46:03	9.64	--	10	9640	卖盘
10:46:00	9.64	0.01	667	642988	买盘
10:45:57	9.63	--	30	28890	卖盘
10:45:54	9.63	--	46	44298	卖盘
10:45:51	9.63	--	10	9630	卖盘
10:45:48	9.63	--	18	17334	卖盘
10:45:45	9.63	--	217	208971	买盘
10:45:42	9.63	0.01	3	2889	中性盘
10:45:36	9.62	-0.01	90	86580	卖盘
10:45:33	9.63	--	2	1926	卖盘
10:45:30	9.63	-0.01	14	13482	卖盘
10:45:27	9.64	0.01	34	32776	买盘
10:45:21	9.63	--	82	78966	卖盘
10:45:15	9.63	--	50	48150	卖盘
10:45:12	9.63	--	20	19260	卖盘
10:45:09	9.63	--	6	5778	卖盘
10:45:03	9.63	-0.01	30	28890	卖盘
10:45:00	9.64	--	98	94472	买盘
10:44:57	9.64	--	10	9640	买盘
10:44:54	9.64	--	47	45308	买盘
10:44:51	9.64	0.01	204	196656	买盘
10:44:45	9.63	--	1	963	卖盘
10:44:36	9.63	--	105	101115	卖盘
10:44:33	9.63	-0.01	114	109782	卖盘
10:44:30	9.64	0.01	41	39524	买盘
10:44:21	9.63	-0.01	11	10593	卖盘
10:44:18	9.64	--	345	332580	买盘
10:44:15	9.64	-0.01	208	200512	卖盘
10:44:12	9.65	0.01	125	120625	买盘
10:44:09	9.64	--	44	42416	卖盘
10:44:06	9.64	--	13	12532	卖盘
10:44:03	9.64	-0.01	60	57840	卖盘
10:44:00	9.65	0.01	21	20265	买盘
10:43:57	9.64	--	20	19280	卖盘
10:43:54	9.64	--	45	43380	卖盘
10:43:51	9.64	--	37	35668	卖盘
10:43:48	9.64	--	115	110860	卖盘
10:43:45	9.64	--	45	43380	卖盘
10:43:42	9.64	--	146	140744	卖盘
10:43:39	9.64	--	61	58804	卖盘
10:43:36	9.64	--	146	140744	卖盘
10:43:30	9.64	-0.01	13	12532	卖盘
10:43:27	9.65	--	4	3860	买盘
10:43:21	9.65	--	41	39565	买盘
10:43:15	9.65	0.01	20	19300	买盘
10:43:12	9.64	-0.01	2	1928	卖盘
10:43:09	9.65	-0.01	12	11580	卖盘
10:43:06	9.66	0.01	86	83076	买盘
10:43:03	9.65	-0.01	88	84920	中性盘
10:42:57	9.66	0.01	31	29946	买盘
10:42:54	9.65	--	19	18335	买盘
10:42:51	9.65	--	42	40530	买盘
10:42:45	9.65	-0.01	81	78165	卖盘
10:42:42	9.66	0.01	5	4830	买盘
10:42:39	9.65	--	30	28950	卖盘
10:42:36	9.65	--	4	3860	卖盘
10:42:33	9.65	--	187	180455	买盘
10:42:27	9.65	--	32	30880	买盘
10:42:24	9.65	--	56	54040	买盘
10:42:18	9.65	0.01	39	37635	买盘
10:42:15	9.64	-0.01	46	44344	卖盘
10:42:12	9.65	0.01	77	74305	买盘
10:42:09	9.64	--	82	79048	卖盘
10:41:54	9.64	0.01	8	7712	中性盘
10:41:48	9.63	-0.02	13	12519	卖盘
10:41:45	9.65	0.02	589	568385	买盘
10:41:39	9.63	-0.01	10	9630	卖盘
10:41:36	9.64	--	6	5784	买盘
10:41:27	9.64	--	8	7712	买盘
10:41:24	9.64	0.01	12	11568	买盘
10:41:21	9.63	--	20	19260	卖盘
10:41:18	9.63	-0.01	10	9630	卖盘
10:41:15	9.64	--	73	70372	买盘
10:41:12	9.64	0.01	14	13496	买盘
10:41:09	9.63	--	88	84744	卖盘
10:41:06	9.63	-0.01	337	324531	卖盘
10:41:03	9.64	0.01	10	9640	买盘
10:41:00	9.63	--	26	25038	卖盘
10:40:57	9.63	--	53	51039	卖盘
10:40:54	9.63	--	613	590319	卖盘
10:40:51	9.63	--	70	67410	卖盘
10:40:48	9.63	-0.02	105	101115	卖盘
10:40:42	9.65	--	15	14475	买盘
10:40:39	9.65	--	10	9650	买盘
10:40:36	9.65	--	66	63690	买盘
10:40:33	9.65	--	11	10615	买盘
10:40:30	9.65	--	71	68515	卖盘
10:40:27	9.65	--	9	8685	卖盘
10:40:24	9.65	--	40	38600	卖盘
10:40:21	9.65	-0.01	5	4825	卖盘
10:40:18	9.66	-0.01	15	14490	卖盘
10:40:15	9.67	--	10	9670	买盘
10:40:12	9.67	0.01	108	104436	买盘
10:40:09	9.66	-0.01	49	47334	卖盘
10:40:06	9.67	--	48	46416	买盘
10:40:03	9.67	--	35	33845	买盘
10:40:00	9.67	--	83	80261	买盘
10:39:57	9.67	--	30	29010	买盘
10:39:54	9.67	--	119	115073	卖盘
10:39:51	9.67	--	3	2901	卖盘
10:39:48	9.67	--	7	6769	卖盘
10:39:45	9.67	--	733	708811	买盘
10:39:42	9.67	--	12	11604	买盘
10:39:39	9.67	0.01	33	31911	买盘
10:39:36	9.66	--	6	5796	卖盘
10:39:33	9.66	--	265	255990	卖盘
10:39:30	9.66	--	52	50232	卖盘
10:39:27	9.66	-0.02	8	7728	卖盘
10:39:24	9.68	0.02	362	350416	买盘
10:39:21	9.66	--	5	4830	卖盘
10:39:18	9.66	0.01	76	73416	买盘
10:39:15	9.65	--	5	4825	卖盘
10:39:12	9.65	-0.01	26	25090	卖盘
10:39:09	9.66	0.01	100	96600	买盘
10:39:06	9.65	--	1973	1903945	买盘
10:39:03	9.65	--	515	496975	买盘
10:39:00	9.65	--	293	282745	买盘
10:38:57	9.65	--	5	4825	买盘
10:38:54	9.65	--	18	17370	买盘
10:38:48	9.65	0.01	51	49215	买盘
10:38:45	9.64	0.01	198	190872	买盘
10:38:42	9.63	-0.01	274	263862	卖盘
10:38:39	9.64	0.01	420	404880	买盘
10:38:30	9.63	-0.01	7	6741	卖盘
10:38:27	9.64	0.01	100	96400	买盘
10:38:24	9.63	-0.01	10	9630	卖盘
10:38:21	9.64	0.01	70	67480	买盘
10:38:18	9.63	-0.01	30	28890	卖盘
10:38:15	9.64	0.01	34	32776	买盘
10:38:12	9.63	--	14	13482	卖盘
10:38:09	9.63	-0.01	20	19260	卖盘
10:38:03	9.64	0.02	392	378427	买盘
10:38:00	9.62	--	280	269360	卖盘
10:37:57	9.62	-0.01	74	71188	卖盘
10:37:54	9.63	0.01	63	60669	买盘
10:37:51	9.62	--	66	63491	卖盘
10:37:48	9.62	--	24	23087	卖盘
10:37:45	9.62	--	12	11543	卖盘
10:37:42	9.62	-0.01	33	31745	中性盘
10:37:39	9.63	0.01	400	385200	买盘
10:37:36	9.62	0.01	42	40404	买盘
10:37:33	9.61	--	2	1922	卖盘
10:37:30	9.61	-0.01	9	8649	卖盘
10:37:24	9.62	--	32	30783	买盘
10:37:21	9.62	--	13	12505	买盘
10:37:18	9.62	--	88	84656	买盘
10:37:15	9.62	--	233	224145	买盘
10:37:12	9.62	--	49	47137	买盘
10:37:09	9.62	0.01	42	40404	买盘
10:37:06	9.61	-0.01	54	51894	买盘
10:37:03	9.62	--	124	119287	买盘
10:37:00	9.62	0.01	84	80808	买盘
10:36:57	9.61	0.01	86	82646	买盘
10:36:54	9.6	-0.01	85	81600	卖盘
10:36:51	9.61	--	52	49972	买盘
10:36:45	9.61	0.01	208	199888	买盘
10:36:42	9.6	--	80	76800	买盘
10:36:39	9.6	--	7	6720	买盘
10:36:36	9.6	--	42	40320	买盘
10:36:33	9.6	--	1	960	买盘
10:36:30	9.6	-0.01	427	410371	卖盘
10:36:27	9.61	0.01	4	3844	买盘
10:36:24	9.6	-0.01	10	9600	卖盘
10:36:18	9.61	0.01	40	38440	买盘
10:36:12	9.6	--	8	7680	卖盘
10:36:06	9.6	--	4	3840	卖盘
10:36:00	9.6	0.01	104	100348	买盘
10:35:54	9.59	--	101	96859	卖盘
10:35:51	9.59	-0.01	2	1918	卖盘
10:35:48	9.6	--	25	24451	卖盘
10:35:45	9.6	--	30	28800	卖盘
10:35:42	9.6	--	280	269308	买盘
10:35:39	9.6	--	500	480000	买盘
10:35:36	9.6	0.01	4	3840	买盘
10:35:30	9.59	--	20	19180	卖盘
10:35:27	9.59	--	13	12467	卖盘
10:35:24	9.59	-0.01	5	4795	中性盘
10:35:21	9.6	0.02	42	40320	买盘
10:35:09	9.58	--	93	89094	卖盘
10:35:06	9.58	--	100	95800	卖盘
10:35:00	9.58	-0.02	3	2874	卖盘
10:34:57	9.6	--	72	69120	买盘
10:34:54	9.6	0.02	116	111360	买盘
10:34:51	9.58	--	50	47900	卖盘
10:34:48	9.58	-0.02	73	69934	卖盘
10:34:45	9.6	0.02	3	2880	买盘
10:34:42	9.58	--	42	40236	卖盘
10:34:39	9.58	--	42	40236	卖盘
10:34:33	9.58	-0.02	44	42152	卖盘
10:34:24	9.6	--	1	1411	卖盘
10:34:21	9.6	--	71	68160	卖盘
10:34:18	9.6	--	212	203520	卖盘
10:34:15	9.6	--	55	52800	卖盘
10:34:09	9.6	--	76	72960	卖盘
10:34:06	9.6	--	54	51840	卖盘
10:34:03	9.6	-0.01	10	9600	卖盘
10:33:54	9.61	0.01	4	3844	买盘
10:33:51	9.6	--	2	1920	卖盘
10:33:48	9.6	--	45	43200	卖盘
10:33:45	9.6	0.01	1201	1153468	买盘
10:33:42	9.59	0.01	8	7672	买盘
10:33:39	9.58	--	60	57480	卖盘
10:33:21	9.58	-0.01	1	958	卖盘
10:33:18	9.59	--	39	37851	卖盘
10:33:15	9.59	--	3	2877	卖盘
10:33:12	9.59	--	25	23975	卖盘
10:33:09	9.59	-0.01	5	4795	卖盘
10:33:06	9.6	--	5	4800	买盘
10:33:03	9.6	--	20	19200	买盘
10:32:57	9.6	--	66	63360	买盘
10:32:54	9.6	--	38	36480	卖盘
10:32:51	9.6	--	408	391680	卖盘
10:32:48	9.6	--	28	26880	卖盘
10:32:45	9.6	--	35	33600	卖盘
10:32:42	9.6	--	19	18240	卖盘
10:32:39	9.6	--	26	24960	卖盘
10:32:36	9.6	--	20	19200	卖盘
10:32:33	9.6	--	280	268800	买盘
10:32:27	9.6	--	2	1920	买盘
10:32:24	9.6	--	677	649920	卖盘
10:32:21	9.6	--	18	17280	卖盘
10:32:18	9.6	-0.01	10	9600	卖盘
10:32:15	9.61	--	349	335389	买盘
10:32:12	9.61	--	5	4805	买盘
10:32:06	9.61	0.01	25	24025	买盘
10:32:03	9.6	-0.01	2	1920	卖盘
10:32:00	9.61	--	267	256586	卖盘
10:31:57	9.61	--	10	9610	卖盘
10:31:54	9.61	--	2	1922	卖盘
10:31:51	9.61	--	182	174902	卖盘
10:31:48	9.61	--	15	14415	卖盘
10:31:45	9.61	--	253	243133	买盘
10:31:42	9.61	--	426	409386	买盘
10:31:36	9.61	0.01	3	2883	买盘
10:31:30	9.6	-0.01	318	305280	卖盘
10:31:27	9.61	--	5	4805	买盘
10:31:24	9.61	0.01	11	10571	买盘
10:31:21	9.6	--	10	9600	卖盘
10:31:18	9.6	--	20	19200	卖盘
10:31:15	9.6	-0.01	24	23040	卖盘
10:31:12	9.61	0.01	306	294066	买盘
10:30:57	9.6	--	46	44160	买盘
10:30:54	9.6	0.01	339	325440	买盘
10:30:51	9.59	-0.01	4	3836	卖盘
10:30:45	9.6	0.01	120	115200	买盘
10:30:42	9.59	-0.01	10	9590	卖盘
10:30:39	9.6	--	40	38400	买盘
10:30:36	9.6	0.01	5	4800	买盘
10:30:33	9.59	--	10	9590	卖盘
10:30:30	9.59	--	2	1918	卖盘
10:30:27	9.59	--	50	47950	卖盘
10:30:24	9.59	--	2	1918	卖盘
10:30:21	9.59	--	300	287700	卖盘
10:30:18	9.59	0.02	222	213406	买盘
10:30:15	9.57	-0.01	214	204798	卖盘
10:30:12	9.58	--	61	58438	买盘
10:30:06	9.58	0.01	203	194474	买盘
10:30:03	9.57	-0.01	7	6699	卖盘
10:29:57	9.58	--	30	28740	买盘
10:29:51	9.58	0.01	63	60354	买盘
10:29:48	9.57	-0.01	3	2871	卖盘
10:29:45	9.58	--	7	6706	买盘
10:29:42	9.58	--	12	11496	买盘
10:29:39	9.58	0.01	20	19160	买盘
10:29:33	9.57	--	2	1914	卖盘
10:29:30	9.57	--	3	2871	卖盘
10:29:27	9.57	-0.01	130	124410	卖盘
10:29:24	9.58	--	11	10538	买盘
10:29:21	9.58	--	9	8622	买盘
10:29:12	9.58	0.01	56	53648	买盘
10:29:09	9.57	-0.01	18	17226	卖盘
10:29:03	9.58	0.01	528	505824	买盘
10:29:00	9.57	-0.01	300	287100	卖盘
10:28:54	9.58	--	2	1916	买盘
10:28:45	9.58	--	1011	968538	买盘
10:28:42	9.58	0.01	6	5748	买盘
10:28:39	9.57	-0.01	1	957	卖盘
10:28:27	9.58	--	90	86411	卖盘
10:28:24	9.58	--	324	310392	卖盘
10:28:21	9.58	-0.01	10	9580	卖盘
10:28:18	9.59	0.01	4	3836	买盘
10:28:15	9.58	-0.01	43	41194	卖盘
10:28:12	9.59	0.01	8	7672	买盘
10:28:09	9.58	-0.01	200	191600	卖盘
10:28:06	9.59	0.01	55	52745	买盘
10:28:03	9.58	-0.01	13	12454	卖盘
10:28:00	9.59	--	30	28770	买盘
10:27:54	9.59	0.01	90	86310	买盘
10:27:51	9.58	--	71	68784	买盘
10:27:48	9.58	--	129	123582	买盘
10:27:45	9.58	--	6	5748	买盘
10:27:42	9.58	--	2	1916	买盘
10:27:39	9.58	--	31	29698	买盘
10:27:36	9.58	0.01	40	38320	买盘
10:27:33	9.57	-0.02	157	150249	卖盘
10:27:30	9.59	--	80	76720	卖盘
10:27:27	9.59	--	85	81515	卖盘
10:27:24	9.59	0.01	76	72884	买盘
10:27:21	9.58	--	61	58438	卖盘
10:27:18	9.58	-0.01	74	70892	卖盘
10:27:15	9.59	0.02	52	49868	买盘
10:27:12	9.57	-0.01	115	110055	卖盘
10:27:09	9.58	--	230	220340	买盘
10:27:00	9.58	--	92	88136	买盘
10:26:57	9.58	--	162	155196	卖盘
10:26:54	9.58	-0.02	5	4790	卖盘
10:26:48	9.6	0.02	65	62400	买盘
10:26:45	9.58	-0.01	135	130268	卖盘
10:26:42	9.59	-0.01	326	312653	卖盘
10:26:39	9.6	0.02	295	283200	买盘
10:26:33	9.58	-0.01	556	532648	卖盘
10:26:30	9.59	--	26	24934	卖盘
10:26:27	9.59	--	132	126588	卖盘
10:26:24	9.59	--	125	119875	卖盘
10:26:21	9.59	--	21	20139	卖盘
10:26:18	9.59	--	11	10549	卖盘
10:26:15	9.59	-0.02	42	40278	卖盘
10:26:12	9.61	0.01	63	60543	买盘
10:26:09	9.6	--	43	42009	卖盘
10:26:06	9.6	--	348	334080	卖盘
10:26:03	9.6	-0.01	310	297600	卖盘
10:26:00	9.61	-0.01	117	112437	卖盘
10:25:57	9.62	0.01	77	74074	买盘
10:25:54	9.61	-0.01	173	166253	卖盘
10:25:51	9.62	--	105	101009	卖盘
10:25:48	9.62	-0.01	166	159692	卖盘
10:25:45	9.63	--	155	149265	买盘
10:25:42	9.63	--	1986	1912518	卖盘
10:25:39	9.63	--	506	487278	卖盘
10:25:36	9.63	--	169	162747	卖盘
10:25:33	9.63	-0.01	25	24075	卖盘
10:25:30	9.64	--	84	80976	买盘
10:25:27	9.64	0.01	20	19280	买盘
10:25:24	9.63	--	35	33705	卖盘
10:25:21	9.63	--	12	11556	卖盘
10:25:18	9.63	--	393	378459	卖盘
10:25:15	9.63	0.01	139	133857	买盘
10:25:12	9.62	--	90	86580	卖盘
10:25:09	9.62	-0.01	62	59643	卖盘
10:25:06	9.63	--	200	192600	买盘
10:25:03	9.63	0.01	8	7704	买盘
10:24:57	9.62	--	55	52909	卖盘
10:24:54	9.62	0.01	173	166426	买盘
10:24:51	9.61	--	71	68231	卖盘
10:24:48	9.61	--	70	67270	卖盘
10:24:45	9.61	--	15	14415	卖盘
10:24:42	9.61	--	513	492992	买盘
10:24:39	9.61	0.01	55	52855	买盘
10:24:36	9.6	--	24	23040	卖盘
10:24:33	9.6	--	6	5760	卖盘
10:24:30	9.6	--	798	766310	买盘
10:24:27	9.6	--	10	9600	买盘
10:24:24	9.6	0.02	937	899520	买盘
10:24:21	9.58	-0.01	101	96758	卖盘
10:24:18	9.59	--	265	254135	买盘
10:24:15	9.59	0.01	280	268520	买盘
10:24:09	9.58	--	17	16286	卖盘
10:24:06	9.58	--	1	958	卖盘
10:24:03	9.58	0.01	432	413856	买盘
10:24:00	9.57	--	95	90915	买盘
10:23:57	9.57	0.01	42	40194	买盘
10:23:54	9.56	0.01	672	642432	买盘
10:23:51	9.55	--	69	65895	买盘
10:23:48	9.55	0.01	62	59210	买盘
10:23:45	9.54	--	12	11447	卖盘
10:23:42	9.54	--	5	4770	卖盘
10:23:39	9.54	--	717	684017	买盘
10:23:36	9.54	0.01	106	101123	买盘
10:23:33	9.53	--	3	2859	卖盘
10:23:30	9.53	--	512	487935	买盘
10:23:27	9.53	--	622	592766	买盘
10:23:24	9.53	--	80	76240	买盘
10:23:21	9.53	--	219	208707	买盘
10:23:18	9.53	--	73	69569	买盘
10:23:15	9.53	--	2000	1905999	买盘
10:23:12	9.53	--	43	40979	买盘
10:23:09	9.53	--	220	209660	买盘
10:23:06	9.53	--	358	341174	买盘
10:23:03	9.53	0.01	503	479358	买盘
10:23:00	9.52	--	42	39984	买盘
10:22:57	9.52	--	44	41888	买盘
10:22:54	9.52	-0.01	22	20944	中性盘
10:22:51	9.53	0.01	1042	993025	买盘
10:22:48	9.52	0.01	52	49504	买盘
10:22:45	9.51	-0.01	1	951	卖盘
10:22:42	9.52	0.01	285	271320	买盘
10:22:39	9.51	--	2	1902	卖盘
10:22:36	9.51	--	144	136944	买盘
10:22:33	9.51	--	199	189249	买盘
10:22:30	9.51	0.01	42	39942	买盘
10:22:27	9.5	--	10	9500	卖盘
10:22:21	9.5	--	130	123500	卖盘
10:22:15	9.5	0.03	435	413278	买盘
10:22:12	9.47	-0.01	14	13258	卖盘
10:22:09	9.48	--	39	36972	买盘
10:22:06	9.48	--	96	91008	买盘
10:22:03	9.48	--	22	20856	买盘
10:22:00	9.48	--	61	57828	买盘
10:21:57	9.48	-0.02	1264	1198935	卖盘
10:21:51	9.5	--	92	87400	买盘
10:21:48	9.5	0.01	200	190000	买盘
10:21:45	9.49	-0.01	25	23725	卖盘
10:21:42	9.5	--	3	2850	买盘
10:21:39	9.5	--	13	12350	买盘
10:21:33	9.5	0.01	62	58900	买盘
10:21:30	9.49	--	152	144532	卖盘
10:21:27	9.49	--	20	18980	卖盘
10:21:18	9.49	--	20	18980	卖盘
10:21:15	9.49	-0.01	1	949	卖盘
10:21:06	9.5	0.01	16	15200	买盘
10:21:03	9.49	-0.01	5	4745	卖盘
10:20:57	9.5	0.02	72	68400	买盘
10:20:51	9.48	-0.01	2	1896	卖盘
10:20:45	9.49	--	41	38909	卖盘
10:20:42	9.49	--	32	30368	卖盘
10:20:33	9.49	-0.01	300	284700	卖盘
10:20:30	9.5	0.01	30	28500	买盘
10:20:24	9.49	--	23	21827	卖盘
10:20:18	9.49	--	46	43654	卖盘
10:20:15	9.49	--	20	18980	卖盘
10:20:09	9.49	--	11	10439	卖盘
10:20:03	9.49	-0.01	1	949	卖盘
10:19:57	9.5	0.01	18	17100	买盘
10:19:45	9.49	-0.01	10	9490	卖盘
10:19:39	9.5	--	1	950	买盘
10:19:36	9.5	0.01	2	1900	买盘
10:19:30	9.49	-0.01	50	47450	卖盘
10:19:27	9.5	--	3	2850	买盘
10:19:24	9.5	--	5	4750	买盘
10:19:21	9.5	--	80	76066	卖盘
10:19:18	9.5	--	178	169983	买盘
10:19:12	9.5	--	27	25650	买盘
10:19:06	9.5	0.01	2	1900	买盘
10:19:03	9.49	-0.01	42	39858	卖盘
10:19:00	9.5	--	4	3800	买盘
10:18:51	9.5	--	57	54150	买盘
10:18:48	9.5	-0.01	507	481726	卖盘
10:18:45	9.51	0.01	39	37089	买盘
10:18:42	9.5	--	106	100700	卖盘
10:18:39	9.5	--	49	46550	卖盘
10:18:36	9.5	--	71	67450	卖盘
10:18:33	9.5	-0.01	10	9500	卖盘
10:18:30	9.51	--	41	38991	买盘
10:18:27	9.51	--	81	77031	买盘
10:18:24	9.51	0.01	50	47550	买盘
10:18:18	9.5	-0.02	20	19000	卖盘
10:18:15	9.52	0.01	176	167552	买盘
10:18:12	9.51	--	146	138846	买盘
10:18:06	9.51	--	1921	1827812	卖盘
10:18:00	9.51	-0.01	33	31383	卖盘
10:17:57	9.52	--	45	42840	买盘
10:17:54	9.52	0.01	40	38080	买盘
10:17:51	9.51	-0.01	5	4755	卖盘
10:17:48	9.52	--	38	36176	买盘
10:17:45	9.52	--	166	158032	买盘
10:17:42	9.52	--	60	57120	买盘
10:17:39	9.52	--	2	1904	买盘
10:17:30	9.52	--	2	1904	买盘
10:17:27	9.52	--	1	952	买盘
10:17:24	9.52	--	11	10472	买盘
10:17:21	9.52	--	8	7616	买盘
10:17:18	9.52	-0.01	118	112336	卖盘
10:17:15	9.53	--	90	85770	买盘
10:17:12	9.53	0.01	27	25731	买盘
10:17:09	9.52	--	118	112336	卖盘
10:17:06	9.52	--	60	57120	卖盘
10:17:03	9.52	-0.01	16	15232	中性盘
10:17:00	9.53	0.01	46	43838	买盘
10:16:57	9.52	--	98	93296	买盘
10:16:54	9.52	--	16	15232	买盘
10:16:51	9.52	--	46	43792	买盘
10:16:45	9.52	--	51	48552	买盘
10:16:42	9.52	--	55	52360	买盘
10:16:39	9.52	--	12	11424	买盘
10:16:36	9.52	--	374	356048	卖盘
10:16:33	9.52	--	25	23800	卖盘
10:16:30	9.52	--	100	95200	卖盘
10:16:27	9.52	--	67	63784	买盘
10:16:21	9.52	0.01	16	15232	买盘
10:16:18	9.51	-0.01	13	12363	卖盘
10:16:15	9.52	--	205	195160	买盘
10:16:06	9.52	--	50	47609	买盘
10:16:03	9.52	--	60	57120	买盘
10:16:00	9.52	--	42	39984	买盘
10:15:57	9.52	--	80	76160	买盘
10:15:54	9.52	0.01	3	2856	买盘
10:15:51	9.51	--	21	19971	卖盘
10:15:48	9.51	--	42	39942	卖盘
10:15:45	9.51	--	27	25677	卖盘
10:15:42	9.51	--	79	75129	卖盘
10:15:39	9.51	--	34	32334	卖盘
10:15:33	9.51	--	85	80835	卖盘
10:15:30	9.51	--	25	23775	卖盘
10:15:27	9.51	--	8	7608	卖盘
10:15:24	9.51	-0.01	10	9510	卖盘
10:15:21	9.52	0.01	49	46648	买盘
10:15:18	9.51	-0.01	40	38040	卖盘
10:15:12	9.52	0.01	78	74256	买盘
10:15:09	9.51	--	46	43746	卖盘
10:15:06	9.51	--	217	206367	买盘
10:15:03	9.51	-0.01	83	78933	卖盘
10:15:00	9.52	0.02	20	19040	买盘
10:14:54	9.5	-0.02	5	4750	卖盘
10:14:51	9.52	--	40	38080	买盘
10:14:45	9.52	--	8	7616	买盘
10:14:42	9.52	--	7	6664	买盘
10:14:39	9.52	-0.01	88	83776	卖盘
10:14:36	9.53	--	165	157245	买盘
10:14:33	9.53	0.01	44	41932	买盘
10:14:30	9.52	-0.02	6	5712	卖盘
10:14:27	9.54	--	84	80136	买盘
10:14:24	9.54	0.02	86	82043	买盘
10:14:21	9.52	-0.01	40	38080	卖盘
10:14:18	9.53	0.03	223	213395	买盘
10:14:15	9.5	-0.01	9	8550	买盘
10:14:12	9.51	0.01	250	237750	买盘
10:14:09	9.5	-0.02	180	171076	卖盘
10:14:06	9.52	0.01	709	674968	买盘
10:14:03	9.51	--	29	27579	卖盘
10:14:00	9.51	-0.01	102	97002	卖盘
10:13:57	9.52	0.01	39	37128	买盘
10:13:54	9.51	--	244	232918	买盘
10:13:51	9.51	--	50	47550	买盘
10:13:48	9.51	0.01	101	96051	买盘
10:13:45	9.5	--	183	173926	卖盘
10:13:42	9.5	--	137	131024	卖盘
10:13:39	9.5	--	6	5700	卖盘
10:13:36	9.5	--	20	19000	卖盘
10:13:33	9.5	--	30	28500	卖盘
10:13:30	9.5	--	105	99750	卖盘
10:13:27	9.5	0.01	10	9500	买盘
10:13:24	9.49	-0.01	7	6643	卖盘
10:13:21	9.5	0.02	596	566200	买盘
10:13:18	9.48	-0.02	55	52140	卖盘
10:13:12	9.5	0.01	500	475000	买盘
10:13:09	9.49	--	10	9490	买盘
10:13:03	9.49	--	75	71175	买盘
10:13:00	9.49	--	17	16133	买盘
10:12:57	9.49	0.01	42	39858	买盘
10:12:51	9.48	-0.01	45	42660	卖盘
10:12:48	9.49	0.01	20	18980	买盘
10:12:45	9.48	--	86	81528	买盘
10:12:42	9.48	--	49	46452	买盘
10:12:39	9.48	-0.01	124	117552	中性盘
10:12:36	9.49	0.02	4	3796	买盘
10:12:33	9.47	-0.02	86	81442	卖盘
10:12:30	9.49	0.02	87	82563	买盘
10:12:27	9.47	-0.02	53	50191	卖盘
10:12:24	9.49	0.01	86	81614	买盘
10:12:21	9.48	-0.01	21	19908	卖盘
10:12:18	9.49	--	42	39858	买盘
10:12:15	9.49	0.03	153	145197	买盘
10:12:12	9.46	-0.01	302	285692	卖盘
10:12:09	9.47	-0.01	30	28410	中性盘
10:12:06	9.48	0.01	230	218040	买盘
10:12:03	9.47	0.01	12	11364	买盘
10:12:00	9.46	-0.01	12	11352	卖盘
10:11:57	9.47	0.01	43	40721	中性盘
10:11:54	9.46	--	38	35948	买盘
10:11:51	9.46	-0.01	144	136224	卖盘
10:11:48	9.47	0.01	227	214969	买盘
10:11:45	9.46	-0.01	27	25542	卖盘
10:11:42	9.47	--	5	4735	买盘
10:11:39	9.47	--	54	51138	买盘
10:11:36	9.47	0.01	243	230121	买盘
10:11:33	9.46	-0.01	75	70950	卖盘
10:11:30	9.47	--	38	35986	买盘
10:11:27	9.47	--	7	6629	买盘
10:11:24	9.47	0.01	47	44509	买盘
10:11:18	9.46	--	121	114466	买盘
10:11:15	9.46	0.01	95	89870	买盘
10:11:12	9.45	--	85	80325	买盘
10:11:09	9.45	--	84	79380	买盘
10:11:06	9.45	--	22	20790	买盘
10:11:03	9.45	0.01	56	52919	买盘
10:11:00	9.44	0.01	84	79296	买盘
10:10:57	9.43	0.01	90	84870	买盘
10:10:54	9.42	--	48	45216	买盘
10:10:51	9.42	--	67	63114	买盘
10:10:48	9.42	-0.01	21	19782	卖盘
10:10:42	9.43	--	76	71668	买盘
10:10:39	9.43	--	74	69782	买盘
10:10:36	9.43	--	342	322506	买盘
10:10:30	9.43	0.01	56	52808	买盘
10:10:27	9.42	--	50	47100	买盘
10:10:24	9.42	--	8	7536	卖盘
10:10:18	9.42	-0.01	20	18840	卖盘
10:10:15	9.43	--	21	19803	买盘
10:10:12	9.43	--	20	18860	买盘
10:10:09	9.43	--	34	32062	买盘
10:10:06	9.43	--	29	27347	买盘
10:10:03	9.43	-0.02	29	27347	卖盘
10:10:00	9.45	0.01	46	43470	买盘
10:09:54	9.44	0.01	107	101008	买盘
10:09:48	9.43	--	10	9430	卖盘
10:09:45	9.43	0.02	33	31119	买盘
10:09:36	9.41	-0.02	61	57401	卖盘
10:09:33	9.43	0.01	220	207460	买盘
10:09:30	9.42	0.01	198	186516	买盘
10:09:27	9.41	0.01	356	334996	买盘
10:09:24	9.4	-0.01	146	137240	买盘
10:09:21	9.41	0.01	344	323704	买盘
10:09:18	9.4	--	26	24440	买盘
10:09:15	9.4	-0.01	107	100580	买盘
10:09:12	9.41	0.01	32	30112	买盘
10:09:09	9.4	--	16	15040	买盘
10:09:06	9.4	--	147	138180	买盘
10:09:03	9.4	--	180	169200	买盘
10:08:57	9.4	--	2	1880	买盘
10:08:54	9.4	0.01	30	28200	买盘
10:08:45	9.39	--	99	92961	买盘
10:08:42	9.39	--	42	39438	买盘
10:08:39	9.39	0.01	27	25353	买盘
10:08:30	9.38	--	71	66635	买盘
10:08:18	9.38	0.01	9	8442	买盘
10:08:09	9.37	--	60	56219	卖盘
10:08:06	9.37	--	129	120872	买盘
10:08:03	9.37	--	30	28109	买盘
10:08:00	9.37	--	9	8433	买盘
10:07:57	9.37	--	2	1873	买盘
10:07:54	9.37	--	20	18740	买盘
10:07:48	9.37	-0.01	310	290470	卖盘
10:07:42	9.38	0.01	6	5628	买盘
10:07:39	9.37	--	15	14054	买盘
10:07:30	9.37	0.01	6	5621	中性盘
10:07:24	9.36	-0.02	18	16848	卖盘
10:07:18	9.38	0.02	3	2814	买盘
10:07:12	9.36	--	107	100152	买盘
10:07:06	9.36	--	50	46800	买盘
10:07:03	9.36	-0.02	43	40248	卖盘
10:07:00	9.38	0.02	17	15946	买盘
10:06:48	9.36	--	11	10296	卖盘
10:06:45	9.36	-0.01	188	175968	卖盘
10:06:42	9.37	0.01	16	14991	买盘
10:06:39	9.36	-0.01	46	43056	卖盘
10:06:36	9.37	0.02	3	2810	买盘
10:06:12	9.35	--	3	2805	卖盘
10:06:00	9.35	--	49	45815	买盘
10:05:57	9.35	--	32	29920	卖盘
10:05:54	9.35	--	15	14025	卖盘
10:05:42	9.35	--	28	26180	买盘
10:05:39	9.35	--	2	1870	买盘
10:05:36	9.35	--	18	16830	买盘
10:05:33	9.35	--	20	18700	买盘
10:05:30	9.35	--	70	65450	卖盘
10:05:27	9.35	-0.01	38	35530	卖盘
10:05:24	9.36	0.01	9	8424	买盘
10:05:12	9.35	-0.01	21	19635	卖盘
10:05:09	9.36	0.02	7	6552	买盘
10:05:06	9.34	-0.01	1327	1239446	卖盘
10:05:03	9.35	--	42	39270	买盘
10:05:00	9.35	0.01	283	264605	买盘
10:04:54	9.34	--	175	163450	买盘
10:04:48	9.34	-0.01	231	215754	卖盘
10:04:45	9.35	--	2	1870	买盘
10:04:42	9.35	--	10	9350	买盘
10:04:39	9.35	0.01	12	11220	买盘
10:04:30	9.34	--	32	29888	卖盘
10:04:27	9.34	-0.01	26	24284	卖盘
10:04:24	9.35	--	330	308550	买盘
10:04:18	9.35	--	5	4675	买盘
10:04:15	9.35	--	2	1870	买盘
10:04:09	9.35	-0.01	108	101886	卖盘
10:04:06	9.36	0.01	90	84240	买盘
10:04:03	9.35	--	302	282370	卖盘
10:04:00	9.35	-0.01	8	7480	卖盘
10:03:57	9.36	--	3	2808	卖盘
10:03:54	9.36	--	17	15911	买盘
10:03:45	9.36	--	103	96408	卖盘
10:03:42	9.36	-0.01	8	7488	卖盘
10:03:36	9.37	--	3	2810	买盘
10:03:30	9.37	--	13	12180	卖盘
10:03:27	9.37	--	60	56219	卖盘
10:03:24	9.37	--	4	3747	卖盘
10:03:18	9.37	--	12	11243	卖盘
10:03:09	9.37	--	44	41228	卖盘
10:03:06	9.37	0.02	564	528468	买盘
10:03:03	9.35	-0.01	698	652630	卖盘
10:03:00	9.36	--	116	108576	卖盘
10:02:57	9.36	-0.01	100	93600	卖盘
10:02:54	9.37	0.01	13	12180	买盘
10:02:51	9.36	-0.01	42	39312	卖盘
10:02:48	9.37	0.01	34	31857	买盘
10:02:45	9.36	--	7	6552	卖盘
10:02:42	9.36	-0.01	4	3744	卖盘
10:02:36	9.37	--	8	7495	买盘
10:02:33	9.37	--	12	11243	买盘
10:02:27	9.37	--	1	936	买盘
10:02:21	9.37	--	20	18740	买盘
10:02:09	9.37	0.01	20	18740	买盘
10:02:06	9.36	--	4	3744	卖盘
10:01:54	9.36	--	8	7488	卖盘
10:01:51	9.36	-0.01	20	18720	卖盘
10:01:48	9.37	0.01	25	23424	买盘
10:01:45	9.36	-0.01	52	48672	卖盘
10:01:39	9.37	--	8	7495	买盘
10:01:36	9.37	0.01	172	161164	买盘
10:01:33	9.36	--	10	9360	卖盘
10:01:30	9.36	--	3	2808	卖盘
10:01:27	9.36	-0.01	4	3744	卖盘
10:01:18	9.37	--	10	9370	买盘
10:01:15	9.37	0.01	112	104943	买盘
10:01:12	9.36	--	38	35568	卖盘
10:01:03	9.36	--	70	65519	卖盘
10:01:00	9.36	--	75	70200	卖盘
10:00:54	9.36	-0.01	32	29952	卖盘
10:00:51	9.37	--	5	4685	买盘
10:00:42	9.37	--	3	2810	买盘
10:00:39	9.37	0.01	2	1873	买盘
10:00:36	9.36	-0.01	22	20592	卖盘
10:00:33	9.37	--	3	2810	买盘
10:00:30	9.37	0.01	20	18740	买盘
10:00:24	9.36	-0.01	35	32759	卖盘
10:00:18	9.37	--	5	4685	买盘
10:00:15	9.37	--	5	4685	买盘
10:00:12	9.37	--	5	4685	买盘
10:00:03	9.37	--	5	4685	买盘
10:00:00	9.37	--	94	88077	卖盘
09:59:51	9.37	--	8	7495	卖盘
09:59:48	9.37	--	105	98384	卖盘
09:59:45	9.37	-0.01	10	9370	卖盘
09:59:42	9.38	0.01	57	53466	买盘
09:59:36	9.37	--	3	2810	卖盘
09:59:33	9.37	-0.01	12	11243	卖盘
09:59:24	9.38	--	2	1876	买盘
09:59:21	9.38	--	84	78792	买盘
09:59:15	9.38	--	30	28140	买盘
09:59:12	9.38	--	66	61908	买盘
09:59:00	9.38	--	2	1876	买盘
09:58:57	9.38	--	16	15008	买盘
09:58:54	9.38	--	2	1876	买盘
09:58:51	9.38	--	10	9380	买盘
09:58:48	9.38	--	10	9380	买盘
09:58:45	9.38	--	26	24388	买盘
09:58:42	9.38	--	38	35644	买盘
09:58:33	9.38	--	25	23450	买盘
09:58:30	9.38	--	13	12194	买盘
09:58:21	9.38	--	5	4690	买盘
09:58:18	9.38	0.01	19	17822	买盘
09:58:09	9.37	-0.01	43	40291	卖盘
09:58:03	9.38	0.01	8	7504	买盘
09:57:57	9.37	--	25	23424	卖盘
09:57:54	9.37	--	10	9370	卖盘
09:57:51	9.37	--	1400	1311800	买盘
09:57:45	9.37	--	2	1873	买盘
09:57:42	9.37	--	5	4685	买盘
09:57:39	9.37	0.01	10	9370	买盘
09:57:36	9.36	-0.01	74	69264	卖盘
09:57:33	9.37	--	38	35606	买盘
09:57:30	9.37	--	6	5621	买盘
09:57:27	9.37	--	3	2810	买盘
09:57:21	9.37	0.01	143	134721	买盘
09:57:18	9.36	-0.01	40	37440	卖盘
09:57:15	9.37	0.01	12	11243	买盘
09:57:12	9.36	--	72	67392	卖盘
09:57:06	9.36	--	10	9360	卖盘
09:57:03	9.36	--	11	10296	卖盘
09:56:57	9.36	--	54	50544	买盘
09:56:54	9.36	0.01	12	11232	买盘
09:56:51	9.35	-0.01	45	42075	卖盘
09:56:48	9.36	-0.01	686	642096	卖盘
09:56:45	9.37	0.01	3	2810	买盘
09:56:42	9.36	-0.01	25	23400	卖盘
09:56:39	9.37	0.01	1	936	买盘
09:56:36	9.36	-0.01	16	14976	卖盘
09:56:33	9.37	0.01	2	1873	买盘
09:56:30	9.36	-0.01	4	3744	卖盘
09:56:27	9.37	0.01	3	2810	买盘
09:56:21	9.36	--	57	53352	卖盘
09:56:18	9.36	-0.01	8	7488	卖盘
09:56:09	9.37	--	5	4685	买盘
09:56:03	9.37	--	5	4685	买盘
09:56:00	9.37	--	103	96510	卖盘
09:55:51	9.37	--	608	569696	卖盘
09:55:36	9.37	--	399	373862	买盘
09:55:33	9.37	--	20	18740	买盘
09:55:30	9.37	0.01	14	13117	买盘
09:55:24	9.36	-0.01	22	20592	卖盘
09:55:18	9.37	--	25	23424	买盘
09:55:15	9.37	0.01	45	42165	买盘
09:55:12	9.36	0.01	20	18720	中性盘
09:55:06	9.35	-0.02	1005	939927	卖盘
09:55:03	9.37	--	577	540649	买盘
09:55:00	9.37	--	50	46849	买盘
09:54:54	9.37	--	14	13117	买盘
09:54:36	9.37	--	4	3747	买盘
09:54:30	9.37	0.01	3	2810	买盘
09:54:15	9.36	-0.01	50	46800	卖盘
09:54:12	9.37	--	2	1873	买盘
09:54:03	9.37	--	10	9370	买盘
09:54:00	9.37	-0.01	206	193021	卖盘
09:53:54	9.38	0.01	14	13132	买盘
09:53:48	9.37	-0.01	200	187399	卖盘
09:53:45	9.38	--	184	173276	卖盘
09:53:42	9.38	--	4	3752	卖盘
09:53:36	9.38	-0.01	4	3752	卖盘
09:53:33	9.39	--	6	5634	买盘
09:53:27	9.39	0.01	70	65730	买盘
09:53:24	9.38	-0.01	430	403340	卖盘
09:53:21	9.39	0.01	6	5634	买盘
09:53:18	9.38	--	10	9380	卖盘
09:53:15	9.38	-0.01	4	3752	卖盘
09:53:12	9.39	0.01	5	4695	买盘
09:53:09	9.38	--	10	9380	卖盘
09:53:06	9.38	-0.01	10	9380	卖盘
09:52:54	9.39	--	74	69486	买盘
09:52:51	9.39	--	28	26292	买盘
09:52:45	9.39	0.01	13	12207	买盘
09:52:42	9.38	--	1	938	卖盘
09:52:36	9.38	--	50	46900	卖盘
09:52:30	9.38	--	37	34959	买盘
09:52:27	9.38	0.01	30	28140	买盘
09:52:06	9.37	0.01	59	55282	买盘
09:52:03	9.36	-0.01	83	77688	卖盘
09:51:57	9.37	0.01	22	20614	买盘
09:51:54	9.36	--	28	26208	卖盘
09:51:51	9.36	--	147	138509	买盘
09:51:42	9.36	--	20	18720	买盘
09:51:39	9.36	0.01	13	12168	买盘
09:51:36	9.35	--	100	93500	买盘
09:51:33	9.35	--	73	68255	买盘
09:51:30	9.35	--	74	69190	买盘
09:51:27	9.35	--	66	61710	买盘
09:51:24	9.35	--	33	30855	买盘
09:51:21	9.35	--	45	42075	买盘
09:51:18	9.35	--	62	57970	买盘
09:51:15	9.35	0.01	566	529210	买盘
09:51:12	9.34	-0.01	4	3736	卖盘
09:51:09	9.35	-0.01	10	9350	中性盘
09:51:06	9.36	0.01	6047	5659992	买盘
09:51:03	9.35	--	105	98175	卖盘
09:51:00	9.35	--	22	20570	卖盘
09:50:57	9.35	--	37	34595	卖盘
09:50:54	9.35	-0.01	68	63580	卖盘
09:50:51	9.36	0.01	105	98280	买盘
09:50:48	9.35	--	347	324445	卖盘
09:50:45	9.35	--	113	105655	卖盘
09:50:42	9.35	--	4	3740	卖盘
09:50:39	9.35	--	141	131835	卖盘
09:50:36	9.35	-0.01	17	15895	卖盘
09:50:33	9.36	-0.01	982	919170	卖盘
09:50:30	9.37	-0.01	82	77414	卖盘
09:50:27	9.38	--	43	40334	卖盘
09:50:24	9.38	--	178	167320	买盘
09:50:21	9.38	0.01	382	358316	买盘
09:50:18	9.37	0.01	70	66058	买盘
09:50:15	9.36	--	82	76752	卖盘
09:50:12	9.36	--	108	101088	卖盘
09:50:09	9.36	--	24	22464	卖盘
09:50:06	9.36	--	158	148337	卖盘
09:50:03	9.36	--	29	27144	卖盘
09:50:00	9.36	-0.01	16	14976	卖盘
09:49:57	9.37	0.01	73	68401	买盘
09:49:54	9.36	-0.01	32	29952	卖盘
09:49:51	9.37	--	100	93699	买盘
09:49:48	9.37	0.01	123	115250	买盘
09:49:42	9.36	--	62	58032	卖盘
09:49:39	9.36	--	59	55224	卖盘
09:49:36	9.36	-0.01	11	10296	卖盘
09:49:33	9.37	--	310	290470	买盘
09:49:30	9.37	--	2	1873	买盘
09:49:27	9.37	--	10	9370	买盘
09:49:24	9.37	--	70	65590	买盘
09:49:21	9.37	--	40	37480	买盘
09:49:18	9.37	--	55	51534	买盘
09:49:15	9.37	--	20	18740	买盘
09:49:12	9.37	--	17	15928	买盘
09:49:09	9.37	--	37	35137	卖盘
09:49:06	9.37	--	35	33263	卖盘
09:49:03	9.37	-0.01	43	40291	卖盘
09:48:57	9.38	--	83	77854	买盘
09:48:54	9.38	0.01	95	89110	买盘
09:48:51	9.37	--	5	4685	买盘
09:48:48	9.37	-0.01	39	36543	卖盘
09:48:45	9.38	0.01	16	15008	买盘
09:48:42	9.37	--	119	111502	卖盘
09:48:39	9.37	--	48	44975	卖盘
09:48:36	9.37	--	19	17803	买盘
09:48:33	9.37	--	2	1873	买盘
09:48:30	9.37	--	31	29046	卖盘
09:48:27	9.37	-0.01	53	49660	卖盘
09:48:24	9.38	-0.01	2	1876	中性盘
09:48:18	9.39	0.01	21	19719	买盘
09:48:15	9.38	0.01	50	46900	买盘
09:48:12	9.37	-0.01	122	114313	卖盘
09:48:06	9.38	--	51	47838	买盘
09:48:03	9.38	--	47	44555	卖盘
09:48:00	9.38	--	1	1407	卖盘
09:47:51	9.38	0.02	41	38458	买盘
09:47:48	9.36	-0.02	877	820872	卖盘
09:47:45	9.38	--	55	51590	买盘
09:47:42	9.38	--	11	10318	卖盘
09:47:36	9.38	--	31	29078	卖盘
09:47:33	9.38	--	176	165088	买盘
09:47:30	9.38	--	37	34706	买盘
09:47:27	9.38	0.01	25	23450	买盘
09:47:24	9.37	--	37	34669	卖盘
09:47:18	9.37	-0.01	28	26235	卖盘
09:47:12	9.38	--	182	170716	买盘
09:47:09	9.38	--	4	3752	买盘
09:47:00	9.38	--	5	4690	买盘
09:46:57	9.38	--	16	15008	卖盘
09:46:54	9.38	--	8	7504	卖盘
09:46:48	9.38	--	14	13132	卖盘
09:46:42	9.38	--	133	124754	卖盘
09:46:39	9.38	--	25	23450	卖盘
09:46:36	9.38	--	48	45024	卖盘
09:46:33	9.38	--	55	51590	卖盘
09:46:30	9.38	--	20	18760	卖盘
09:46:27	9.38	-0.01	13	12194	卖盘
09:46:21	9.39	0.03	30	28170	买盘
09:46:00	9.36	-0.03	1408	1317888	卖盘
09:45:57	9.39	--	11	10329	买盘
09:45:54	9.39	--	47	44133	买盘
09:45:51	9.39	0.01	8	7512	买盘
09:45:48	9.38	--	17	15946	卖盘
09:45:42	9.38	--	16	15008	卖盘
09:45:39	9.38	--	43	40334	卖盘
09:45:30	9.38	--	112	105056	卖盘
09:45:27	9.38	--	72	67536	卖盘
09:45:18	9.38	-0.01	11	10318	卖盘
09:45:15	9.39	0.01	1	939	买盘
09:45:12	9.38	-0.01	56	52528	卖盘
09:45:09	9.39	0.01	19	17841	买盘
09:45:06	9.38	-0.01	38	35644	卖盘
09:45:03	9.39	0.01	53	49767	买盘
09:44:54	9.38	-0.01	25	23450	卖盘
09:44:51	9.39	0.01	9	8451	买盘
09:44:48	9.38	-0.01	2	1876	中性盘
09:44:45	9.39	0.01	32	30048	买盘
09:44:42	9.38	-0.01	188	176344	卖盘
09:44:39	9.39	--	3	2817	买盘
09:44:36	9.39	0.01	105	98595	买盘
09:44:33	9.38	--	33	30954	卖盘
09:44:30	9.38	-0.01	126	118188	卖盘
09:44:27	9.39	--	27	25353	买盘
09:44:24	9.39	--	100	93900	买盘
09:44:18	9.39	0.01	10	9390	买盘
09:44:15	9.38	--	42	39396	卖盘
09:44:12	9.38	--	6	5628	卖盘
09:44:03	9.38	--	4	3752	卖盘
09:43:57	9.38	-0.01	1	938	卖盘
09:43:51	9.39	0.01	20	18780	买盘
09:43:48	9.38	-0.01	5	4690	买盘
09:43:45	9.39	0.01	75	70425	买盘
09:43:39	9.38	-0.01	234	219492	卖盘
