成交时间	成交价	价格变动	成交量(手)	成交额(元)	性质
15:00:03	7.46	0.02	1552	1157814	买盘
14:57:03	7.44	--	56	41664	卖盘
14:57:00	7.44	0.01	160	119040	买盘
14:56:57	7.43	--	42	31206	卖盘
14:56:54	7.43	--	15	11145	卖盘
14:56:45	7.43	--	8	5944	卖盘
14:56:42	7.43	-0.01	5	3715	卖盘
14:56:36	7.44	--	132	98208	买盘
14:56:24	7.44	--	196	145824	卖盘
14:56:15	7.44	--	5	3720	卖盘
14:56:12	7.44	--	100	74400	卖盘
14:56:09	7.44	--	3	2232	卖盘
14:56:06	7.44	0.01	203	151032	买盘
14:56:00	7.43	--	23	17089	卖盘
14:55:57	7.43	0.01	123	91389	买盘
14:55:54	7.42	--	41	30422	卖盘
14:55:42	7.42	0.01	32	23744	买盘
14:55:39	7.41	--	12	8892	卖盘
14:55:36	7.41	--	95	70395	卖盘
14:55:33	7.41	-0.01	4	2964	卖盘
14:55:21	7.42	0.01	11	8162	买盘
14:55:09	7.41	--	69	51129	买盘
14:55:03	7.41	--	50	37050	买盘
14:55:00	7.41	--	98	72618	买盘
14:54:57	7.41	--	19	14079	买盘
14:54:45	7.41	--	8	5928	买盘
14:54:42	7.41	--	9	6669	买盘
14:54:39	7.41	-0.02	166	123006	卖盘
14:54:36	7.43	0.02	145	107735	买盘
14:54:27	7.41	--	64	47424	买盘
14:54:18	7.41	0.01	14	10374	买盘
14:54:15	7.4	-0.01	9	6660	卖盘
14:54:12	7.41	0.01	10	7410	买盘
14:54:09	7.4	-0.01	96	71040	卖盘
14:54:06	7.41	0.01	15	11115	买盘
14:54:03	7.4	--	10	7400	卖盘
14:53:45	7.4	--	88	65120	买盘
14:53:42	7.4	--	10	7400	买盘
14:53:36	7.4	0.01	16	11840	买盘
14:53:33	7.39	-0.01	27	19953	卖盘
14:53:27	7.4	--	41	30340	买盘
14:53:21	7.4	-0.01	935	691900	卖盘
14:53:15	7.41	--	10	7410	买盘
14:53:12	7.41	--	3	2223	买盘
14:53:03	7.41	--	27	20007	买盘
14:52:51	7.41	0.01	13	9633	买盘
14:52:48	7.4	-0.03	935	691900	卖盘
14:52:27	7.43	0.01	50	37150	买盘
14:52:24	7.42	--	4	2968	卖盘
14:52:18	7.42	--	16	11872	卖盘
14:52:12	7.42	-0.01	20	14840	卖盘
14:51:54	7.43	0.01	35	26005	买盘
14:51:51	7.42	--	50	37100	买盘
14:51:48	7.42	-0.01	22	16324	中性盘
14:51:42	7.43	0.01	10	7430	买盘
14:51:39	7.42	--	53	39326	卖盘
14:51:36	7.42	--	301	223342	卖盘
14:51:30	7.42	-0.01	24	17808	卖盘
14:51:27	7.43	--	18	13374	买盘
14:51:12	7.43	--	5	3715	买盘
14:51:06	7.43	--	217	161231	卖盘
14:51:00	7.43	-0.01	4	2972	卖盘
14:50:57	7.44	0.01	65	48360	买盘
14:50:54	7.43	--	75	55725	卖盘
14:50:48	7.43	--	6	4458	卖盘
14:50:45	7.43	--	13	9659	卖盘
14:50:42	7.43	--	108	80244	卖盘
14:50:33	7.43	--	6	4458	卖盘
14:50:27	7.43	--	13	9659	卖盘
14:50:03	7.43	--	6	4458	卖盘
14:49:54	7.43	--	9	6687	卖盘
14:49:39	7.43	--	82	60926	卖盘
14:49:36	7.43	-0.01	28	20804	卖盘
14:49:33	7.44	0.01	1	744	买盘
14:49:27	7.43	-0.01	40	29720	卖盘
14:49:24	7.44	0.01	47	34968	买盘
14:49:06	7.43	--	1	743	卖盘
14:49:00	7.43	--	6	4458	卖盘
14:48:39	7.43	-0.01	2	1486	卖盘
14:48:33	7.44	0.01	11	8184	买盘
14:48:30	7.43	--	12	8916	卖盘
14:48:15	7.43	--	60	44580	卖盘
14:48:09	7.43	-0.01	70	52010	卖盘
14:47:48	7.44	--	23	17112	买盘
14:47:18	7.44	0.01	60	44640	买盘
14:46:51	7.43	--	31	23033	卖盘
14:46:45	7.43	--	4	2972	卖盘
14:46:21	7.43	--	32	23776	卖盘
14:45:48	7.43	--	385	286055	买盘
14:45:12	7.43	-0.01	165	122595	卖盘
14:45:03	7.44	--	18	13392	买盘
14:45:00	7.44	0.01	3	2232	买盘
14:44:33	7.43	--	5	3715	买盘
14:44:27	7.43	-0.01	60	44580	卖盘
14:43:57	7.44	0.01	16	11904	买盘
14:43:39	7.43	--	80	59440	卖盘
14:43:24	7.43	--	2	1486	卖盘
14:43:18	7.43	-0.01	1	743	卖盘
14:42:57	7.44	--	67	49848	买盘
14:42:54	7.44	-0.01	48	35712	卖盘
14:42:48	7.45	--	50	37250	买盘
14:42:30	7.45	--	20	14900	买盘
14:42:27	7.45	--	113	84185	买盘
14:42:24	7.45	0.01	12	8940	买盘
14:42:21	7.44	--	5	3720	卖盘
14:42:09	7.44	--	5	3720	卖盘
14:42:03	7.44	-0.01	40	29760	中性盘
14:41:51	7.45	0.01	10	7450	买盘
14:41:48	7.44	--	0	208	卖盘
14:41:45	7.44	--	102	75888	卖盘
14:41:39	7.44	--	6	4464	卖盘
14:41:33	7.44	--	8	5952	卖盘
14:41:18	7.44	--	20	14880	卖盘
14:41:12	7.44	--	13	9672	卖盘
14:40:42	7.44	--	8	5952	卖盘
14:40:21	7.44	--	50	37200	卖盘
14:40:09	7.44	-0.01	8	5952	卖盘
14:39:54	7.45	-0.01	6	4470	卖盘
14:39:42	7.46	0.02	107	79822	买盘
14:39:30	7.44	-0.01	255	189720	卖盘
14:39:12	7.45	-0.01	3	2235	卖盘
14:39:00	7.46	0.01	117	87282	买盘
14:38:33	7.45	--	16	11920	卖盘
14:38:18	7.45	-0.01	15	11711	卖盘
14:37:42	7.46	0.01	31	23126	买盘
14:37:15	7.45	--	10	7450	卖盘
14:37:06	7.45	-0.01	9	6705	卖盘
14:36:57	7.46	0.01	177	132042	买盘
14:35:42	7.45	-0.01	1	745	卖盘
14:34:42	7.46	--	20	14920	买盘
14:34:39	7.46	--	2	1492	买盘
14:34:18	7.46	0.01	43	32078	买盘
14:34:09	7.45	--	2	1490	卖盘
14:34:00	7.45	--	19	14155	买盘
14:33:54	7.45	--	3	2235	买盘
14:33:51	7.45	--	24	17880	卖盘
14:33:45	7.45	--	30	22350	卖盘
14:33:33	7.45	--	50	37250	卖盘
14:33:18	7.45	--	13	9685	卖盘
14:33:09	7.45	-0.01	2	1490	卖盘
14:32:36	7.46	--	2	1492	买盘
14:32:30	7.46	--	5	3730	买盘
14:32:27	7.46	--	357	266322	卖盘
14:32:03	7.46	-0.01	39	29094	卖盘
14:31:39	7.47	--	1	747	买盘
14:31:33	7.47	--	5	3735	买盘
14:31:21	7.47	--	10	7470	买盘
14:31:18	7.47	--	5	3735	买盘
14:31:15	7.47	--	21	15687	卖盘
14:31:00	7.47	-0.01	7	5229	卖盘
14:30:51	7.48	--	7	5236	卖盘
14:30:48	7.48	--	5	3740	卖盘
14:30:45	7.48	--	30	22440	卖盘
14:30:33	7.48	--	515	385220	买盘
14:30:06	7.48	0.01	7	5236	买盘
14:30:00	7.47	--	14	10458	卖盘
14:29:36	7.47	-0.01	26	19422	卖盘
14:29:27	7.48	0.01	1	748	买盘
14:29:12	7.47	--	36	26892	买盘
14:29:03	7.47	--	10	7470	买盘
14:28:36	7.47	--	90	67230	买盘
14:28:33	7.47	-0.01	65	48555	卖盘
14:28:30	7.48	--	2	1496	买盘
14:28:27	7.48	--	10	7480	买盘
14:28:09	7.48	--	5	3740	买盘
14:27:54	7.48	--	112	83776	买盘
14:27:33	7.48	0.01	27	20196	买盘
14:27:27	7.47	--	52	38844	买盘
14:27:24	7.47	--	26	19422	买盘
14:27:18	7.47	--	144	107568	买盘
14:26:57	7.47	0.01	3	2241	买盘
14:26:51	7.46	-0.01	7	5222	卖盘
14:25:54	7.47	--	12	8964	买盘
14:25:42	7.47	--	62	46314	卖盘
14:25:39	7.47	--	31	23157	卖盘
14:25:36	7.47	--	10	7470	卖盘
14:25:30	7.47	--	4	2988	卖盘
14:25:18	7.47	--	101	75447	卖盘
14:25:03	7.47	--	52	38844	买盘
14:24:30	7.47	--	1	747	买盘
14:24:27	7.47	--	3	2241	买盘
14:24:09	7.47	--	10	7470	买盘
14:24:03	7.47	--	2	1494	卖盘
14:23:54	7.47	--	10	7470	卖盘
14:23:48	7.47	--	5	3735	卖盘
14:23:42	7.47	--	10	7470	卖盘
14:23:39	7.47	--	5	3735	卖盘
14:23:24	7.47	0.01	8	5976	买盘
14:23:21	7.46	-0.01	305	227530	卖盘
14:23:03	7.47	0.01	1	747	买盘
14:22:57	7.46	-0.01	1	746	卖盘
14:22:42	7.47	0.01	7	5229	买盘
14:22:36	7.46	--	26	19396	卖盘
14:22:03	7.46	-0.01	1	746	卖盘
14:21:57	7.47	--	13	9711	买盘
14:21:36	7.47	0.01	59	44073	买盘
14:21:27	7.46	--	30	22380	卖盘
14:21:24	7.46	-0.01	40	29840	卖盘
14:21:03	7.47	0.01	16	11952	中性盘
14:20:24	7.46	-0.02	322	240212	卖盘
14:20:21	7.48	0.01	37	27676	买盘
14:20:12	7.47	--	20	14940	卖盘
14:20:06	7.47	--	9	6723	卖盘
14:20:00	7.47	--	16	11952	卖盘
14:19:54	7.47	-0.01	5	3735	卖盘
14:19:18	7.48	0.01	10	7480	买盘
14:19:06	7.47	-0.01	26	19422	卖盘
14:19:03	7.48	--	14	10472	买盘
14:18:54	7.48	--	1	748	买盘
14:18:42	7.48	0.01	5	3740	买盘
14:18:27	7.47	-0.01	11	8217	卖盘
14:18:15	7.48	--	400	299200	买盘
14:17:27	7.48	--	9	6732	买盘
14:17:12	7.48	--	20	14960	买盘
14:17:06	7.48	0.01	36	26928	买盘
14:17:03	7.47	-0.01	100	74700	卖盘
14:17:00	7.48	--	50	37400	买盘
14:16:57	7.48	0.01	42	31416	买盘
14:16:48	7.47	--	39	29133	卖盘
14:16:42	7.47	-0.01	5	3735	卖盘
14:16:33	7.48	--	26	19448	买盘
14:16:30	7.48	0.01	5	3740	买盘
14:16:12	7.47	-0.01	2	1494	卖盘
14:16:06	7.48	0.01	100	74800	买盘
14:16:03	7.47	--	42	31374	卖盘
14:15:57	7.47	--	15	11205	卖盘
14:15:51	7.47	--	13	9711	买盘
14:15:48	7.47	--	40	29880	卖盘
14:15:39	7.47	--	21	15687	买盘
14:15:21	7.47	-0.01	18	13446	卖盘
14:15:18	7.48	0.01	35	26180	买盘
14:15:15	7.47	--	8	5976	卖盘
14:15:03	7.47	0.01	474	354078	买盘
14:14:36	7.46	0.01	491	366293	买盘
14:14:21	7.45	0.01	48	35760	买盘
14:13:30	7.44	--	17	12648	中性盘
14:12:48	7.44	--	10	7440	买盘
14:12:12	7.44	-0.01	10	7440	卖盘
14:12:03	7.45	0.01	24	17880	买盘
14:11:48	7.44	-0.01	10	7440	卖盘
14:11:30	7.45	--	83	61835	买盘
14:11:12	7.45	--	37	27565	买盘
14:11:03	7.45	--	70	52150	买盘
14:10:57	7.45	--	62	46190	买盘
14:10:42	7.45	--	40	29800	买盘
14:10:27	7.45	0.01	22	16390	买盘
14:10:24	7.44	--	36	26784	卖盘
14:10:00	7.44	--	6	4464	卖盘
14:09:48	7.44	--	8	5952	卖盘
14:09:33	7.44	-0.01	44	32736	卖盘
14:08:48	7.45	--	13	9685	买盘
14:08:45	7.45	--	5	3725	买盘
14:07:54	7.45	--	28	20860	卖盘
14:07:51	7.45	--	20	14900	卖盘
14:07:48	7.45	--	50	37250	卖盘
14:07:30	7.45	--	1	745	买盘
14:07:15	7.45	--	15	11175	买盘
14:06:57	7.45	--	24	17880	买盘
14:06:48	7.45	--	5	3725	买盘
14:06:42	7.45	-0.01	25	18625	中性盘
14:06:18	7.46	0.01	26	19396	买盘
14:06:15	7.45	--	10	7450	买盘
14:06:03	7.45	--	17	13402	卖盘
14:05:57	7.45	--	50	37250	卖盘
14:05:54	7.45	--	20	14900	卖盘
14:05:21	7.45	--	20	14900	卖盘
14:05:18	7.45	--	26	19370	卖盘
14:05:00	7.45	--	10	7450	卖盘
14:04:51	7.45	-0.01	150	111750	卖盘
14:04:33	7.46	--	100	74600	买盘
14:04:30	7.46	0.01	10	7460	买盘
14:04:24	7.45	--	3	2235	卖盘
14:04:12	7.45	-0.01	19	14155	卖盘
14:04:09	7.46	--	74	55204	买盘
14:03:51	7.46	0.01	22	16412	买盘
14:03:45	7.45	-0.01	20	14900	卖盘
14:03:39	7.46	--	9	6714	买盘
14:03:24	7.46	0.01	5	3730	买盘
14:03:00	7.45	--	210	156457	买盘
14:02:57	7.45	0.01	20	14900	买盘
14:02:54	7.44	-0.01	40	29760	卖盘
14:02:45	7.45	0.01	450	335250	买盘
14:02:30	7.44	-0.01	2	1488	卖盘
14:02:18	7.45	0.01	89	66305	买盘
14:02:03	7.44	--	10	7440	买盘
14:02:00	7.44	--	20	14880	卖盘
14:01:54	7.44	--	10	7440	卖盘
14:01:45	7.44	0.01	105	78120	买盘
14:01:36	7.43	-0.01	7	5201	卖盘
14:01:18	7.44	--	1	744	买盘
14:01:15	7.44	--	100	74400	买盘
14:01:06	7.44	0.01	100	74400	买盘
14:00:48	7.43	-0.01	1	743	卖盘
14:00:45	7.44	0.01	7	5208	买盘
14:00:42	7.43	-0.01	5	3715	卖盘
14:00:33	7.44	--	10	7440	买盘
14:00:21	7.44	--	14	10416	买盘
14:00:12	7.44	--	92	68448	买盘
14:00:09	7.44	--	171	127224	买盘
13:59:21	7.44	--	7	5208	买盘
13:59:12	7.44	--	2	1488	买盘
13:58:51	7.44	0.01	19	14136	买盘
13:58:15	7.43	--	243	180549	买盘
13:58:06	7.43	0.01	2	1486	买盘
13:57:51	7.42	--	10	7420	卖盘
13:57:45	7.42	--	119	88298	买盘
13:57:15	7.42	--	40	29680	买盘
13:57:06	7.42	--	15	11130	买盘
13:57:03	7.42	--	20	14840	买盘
13:56:36	7.42	0.01	30	22260	买盘
13:56:24	7.41	-0.01	48	35568	卖盘
13:56:21	7.42	0.01	32	23744	买盘
13:55:51	7.41	0.02	2170	1607970	买盘
13:55:36	7.39	--	100	73900	卖盘
13:55:09	7.39	--	20	14780	卖盘
13:54:54	7.39	-0.01	7	5173	卖盘
13:54:45	7.4	--	2	1480	买盘
13:53:51	7.4	--	10	7400	买盘
13:53:24	7.4	0.01	15	11100	买盘
13:53:00	7.39	--	1	739	卖盘
13:52:45	7.39	-0.01	18	13302	卖盘
13:52:36	7.4	--	5	3700	买盘
13:51:57	7.4	--	1	740	买盘
13:51:48	7.4	0.01	2	1480	买盘
13:51:36	7.39	-0.01	4	2956	卖盘
13:51:33	7.4	--	1	740	买盘
13:51:27	7.4	--	100	74000	买盘
13:51:18	7.4	--	1	740	买盘
13:50:48	7.4	0.01	1	740	买盘
13:50:36	7.39	--	19	14041	卖盘
13:50:03	7.39	--	10	7390	卖盘
13:49:30	7.39	--	50	36950	卖盘
13:49:27	7.39	--	20	14780	卖盘
13:49:15	7.39	--	5	3695	卖盘
13:48:45	7.39	--	100	73900	卖盘
13:47:57	7.39	-0.01	6	4434	卖盘
13:47:45	7.4	0.01	10	7400	买盘
13:47:33	7.39	--	100	73900	卖盘
13:47:18	7.39	--	65	48035	卖盘
13:46:51	7.39	-0.01	38	28082	卖盘
13:45:54	7.4	0.01	1	740	买盘
13:45:51	7.39	-0.01	90	66510	卖盘
13:45:33	7.4	0.01	5	3700	买盘
13:45:21	7.39	--	35	25865	卖盘
13:45:00	7.39	-0.01	30	22170	卖盘
13:44:30	7.4	0.01	87	64380	买盘
13:44:24	7.39	-0.01	10	7390	卖盘
13:44:12	7.4	--	1	740	买盘
13:43:51	7.4	--	31	22940	卖盘
13:43:36	7.4	--	18	13320	买盘
13:42:30	7.4	--	60	44400	卖盘
13:42:27	7.4	--	26	19240	卖盘
13:42:12	7.4	--	59	43660	买盘
13:41:54	7.4	--	1	740	买盘
13:41:24	7.4	--	3	2220	卖盘
13:41:12	7.4	--	10	7400	卖盘
13:41:06	7.4	0.01	60	44400	卖盘
13:40:39	7.39	-0.01	64	47296	卖盘
13:40:27	7.4	--	199	147260	卖盘
13:40:12	7.4	-0.01	10	7400	卖盘
13:40:03	7.41	0.01	2	1482	买盘
13:39:57	7.4	-0.01	13	9620	卖盘
13:39:42	7.41	--	13	9633	买盘
13:39:30	7.41	--	153	113373	买盘
13:39:18	7.41	--	75	55575	买盘
13:39:09	7.41	0.01	100	74100	买盘
13:39:06	7.4	--	15	11100	卖盘
13:39:00	7.4	--	50	37000	卖盘
13:38:42	7.4	-0.01	5	3700	卖盘
13:38:18	7.41	0.01	4	2964	买盘
13:37:57	7.4	--	5	3700	卖盘
13:37:18	7.4	-0.01	10	7400	卖盘
13:37:09	7.41	0.01	16	11856	买盘
13:37:06	7.4	--	1	740	卖盘
13:36:15	7.4	--	103	76220	卖盘
13:36:03	7.4	-0.01	2	1480	卖盘
13:35:54	7.41	--	28	20748	买盘
13:35:03	7.41	--	18	13338	买盘
13:34:30	7.41	0.01	50	37050	买盘
13:34:06	7.4	--	30	22200	卖盘
13:33:51	7.4	--	125	92500	买盘
13:33:36	7.4	--	50	37000	买盘
13:33:03	7.4	--	50	37000	买盘
13:32:51	7.4	0.01	1	740	买盘
13:32:39	7.39	-0.01	4	2956	卖盘
13:32:30	7.4	--	23	17020	买盘
13:32:24	7.4	0.01	12	8880	买盘
13:31:48	7.39	-0.01	10	7390	卖盘
13:31:45	7.4	0.01	29	21460	买盘
13:31:15	7.39	--	18	13302	卖盘
13:30:45	7.39	--	5	3695	卖盘
13:30:33	7.39	--	3	2217	卖盘
13:30:27	7.39	--	286	211634	买盘
13:30:15	7.39	--	18	13302	买盘
13:29:54	7.39	--	26	19214	买盘
13:29:33	7.39	--	134	99484	卖盘
13:28:39	7.39	--	12	8868	卖盘
13:27:33	7.39	--	21	15519	卖盘
13:27:30	7.39	--	42	31038	卖盘
13:27:27	7.39	-0.01	11	8129	卖盘
13:27:24	7.4	--	45	33300	买盘
13:26:42	7.4	0.01	30	22200	买盘
13:26:21	7.39	--	15	11085	卖盘
13:25:45	7.39	--	5	3695	卖盘
13:25:27	7.39	--	3	2497	买盘
13:24:51	7.39	--	43	31777	买盘
13:24:45	7.39	--	50	37408	卖盘
13:24:27	7.39	-0.01	441	325899	卖盘
13:24:15	7.4	--	1	740	卖盘
13:24:09	7.4	0.01	8	5920	买盘
13:23:57	7.39	-0.01	14	10346	卖盘
13:23:39	7.4	0.01	12	8880	中性盘
13:23:33	7.39	--	17	12563	卖盘
13:23:03	7.39	-0.01	411	303729	卖盘
13:23:00	7.4	--	93	68820	卖盘
13:22:48	7.4	--	34	25160	卖盘
13:22:33	7.4	--	1	740	卖盘
13:22:12	7.4	-0.01	3	2220	卖盘
13:22:03	7.41	0.01	6	4446	买盘
13:21:54	7.4	-0.01	176	130240	卖盘
13:21:00	7.41	0.01	30	22230	买盘
13:20:42	7.4	--	40	29600	卖盘
13:20:27	7.4	-0.01	31	22940	卖盘
13:20:15	7.41	0.01	2	1482	买盘
13:20:09	7.4	--	40	29600	卖盘
13:20:03	7.4	--	17	12580	卖盘
13:18:51	7.4	--	4	2960	卖盘
13:18:39	7.4	-0.01	28	20720	卖盘
13:18:36	7.41	0.01	53	39273	买盘
13:18:27	7.4	--	13	9620	卖盘
13:18:12	7.4	--	1	740	卖盘
13:17:36	7.4	0.01	15	11100	买盘
13:17:27	7.39	-0.01	53	39167	卖盘
13:17:21	7.4	--	3	2220	买盘
13:17:15	7.4	--	32	23680	卖盘
13:16:45	7.4	-0.01	7	5180	卖盘
13:16:30	7.41	--	149	110409	买盘
13:16:18	7.41	--	8	5928	卖盘
13:15:45	7.41	--	4	2964	卖盘
13:15:24	7.41	0.01	3	2223	买盘
13:14:54	7.4	--	36	26640	卖盘
13:14:48	7.4	--	50	37000	卖盘
13:14:45	7.4	--	2	1480	卖盘
13:14:33	7.4	--	1	740	卖盘
13:14:06	7.4	-0.01	5	3700	卖盘
13:12:30	7.41	0.01	5	3705	买盘
13:12:24	7.4	--	2	1480	卖盘
13:11:42	7.4	--	25	18500	买盘
13:11:39	7.4	--	62	45880	买盘
13:11:27	7.4	--	80	59200	卖盘
13:11:09	7.4	--	22	16280	卖盘
13:11:00	7.4	--	34	25160	卖盘
13:10:39	7.4	--	9	6660	卖盘
13:09:57	7.4	-0.01	20	14800	卖盘
13:09:33	7.41	--	155	114855	买盘
13:09:24	7.41	0.01	24	17784	买盘
13:08:51	7.4	-0.01	10	7400	卖盘
13:08:45	7.41	--	17	12597	买盘
13:07:45	7.41	0.01	1	741	买盘
13:07:06	7.4	--	50	37000	卖盘
13:06:12	7.4	--	1	740	卖盘
13:05:57	7.4	0.01	1	740	买盘
13:05:51	7.39	--	13	9607	卖盘
13:05:21	7.39	--	79	58381	卖盘
13:04:24	7.39	-0.03	411	303729	卖盘
13:02:54	7.42	0.03	48	35616	买盘
13:02:51	7.39	-0.01	297	219483	卖盘
13:02:36	7.4	--	80	59200	卖盘
13:01:30	7.4	--	23	17175	买盘
13:01:24	7.4	--	30	22200	买盘
13:00:36	7.4	0.01	20	14800	买盘
13:00:30	7.39	-0.01	10	7390	卖盘
13:00:15	7.4	0.01	15	11100	买盘
13:00:12	7.39	-0.01	295	218588	卖盘
13:00:09	7.4	--	13	9620	卖盘
13:00:06	7.4	--	399	295415	卖盘
13:00:03	7.4	--	0	0	卖盘
11:30:03	7.4	--	0	0	卖盘
11:29:48	7.4	-0.01	16	11840	卖盘
11:29:30	7.41	0.01	10	7410	买盘
11:29:06	7.4	--	50	37000	卖盘
11:28:30	7.4	--	10	7400	卖盘
11:28:15	7.4	--	16	11840	卖盘
11:27:57	7.4	--	2	1480	卖盘
11:27:54	7.4	-0.01	5	3700	卖盘
11:27:48	7.41	--	11	8151	买盘
11:27:39	7.41	--	28	20748	买盘
11:27:21	7.41	--	10	7410	买盘
11:27:15	7.41	0.01	20	14820	买盘
11:26:51	7.4	-0.01	3	2220	卖盘
11:26:45	7.41	0.01	50	37050	买盘
11:26:33	7.4	-0.01	10	7400	卖盘
11:26:30	7.41	0.01	20	14820	买盘
11:25:51	7.4	--	95	70300	卖盘
11:25:48	7.4	0.01	10	7400	中性盘
11:25:42	7.39	--	6	4434	卖盘
11:25:39	7.39	-0.02	4	2956	卖盘
11:25:09	7.41	0.02	1	741	买盘
11:24:36	7.39	-0.02	10	7390	卖盘
11:24:15	7.41	0.01	16	11856	买盘
11:24:00	7.4	--	12	8880	买盘
11:23:51	7.4	-0.01	27	19980	卖盘
11:23:42	7.41	0.01	16	11856	买盘
11:23:33	7.4	0.01	50	37000	中性盘
11:23:21	7.39	--	5	3695	卖盘
11:23:06	7.39	--	49	36211	卖盘
11:23:03	7.39	--	42	31038	卖盘
11:23:00	7.39	--	20	14780	卖盘
11:22:54	7.39	--	86	63554	卖盘
11:22:42	7.39	--	15	11085	卖盘
11:22:39	7.39	-0.01	40	29560	卖盘
11:22:21	7.4	0.01	10	7400	买盘
11:22:18	7.39	--	1	739	卖盘
11:22:15	7.39	--	40	29560	卖盘
11:22:09	7.39	-0.01	20	14780	卖盘
11:21:57	7.4	0.01	5	3700	中性盘
11:21:30	7.39	-0.01	75	55425	卖盘
11:21:09	7.4	--	4	2960	卖盘
11:20:48	7.4	--	10	7400	卖盘
11:20:42	7.4	--	30	22200	卖盘
11:20:09	7.4	--	34	25160	卖盘
11:19:33	7.4	-0.01	20	14800	卖盘
11:18:57	7.41	0.02	50	37050	买盘
11:18:54	7.39	-0.02	150	110850	卖盘
11:17:39	7.41	--	53	39273	卖盘
11:17:27	7.41	--	30	22230	卖盘
11:17:18	7.41	0.01	17	12597	买盘
11:17:15	7.4	--	2	1480	卖盘
11:16:54	7.4	-0.01	14	10360	卖盘
11:16:39	7.41	-0.01	13	9633	卖盘
11:16:36	7.42	0.01	100	74200	买盘
11:16:30	7.41	--	132	97812	卖盘
11:15:54	7.41	--	17	12597	买盘
11:15:51	7.41	0.01	104	77064	买盘
11:15:48	7.4	--	10	7400	卖盘
11:15:42	7.4	-0.01	2	1480	卖盘
11:15:30	7.41	--	5	3705	买盘
11:15:27	7.41	0.01	3	2223	买盘
11:15:15	7.4	-0.01	150	111000	卖盘
11:15:06	7.41	0.01	90	66690	买盘
11:14:57	7.4	--	10	7400	卖盘
11:14:48	7.4	--	61	45140	卖盘
11:14:45	7.4	-0.01	1	740	卖盘
11:14:39	7.41	0.01	8	5928	买盘
11:14:06	7.4	--	56	41440	卖盘
11:13:57	7.4	--	34	25160	卖盘
11:13:54	7.4	--	18	13320	卖盘
11:13:48	7.4	--	28	20720	卖盘
11:13:42	7.4	--	7	5180	卖盘
11:13:27	7.4	--	15	11100	卖盘
11:13:24	7.4	--	86	63640	卖盘
11:13:21	7.4	--	140	103600	卖盘
11:13:18	7.4	--	27	19980	卖盘
11:13:15	7.4	--	24	17760	卖盘
11:13:12	7.4	--	30	22200	卖盘
11:13:06	7.4	--	14	10360	卖盘
11:13:00	7.4	--	5	3700	卖盘
11:12:54	7.4	--	50	37000	卖盘
11:12:51	7.4	--	44	32560	卖盘
11:12:33	7.4	--	110	81400	卖盘
11:12:30	7.4	--	5	3700	卖盘
11:12:27	7.4	--	12	8880	卖盘
11:12:18	7.4	--	2	1480	卖盘
11:12:03	7.4	-0.02	65	48100	卖盘
11:12:00	7.42	0.02	10	7420	买盘
11:11:48	7.4	--	14	10360	卖盘
11:11:33	7.4	--	6	4440	卖盘
11:10:51	7.4	--	43	31820	卖盘
11:10:45	7.4	--	200	148000	卖盘
11:10:33	7.4	-0.01	7	5180	卖盘
11:09:51	7.41	-0.01	315	233415	卖盘
11:09:48	7.42	--	3	2226	卖盘
11:09:45	7.42	--	2	1484	卖盘
11:09:36	7.42	--	20	14840	卖盘
11:09:15	7.42	-0.01	4	2968	卖盘
11:08:45	7.43	--	29	21547	卖盘
11:07:57	7.43	--	8	5944	卖盘
11:07:48	7.43	-0.01	3	2229	卖盘
11:07:03	7.44	0.01	46	34224	买盘
11:06:57	7.43	--	15	11145	卖盘
11:06:36	7.43	--	2	1486	卖盘
11:06:18	7.43	-0.02	10	7430	卖盘
11:06:15	7.45	0.02	49	36505	买盘
11:06:06	7.43	--	3	2229	卖盘
11:05:57	7.43	--	15	11145	卖盘
11:05:54	7.43	-0.02	23	17089	中性盘
11:05:24	7.45	0.02	36	26820	买盘
11:05:18	7.43	-0.02	53	39379	卖盘
11:05:00	7.45	--	5	3725	买盘
11:04:51	7.45	--	45	33525	买盘
11:04:27	7.45	0.01	107	79715	买盘
11:04:18	7.44	--	8	5952	卖盘
11:04:12	7.44	--	9	6696	卖盘
11:04:09	7.44	-0.01	10	7440	卖盘
11:04:06	7.45	--	1	745	买盘
11:04:03	7.45	0.01	51	37995	买盘
11:03:27	7.44	--	26	19344	卖盘
11:03:21	7.44	--	50	37200	卖盘
11:03:18	7.44	-0.01	3	2232	卖盘
11:03:15	7.45	0.01	46	34270	买盘
11:03:00	7.44	--	10	7440	卖盘
11:02:54	7.44	--	1	744	卖盘
11:02:48	7.44	-0.01	1	744	卖盘
11:02:27	7.45	0.01	50	37250	买盘
11:02:18	7.44	--	9	6696	卖盘
11:02:15	7.44	0.01	50	37200	买盘
11:02:03	7.43	-0.01	5	3715	卖盘
11:01:36	7.44	-0.01	46	34224	中性盘
11:00:48	7.45	0.01	49	36505	买盘
11:00:12	7.44	--	92	68448	买盘
10:59:57	7.44	--	36	26784	买盘
10:59:27	7.44	--	55	40920	买盘
10:59:00	7.44	0.02	72	53568	买盘
10:58:45	7.42	-0.02	40	29680	卖盘
10:58:42	7.44	0.01	75	55800	买盘
10:58:39	7.43	--	26	19318	买盘
10:58:18	7.43	-0.01	12	8916	中性盘
10:57:48	7.44	0.02	35	26040	买盘
10:57:30	7.42	-0.02	3	2226	卖盘
10:57:15	7.44	--	46	34224	买盘
10:56:57	7.44	--	69	51336	买盘
10:56:30	7.44	0.02	51	37944	买盘
10:56:21	7.42	-0.01	2	1484	卖盘
10:55:45	7.43	-0.01	4	2972	卖盘
10:55:42	7.44	0.01	46	34224	买盘
10:55:36	7.43	--	51	37893	卖盘
10:55:15	7.43	--	10	7430	卖盘
10:55:03	7.43	-0.01	5	3715	卖盘
10:54:57	7.44	--	49	36456	买盘
10:54:48	7.44	0.01	51	37944	买盘
10:54:27	7.43	--	28	20804	买盘
10:54:09	7.43	--	45	33435	买盘
10:54:03	7.43	--	12	8916	买盘
10:54:00	7.43	--	136	101048	买盘
10:53:39	7.43	--	30	22290	买盘
10:53:15	7.43	--	36	26748	买盘
10:53:12	7.43	0.02	51	37893	买盘
10:53:00	7.41	-0.02	40	29640	卖盘
10:52:51	7.43	0.01	44	32692	买盘
10:52:48	7.42	--	29	21518	买盘
10:52:42	7.42	0.01	47	34874	买盘
10:52:33	7.41	0.01	36	26676	买盘
10:52:27	7.4	--	5	3700	卖盘
10:52:06	7.4	-0.02	1	740	卖盘
10:52:00	7.42	0.01	29	21518	买盘
10:51:57	7.41	--	4	2964	买盘
10:51:54	7.41	-0.01	31	22971	中性盘
10:51:33	7.42	--	44	32648	买盘
10:51:21	7.42	--	48	35616	买盘
10:51:12	7.42	--	108	80136	买盘
10:51:06	7.42	0.01	50	37100	买盘
10:51:03	7.41	0.02	30	22230	买盘
10:50:42	7.39	-0.02	333	246087	卖盘
10:50:36	7.41	--	49	36309	买盘
10:49:48	7.41	--	35	25935	买盘
10:49:39	7.41	--	10	7410	买盘
10:49:15	7.41	0.01	47	34827	买盘
10:49:12	7.4	--	10	7400	买盘
10:49:09	7.4	--	10	7400	买盘
10:48:57	7.4	0.01	2	1480	买盘
10:48:51	7.39	--	1	739	卖盘
10:48:48	7.39	-0.01	2	1537	卖盘
10:48:42	7.4	--	9	6660	买盘
10:48:39	7.4	0.01	6	4440	中性盘
10:48:27	7.39	-0.02	5	3761	卖盘
10:48:24	7.41	--	49	36309	买盘
10:47:39	7.41	0.01	21	15561	买盘
10:47:36	7.4	0.01	28	20720	买盘
10:47:33	7.39	-0.01	29	21431	卖盘
10:47:24	7.4	-0.01	92	68080	卖盘
10:46:51	7.41	-0.01	22	16302	卖盘
10:46:48	7.42	--	36	26712	买盘
10:46:45	7.42	0.01	26	19292	买盘
10:46:24	7.41	--	1	741	卖盘
10:46:21	7.41	-0.01	2	1482	买盘
10:45:57	7.42	--	23	17066	买盘
10:45:54	7.42	0.02	29	21518	买盘
10:45:51	7.4	-0.01	5	3700	中性盘
10:45:42	7.41	0.02	12	8892	买盘
10:45:36	7.39	-0.02	20	14780	卖盘
10:45:09	7.41	0.01	52	38532	买盘
10:45:06	7.4	0.01	50	37000	中性盘
10:44:57	7.39	-0.01	20	14780	卖盘
10:44:51	7.4	--	9	6660	买盘
10:44:36	7.4	0.01	50	37000	买盘
10:44:24	7.39	--	6	4434	卖盘
10:43:39	7.39	-0.01	8	5912	卖盘
10:43:24	7.4	--	1	740	买盘
10:43:06	7.4	0.01	6	4440	买盘
10:42:54	7.39	-0.01	4	2956	卖盘
10:42:51	7.4	--	10	7400	买盘
10:42:33	7.4	-0.02	2	1480	中性盘
10:41:51	7.42	0.03	30	22260	买盘
10:41:27	7.39	-0.04	5	3695	卖盘
10:41:24	7.43	0.04	49	36407	买盘
10:41:06	7.39	-0.03	33	24387	卖盘
10:40:45	7.42	--	171	126882	买盘
10:40:33	7.42	0.03	50	37100	买盘
10:40:24	7.39	--	3	2217	卖盘
10:40:15	7.39	--	26	19214	买盘
10:40:06	7.39	--	95	70205	买盘
10:40:00	7.39	0.01	14	10346	买盘
10:39:57	7.38	--	10	7380	卖盘
10:39:54	7.38	-0.01	229	169002	卖盘
10:39:51	7.39	0.01	56	41384	买盘
10:39:48	7.38	-0.01	54	39852	卖盘
10:39:45	7.39	--	26	19214	买盘
10:39:36	7.39	--	10	7390	买盘
10:39:12	7.39	-0.05	51	37689	卖盘
10:39:00	7.44	--	22	16368	买盘
10:38:57	7.44	0.06	31	23064	买盘
10:38:39	7.38	-0.05	2000	1476000	卖盘
10:38:09	7.43	--	35	26005	买盘
10:38:00	7.43	-0.01	20	14860	卖盘
10:37:36	7.44	0.02	35	26040	买盘
10:37:12	7.42	--	3	2226	卖盘
10:37:09	7.42	-0.02	3	2226	卖盘
10:37:03	7.44	--	34	25296	买盘
10:36:33	7.44	0.02	34	25296	买盘
10:36:18	7.42	-0.02	10	7420	卖盘
10:35:57	7.44	0.01	36	26784	买盘
10:35:51	7.43	--	10	7430	买盘
10:35:33	7.43	--	15	11145	卖盘
10:35:30	7.43	0.01	65	48295	买盘
10:35:21	7.42	-0.01	45	33390	卖盘
10:35:09	7.43	0.01	35	26005	买盘
10:34:54	7.42	--	100	74200	卖盘
10:34:51	7.42	-0.01	45	33390	卖盘
10:34:45	7.43	0.01	150	111450	买盘
10:34:30	7.42	--	10	7420	卖盘
10:34:21	7.42	--	45	33390	卖盘
10:33:15	7.42	-0.01	20	14840	卖盘
10:32:42	7.43	--	2	1486	卖盘
10:32:36	7.43	--	9	6687	卖盘
10:32:30	7.43	--	79	58697	买盘
10:31:18	7.43	0.01	26	19318	买盘
10:31:03	7.42	--	3	2226	卖盘
10:31:00	7.42	--	29	21518	买盘
10:30:57	7.42	--	40	29680	买盘
10:30:36	7.42	0.01	1	742	买盘
10:30:30	7.41	-0.01	2	1482	卖盘
10:30:27	7.42	-0.01	63	46746	卖盘
10:30:06	7.43	--	10	7430	买盘
10:30:03	7.43	--	3	2229	买盘
10:29:57	7.43	0.01	50	37150	买盘
10:29:48	7.42	-0.01	6	4452	卖盘
10:29:45	7.43	0.01	9	6687	买盘
10:29:42	7.42	--	33	24486	卖盘
10:29:39	7.42	--	1	742	卖盘
10:29:06	7.42	--	2	1484	卖盘
10:28:57	7.42	--	15	11130	买盘
10:28:33	7.42	--	10	7420	买盘
10:28:27	7.42	--	5	3710	买盘
10:28:03	7.42	--	174	129108	卖盘
10:27:45	7.42	--	20	14840	卖盘
10:27:39	7.42	-0.01	150	111300	卖盘
10:27:33	7.43	0.01	10	7430	买盘
10:27:27	7.42	-0.01	10	7420	卖盘
10:27:12	7.43	0.01	10	7430	买盘
10:27:06	7.42	-0.01	77	57134	卖盘
10:26:00	7.43	0.01	2	1486	买盘
10:25:48	7.42	--	32	23744	卖盘
10:25:18	7.42	--	97	71974	卖盘
10:25:06	7.42	--	9	6678	卖盘
10:24:57	7.42	--	10	7420	卖盘
10:24:48	7.42	--	97	71974	卖盘
10:24:42	7.42	--	38	28196	卖盘
10:24:39	7.42	--	65	48230	买盘
10:24:18	7.42	--	32	23744	卖盘
10:23:48	7.42	0.01	15	11130	买盘
10:23:36	7.41	--	13	9633	买盘
10:23:24	7.41	-0.02	2	1482	卖盘
10:23:21	7.43	0.01	25	18575	买盘
10:23:18	7.42	0.02	50	37100	买盘
10:23:09	7.4	--	3	2220	卖盘
10:23:03	7.4	--	58	42920	卖盘
10:22:51	7.4	-0.01	10	7400	卖盘
10:22:45	7.41	0.01	20	14820	买盘
10:22:42	7.4	-0.01	70	51800	卖盘
10:22:33	7.41	--	20	14820	买盘
10:22:09	7.41	0.01	10	7410	中性盘
10:21:30	7.4	-0.01	17	12580	卖盘
10:21:21	7.41	--	52	38532	卖盘
10:21:09	7.41	--	4	2964	买盘
10:21:00	7.41	--	7	5187	买盘
10:20:54	7.41	--	20	14820	买盘
10:20:33	7.41	0.01	26	19266	买盘
10:20:09	7.4	-0.01	23	17020	卖盘
10:20:06	7.41	-0.01	16	11856	卖盘
10:20:03	7.42	0.01	8	5936	买盘
10:19:54	7.41	--	1	741	卖盘
10:19:42	7.41	--	31	22971	卖盘
10:19:21	7.41	--	9	6669	卖盘
10:19:15	7.41	--	9	6669	卖盘
10:18:45	7.41	--	17	12597	买盘
10:18:36	7.41	--	50	37050	买盘
10:18:30	7.41	-0.01	33	24453	卖盘
10:18:18	7.42	0.01	76	56392	买盘
10:18:12	7.41	--	10	7410	卖盘
10:18:09	7.41	-0.01	17	12597	卖盘
10:17:54	7.42	0.01	2	1484	买盘
10:17:42	7.41	--	49	36309	卖盘
10:17:39	7.41	--	4	2964	卖盘
10:17:18	7.41	--	11	8151	卖盘
10:17:12	7.41	--	6	4446	卖盘
10:17:09	7.41	--	10	7410	卖盘
10:16:54	7.41	-0.01	10	7410	卖盘
10:16:27	7.42	--	12	8904	买盘
10:16:06	7.42	0.01	3	2226	买盘
10:16:00	7.41	-0.01	2	1482	卖盘
10:15:39	7.42	0.01	24	17808	买盘
10:15:36	7.41	--	16	11856	卖盘
10:15:21	7.41	-0.01	10	7410	卖盘
10:15:09	7.42	0.01	7	5194	买盘
10:15:06	7.41	-0.01	24	17784	卖盘
10:14:18	7.42	0.01	15	11130	买盘
10:14:15	7.41	-0.01	2	1482	卖盘
10:14:09	7.42	--	4	2968	买盘
10:13:48	7.42	--	11	8162	买盘
10:13:21	7.42	--	20	14840	买盘
10:12:21	7.42	0.02	7	5194	买盘
10:12:18	7.4	--	100	74000	卖盘
10:12:06	7.4	-0.01	40	29600	卖盘
10:12:03	7.41	--	20	14820	卖盘
10:11:39	7.41	--	69	51129	卖盘
10:11:36	7.41	-0.01	5	3705	卖盘
10:11:33	7.42	--	10	7420	买盘
10:11:30	7.42	--	12	8904	买盘
10:11:12	7.42	--	5	3710	买盘
10:11:09	7.42	--	21	15582	卖盘
10:11:00	7.42	--	21	15582	买盘
10:10:48	7.42	0.01	18	13356	买盘
10:10:42	7.41	-0.01	13	9633	卖盘
10:10:39	7.42	--	52	38584	买盘
10:10:21	7.42	0.01	20	14840	买盘
10:10:18	7.41	--	2	1482	卖盘
10:10:12	7.41	--	2	1482	卖盘
10:10:03	7.41	-0.01	23	17043	中性盘
10:09:36	7.42	--	67	49714	买盘
10:09:30	7.42	0.02	35	25970	买盘
10:09:27	7.4	-0.01	309	228660	卖盘
10:09:18	7.41	-0.01	10	7410	卖盘
10:09:12	7.42	--	9	6678	买盘
10:09:09	7.42	0.01	50	37100	买盘
10:09:06	7.41	--	6	4446	卖盘
10:09:03	7.41	--	10	7410	卖盘
10:09:00	7.41	-0.01	5	3705	卖盘
10:08:54	7.42	--	4	2968	买盘
10:08:39	7.42	--	59	43778	买盘
10:08:27	7.42	0.01	13	9646	买盘
10:08:24	7.41	--	38	28158	卖盘
10:08:21	7.41	--	35	25935	卖盘
10:08:18	7.41	-0.01	150	111150	卖盘
10:08:15	7.42	0.01	13	9646	买盘
10:08:12	7.41	--	45	33345	卖盘
10:08:06	7.41	-0.01	11	8151	卖盘
10:07:39	7.42	-0.01	19	14098	卖盘
10:07:36	7.43	0.01	5	3715	买盘
10:07:18	7.42	--	30	22260	卖盘
10:07:15	7.42	-0.02	10	7420	卖盘
10:07:09	7.44	0.01	50	37200	买盘
10:06:51	7.43	--	2	1486	卖盘
10:06:45	7.43	--	10	7430	卖盘
10:06:36	7.43	--	2	1486	卖盘
10:06:33	7.43	--	13	9659	买盘
10:06:24	7.43	--	7	5201	卖盘
10:06:21	7.43	--	10	7430	卖盘
10:06:18	7.43	--	44	32692	卖盘
10:06:12	7.43	--	2	1486	卖盘
10:06:00	7.43	--	50	37150	卖盘
10:05:57	7.43	--	25	18575	卖盘
10:05:54	7.43	--	7	5201	卖盘
10:05:45	7.43	--	14	10402	卖盘
10:05:42	7.43	-0.01	13	9659	卖盘
10:05:39	7.44	0.01	1	744	买盘
10:05:24	7.43	--	26	19318	卖盘
10:05:18	7.43	--	13	9659	卖盘
10:05:12	7.43	--	20	14860	卖盘
10:04:57	7.43	--	5	3715	卖盘
10:04:42	7.43	0.02	354	263022	买盘
10:04:33	7.41	--	3	2393	卖盘
10:04:15	7.41	--	3	2386	卖盘
10:04:09	7.41	-0.02	3	2393	卖盘
10:03:57	7.43	--	13	9659	买盘
10:03:27	7.43	-0.01	36	26748	中性盘
10:02:57	7.44	--	13	9672	买盘
10:02:54	7.44	--	5	3720	买盘
10:02:24	7.44	0.03	35	26040	买盘
10:02:18	7.41	-0.03	100	74100	卖盘
10:02:15	7.44	0.02	13	9672	买盘
10:01:45	7.42	--	19	14098	买盘
10:01:24	7.42	0.01	50	37100	买盘
10:00:54	7.41	--	15	11115	卖盘
10:00:39	7.41	-0.01	5	3705	卖盘
10:00:36	7.42	0.02	20	14840	买盘
09:59:54	7.4	-0.01	103	76220	卖盘
09:59:45	7.41	--	13	9633	卖盘
09:59:42	7.41	--	76	56316	卖盘
09:59:39	7.41	--	4	2964	卖盘
09:59:24	7.41	--	208	154128	卖盘
09:59:21	7.41	--	10	7410	卖盘
09:59:06	7.41	-0.01	53	39273	卖盘
09:59:03	7.42	0.01	3	2226	买盘
09:58:42	7.41	--	30	22230	卖盘
09:58:36	7.41	--	1	741	卖盘
09:58:21	7.41	-0.01	1	741	卖盘
09:58:03	7.42	--	5	3710	买盘
09:57:54	7.42	0.01	10	7420	买盘
09:57:51	7.41	--	6	4446	卖盘
09:57:39	7.41	-0.01	4	2964	卖盘
09:57:36	7.42	--	25	18550	买盘
09:57:30	7.42	--	20	14840	买盘
09:57:18	7.42	0.01	3	2226	买盘
09:57:03	7.41	--	4	3327	卖盘
09:57:00	7.41	-0.01	18	13486	卖盘
09:56:57	7.42	0.01	40	29680	买盘
09:56:51	7.41	--	6	4749	卖盘
09:56:42	7.41	--	29	21489	买盘
09:56:33	7.41	--	50	37050	买盘
09:56:30	7.41	--	3	2223	买盘
09:56:21	7.41	--	5	3705	买盘
09:56:06	7.41	0.01	172	127452	买盘
09:55:42	7.4	--	55	40700	买盘
09:55:39	7.4	--	1	740	买盘
09:55:36	7.4	--	10	7400	买盘
09:55:27	7.4	--	13	9620	卖盘
09:55:24	7.4	--	38	28120	卖盘
09:55:18	7.4	--	17	12580	买盘
09:55:15	7.4	0.01	50	37000	买盘
09:55:12	7.39	--	11	8129	卖盘
09:55:09	7.39	-0.01	92	67988	卖盘
09:55:06	7.4	--	10	7400	买盘
09:55:03	7.4	--	27	19980	买盘
09:54:48	7.4	--	50	37000	买盘
09:54:42	7.4	0.01	4	2960	买盘
09:54:36	7.39	-0.01	5	3695	卖盘
09:54:33	7.4	--	23	17020	买盘
09:54:27	7.4	--	350	259000	买盘
09:54:24	7.4	--	33	24420	买盘
09:54:18	7.4	--	5	3700	买盘
09:54:15	7.4	--	51	37740	买盘
09:54:12	7.4	--	6	4440	买盘
09:54:09	7.4	--	30	22200	卖盘
09:54:06	7.4	--	45	33300	卖盘
09:54:03	7.4	--	5	3700	卖盘
09:54:00	7.4	--	252	186480	卖盘
09:53:57	7.4	-0.01	13	9620	卖盘
09:53:45	7.41	-0.01	420	311220	卖盘
09:53:36	7.42	--	47	34874	买盘
09:53:33	7.42	--	71	52682	买盘
09:53:30	7.42	0.01	276	204792	买盘
09:53:27	7.41	-0.01	113	83733	卖盘
09:53:18	7.42	--	30	22260	买盘
09:53:15	7.42	--	20	14840	买盘
09:53:09	7.42	--	5	3710	买盘
09:53:06	7.42	--	30	22260	买盘
09:53:03	7.42	--	50	37100	买盘
09:53:00	7.42	--	487	361354	卖盘
09:52:51	7.42	-0.01	50	37100	卖盘
09:52:42	7.43	--	103	76529	卖盘
09:52:33	7.43	-0.01	8	5944	卖盘
09:52:21	7.44	0.01	50	37200	买盘
09:52:18	7.43	--	2	1486	卖盘
09:52:15	7.43	--	5	3715	卖盘
09:52:12	7.43	-0.01	20	14860	卖盘
09:51:54	7.44	--	17	13384	卖盘
09:51:48	7.44	--	113	84072	卖盘
09:51:42	7.44	--	48	35712	卖盘
09:51:39	7.44	--	10	7440	卖盘
09:51:36	7.44	--	24	17856	卖盘
09:51:30	7.44	--	10	7440	卖盘
09:51:00	7.44	--	100	74400	卖盘
09:50:45	7.44	-0.01	129	95983	卖盘
09:50:27	7.45	--	91	67795	卖盘
09:50:18	7.45	--	50	37250	卖盘
09:49:30	7.45	--	58	43210	买盘
09:49:27	7.45	--	5	3725	买盘
09:49:24	7.45	--	12	8940	买盘
09:49:18	7.45	--	33	24585	买盘
09:49:15	7.45	--	3	2235	卖盘
09:49:06	7.45	--	4	2980	卖盘
09:48:57	7.45	--	9	6705	卖盘
09:48:54	7.45	--	20	14900	卖盘
09:48:15	7.45	--	9	6705	买盘
09:48:12	7.45	--	29	21605	卖盘
09:48:00	7.45	--	10	7450	卖盘
09:47:57	7.45	--	12	8940	卖盘
09:47:54	7.45	--	4	2980	卖盘
09:47:45	7.45	--	30	22350	卖盘
09:47:39	7.45	--	56	41720	卖盘
09:47:18	7.45	--	2	1490	卖盘
09:47:15	7.45	--	37	27565	卖盘
09:47:00	7.45	--	5	3725	卖盘
09:46:36	7.45	-0.01	30	22350	卖盘
09:46:33	7.46	--	28	20888	买盘
09:46:24	7.46	0.01	7	5222	买盘
09:46:21	7.45	-0.01	23	17135	卖盘
09:46:18	7.46	--	2	1492	买盘
09:46:15	7.46	0.01	10	7460	买盘
09:46:09	7.45	--	20	14900	卖盘
09:45:57	7.45	--	30	22350	卖盘
09:45:45	7.45	--	1	745	卖盘
09:45:39	7.45	--	138	102810	买盘
09:45:30	7.45	0.01	44	32780	买盘
09:45:24	7.44	--	65	48360	卖盘
09:45:09	7.44	-0.01	2	1488	卖盘
09:45:03	7.45	0.01	10	7450	买盘
09:44:57	7.44	--	7	5208	卖盘
09:44:33	7.44	-0.01	5	3720	卖盘
09:44:27	7.45	--	1	745	买盘
09:44:12	7.45	0.01	20	14900	买盘
09:44:09	7.44	--	23	17112	卖盘
09:43:33	7.44	-0.01	296	220224	卖盘
09:43:21	7.45	--	15	11175	卖盘
09:43:15	7.45	-0.01	52	38740	卖盘
09:43:12	7.46	--	9	7116	卖盘
09:43:09	7.46	--	4	2984	卖盘
09:43:06	7.46	--	10	7803	买盘
09:43:03	7.46	--	5	3730	买盘
09:42:51	7.46	--	20	14920	买盘
09:42:48	7.46	0.01	22	16412	买盘
09:42:36	7.45	-0.01	20	14900	卖盘
09:42:18	7.46	0.01	47	35062	买盘
09:42:15	7.45	-0.01	121	90145	卖盘
09:42:12	7.46	--	15	11190	买盘
09:42:06	7.46	0.01	1	746	买盘
09:42:03	7.45	--	20	14900	卖盘
09:42:00	7.45	--	10	7450	卖盘
09:41:57	7.45	-0.01	120	89400	卖盘
09:41:45	7.46	--	1	746	买盘
09:41:36	7.46	--	22	16412	卖盘
09:41:12	7.46	--	15	11190	卖盘
09:41:09	7.46	-0.01	20	14920	卖盘
09:41:03	7.47	--	3	2241	买盘
09:40:30	7.47	-0.01	12	8964	卖盘
09:40:27	7.48	0.01	65	48620	买盘
09:40:24	7.47	--	15	11205	卖盘
09:40:21	7.47	-0.01	10	7470	卖盘
09:40:03	7.48	-0.01	2	2236	卖盘
09:39:57	7.49	0.01	5	3745	买盘
09:39:54	7.48	-0.01	14	10472	卖盘
09:39:36	7.49	--	53	40071	卖盘
09:39:30	7.49	--	21	15729	卖盘
09:39:21	7.49	--	9	7115	卖盘
09:39:12	7.49	0.01	87	65163	买盘
09:39:06	7.48	--	2	1496	卖盘
09:39:00	7.48	--	61	45635	买盘
09:38:45	7.48	--	41	30668	买盘
09:38:36	7.48	0.01	20	14960	买盘
09:38:33	7.47	--	42	31374	卖盘
09:38:18	7.47	--	50	37350	卖盘
09:38:12	7.47	--	5	3735	卖盘
09:38:09	7.47	--	74	55278	买盘
09:37:45	7.47	0.01	14	10458	买盘
09:37:36	7.46	0.01	2	1492	买盘
09:37:33	7.45	--	20	14900	卖盘
09:37:30	7.45	--	30	22350	卖盘
09:37:27	7.45	--	131	98265	买盘
09:37:24	7.45	--	50	37250	买盘
09:37:18	7.45	--	6	4470	买盘
09:37:15	7.45	0.01	40	29800	买盘
09:37:12	7.44	--	20	14880	卖盘
09:37:09	7.44	-0.01	70	52080	卖盘
09:36:48	7.45	--	15	11175	买盘
09:36:45	7.45	--	5	3725	买盘
09:36:12	7.45	0.02	13	9685	买盘
09:36:09	7.43	--	9	6687	卖盘
09:36:06	7.43	-0.02	20	14860	卖盘
09:36:03	7.45	0.02	204	151980	买盘
09:36:00	7.43	--	31	23033	卖盘
09:35:48	7.43	--	10	7430	卖盘
09:35:45	7.43	--	25	18575	卖盘
09:35:39	7.43	0.01	15	11145	中性盘
09:35:24	7.42	-0.03	18	13356	卖盘
09:35:12	7.45	0.04	22	16390	买盘
09:35:06	7.41	-0.01	70	51870	卖盘
09:35:03	7.42	--	50	37100	卖盘
09:34:54	7.42	--	29	21518	买盘
09:34:51	7.42	--	15	11130	买盘
09:34:48	7.42	0.01	20	14840	买盘
09:34:42	7.41	-0.01	14	10374	卖盘
09:34:39	7.42	--	23	17066	卖盘
09:34:36	7.42	--	54	40068	卖盘
09:34:33	7.42	--	120	89040	卖盘
09:34:30	7.42	-0.01	10	7420	卖盘
09:34:24	7.43	--	51	37893	买盘
09:34:15	7.43	--	1	743	卖盘
09:34:12	7.43	-0.02	120	89160	卖盘
09:34:09	7.45	0.01	108	80460	买盘
09:34:06	7.44	--	23	17112	买盘
09:34:03	7.44	--	8	6026	卖盘
09:33:54	7.44	-0.01	33	24552	卖盘
09:33:45	7.45	--	20	14900	买盘
09:33:39	7.45	0.01	5	3725	买盘
09:33:33	7.44	-0.01	7	5208	卖盘
09:33:27	7.45	-0.01	390	290550	卖盘
09:33:24	7.46	-0.01	10	7460	卖盘
09:33:15	7.47	0.01	25	18675	买盘
09:33:06	7.46	--	5	3730	卖盘
09:32:57	7.46	-0.01	5	3730	卖盘
09:32:48	7.47	0.01	17	12699	买盘
09:32:45	7.46	-0.01	58	43268	卖盘
09:32:30	7.47	--	1	747	买盘
09:32:06	7.47	0.02	20	14940	买盘
09:32:03	7.45	-0.02	2	1490	卖盘
09:31:39	7.47	--	10	7470	买盘
09:31:24	7.47	0.02	8	5976	买盘
09:31:12	7.45	--	3	2235	买盘
09:31:00	7.45	0.01	4	2980	买盘
09:30:57	7.44	-0.01	34	25296	卖盘
09:30:54	7.45	--	7	5215	卖盘
09:30:48	7.45	--	14	10430	买盘
09:30:39	7.45	--	5	3725	买盘
09:30:30	7.45	--	1	745	买盘
09:30:24	7.45	0.01	20	14900	买盘
09:30:09	7.44	--	8	6621	买盘
09:30:06	7.44	--	69	51336	买盘
09:30:03	7.44	--	0	0	买盘
09:25:03	7.44	7.44	230	171120	买盘
