成交时间	成交价	价格变动	成交量(手)	成交额(元)	性质
15:00:03	29.75	0.02	277	824075	买盘
14:57:03	29.73	--	0	0	卖盘
14:56:57	29.73	--	2	5946	卖盘
14:56:51	29.73	0.01	10	29730	中性盘
14:56:39	29.72	--	5	14860	卖盘
14:56:36	29.72	--	3	8916	卖盘
14:56:30	29.72	-0.01	22	65384	卖盘
14:56:27	29.73	--	3	8919	买盘
14:56:24	29.73	--	1	2973	买盘
14:56:21	29.73	-0.02	2	5946	卖盘
14:56:18	29.75	0.03	2	5950	买盘
14:56:15	29.72	--	5	14860	卖盘
14:56:09	29.72	--	5	14860	卖盘
14:55:57	29.72	-0.05	13	38636	卖盘
14:55:54	29.77	0.05	20	59540	买盘
14:55:48	29.72	-0.05	2	5944	卖盘
14:55:18	29.77	0.06	108	321516	买盘
14:55:09	29.71	--	35	103985	卖盘
14:54:51	29.71	-0.01	96	285216	卖盘
14:54:48	29.72	-0.02	3	8916	卖盘
14:54:45	29.74	0.03	5	14870	买盘
14:54:24	29.71	-0.01	15	44565	卖盘
14:54:21	29.72	--	10	29720	卖盘
14:54:18	29.72	--	15	44580	买盘
14:53:48	29.72	0.01	6	17832	买盘
14:53:45	29.71	0.01	1	2971	中性盘
14:53:27	29.7	--	11	32670	卖盘
14:53:18	29.7	--	1	2970	卖盘
14:53:12	29.7	--	18	53460	卖盘
14:53:06	29.7	--	15	44550	卖盘
14:53:00	29.7	-0.01	5	14850	卖盘
14:52:57	29.71	-0.03	3	8913	卖盘
14:52:51	29.74	--	27	80298	买盘
14:52:45	29.74	--	10	29740	买盘
14:52:39	29.74	0.01	1	2974	买盘
14:52:36	29.73	-0.01	4	11892	卖盘
14:52:33	29.74	--	18	53532	卖盘
14:52:30	29.74	--	6	17844	卖盘
14:52:27	29.74	--	17	50558	卖盘
14:52:24	29.74	--	4	11896	卖盘
14:52:15	29.74	-0.01	6	17844	卖盘
14:52:09	29.75	--	66	196350	卖盘
14:52:06	29.75	-0.01	44	130900	卖盘
14:51:57	29.76	-0.03	42	124992	卖盘
14:51:54	29.79	0.01	27	80433	买盘
14:51:51	29.78	0.01	3	8934	中性盘
14:51:45	29.77	-0.02	6	17862	卖盘
14:51:36	29.79	0.02	8	23832	买盘
14:51:33	29.77	-0.06	6	17862	卖盘
14:51:21	29.83	--	10	29830	买盘
14:51:12	29.83	0.04	5	14915	买盘
14:51:03	29.79	0.01	2	5958	卖盘
14:50:39	29.78	--	3	8934	卖盘
14:50:24	29.78	--	7	20846	卖盘
14:50:15	29.78	--	3	8934	买盘
14:50:09	29.78	--	4	11912	买盘
14:49:57	29.78	-0.06	10	29780	中性盘
14:49:24	29.84	0.09	55	164120	买盘
14:49:18	29.75	-0.04	58	172550	卖盘
14:49:15	29.79	-0.01	6	17874	卖盘
14:49:03	29.8	0.02	116	347080	买盘
14:48:51	29.78	--	90	268020	买盘
14:48:42	29.78	--	2	5956	买盘
14:48:33	29.78	--	5	14890	卖盘
14:48:27	29.78	--	1	2978	卖盘
14:48:24	29.78	--	2	5956	卖盘
14:48:21	29.78	-0.01	3	8934	卖盘
14:48:09	29.79	--	5	14895	买盘
14:47:57	29.79	0.01	2	5958	买盘
14:47:51	29.78	--	13	38714	买盘
14:47:36	29.78	--	4	11912	买盘
14:47:27	29.78	--	4	11912	买盘
14:47:21	29.78	--	1	2978	卖盘
14:47:18	29.78	--	31	92318	卖盘
14:47:09	29.78	--	3	8934	卖盘
14:47:03	29.78	0.03	40	119120	买盘
14:46:54	29.75	--	1	2975	卖盘
14:46:45	29.75	--	16	47600	卖盘
14:46:21	29.75	0.01	3	8925	卖盘
14:46:18	29.74	--	4	11896	买盘
14:46:06	29.74	--	6	17844	中性盘
14:45:57	29.74	--	4	11896	买盘
14:45:51	29.74	--	1	2974	卖盘
14:45:33	29.74	--	10	29740	卖盘
14:45:24	29.74	--	2	5948	买盘
14:45:09	29.74	-0.01	25	74350	买盘
14:45:06	29.75	0.01	44	130900	中性盘
14:44:54	29.74	-0.06	34	101116	卖盘
14:44:42	29.8	--	10	29800	买盘
14:44:36	29.8	0.05	20	59600	买盘
14:44:30	29.75	--	7	20825	卖盘
14:44:12	29.75	0.01	1	2975	中性盘
14:44:03	29.74	-0.11	3	8922	卖盘
14:43:54	29.85	0.11	18	53730	中性盘
14:43:42	29.74	-0.11	11	32714	中性盘
14:43:33	29.85	0.03	3	8955	卖盘
14:43:30	29.82	0.08	75	224872	买盘
14:43:18	29.74	-0.01	10	29740	卖盘
14:43:12	29.75	--	8	23800	卖盘
14:43:00	29.75	-0.04	14	41650	卖盘
14:42:48	29.79	-0.01	8	23832	卖盘
14:42:39	29.8	-0.05	40	119200	卖盘
14:42:24	29.85	-0.05	9	26865	卖盘
14:42:09	29.9	--	22	65780	买盘
14:41:51	29.9	--	39	116849	卖盘
14:41:42	29.9	--	10	29900	卖盘
14:41:39	29.9	--	15	44850	卖盘
14:41:36	29.9	--	3	8970	卖盘
14:41:33	29.9	-0.01	22	65780	卖盘
14:41:30	29.91	0.01	10	29910	买盘
14:41:27	29.9	--	1	2990	卖盘
14:41:24	29.9	-0.01	1	2990	卖盘
14:41:03	29.91	--	2	5982	卖盘
14:41:00	29.91	--	2	5982	卖盘
14:40:57	29.91	-0.01	1	2991	卖盘
14:40:54	29.92	--	2	5984	买盘
14:40:51	29.92	--	12	35904	买盘
14:40:39	29.92	0.02	6	17952	买盘
14:40:36	29.9	--	13	38870	卖盘
14:40:30	29.9	-0.01	10	29900	卖盘
14:40:24	29.91	--	10	29910	买盘
14:40:09	29.91	--	7	20937	买盘
14:40:06	29.91	--	5	14955	买盘
14:40:00	29.91	--	1	2991	买盘
14:39:42	29.91	0.01	5	14955	买盘
14:39:39	29.9	--	10	29900	卖盘
14:39:33	29.9	-0.01	4	14352	卖盘
14:39:27	29.91	0.01	5	14955	买盘
14:39:24	29.9	--	11	32890	卖盘
14:39:12	29.9	0.03	95	284408	卖盘
14:38:57	29.87	0.01	8	23896	买盘
14:38:51	29.86	--	189	566324	卖盘
14:38:39	29.86	-0.01	10	29860	卖盘
14:38:33	29.87	0.01	5	14935	买盘
14:38:30	29.86	-0.05	5	14930	卖盘
14:38:18	29.91	0.04	256	765696	买盘
14:38:09	29.87	--	5	14935	卖盘
14:38:06	29.87	--	1	2987	卖盘
14:38:03	29.87	--	10	29870	卖盘
14:37:54	29.87	-0.01	7	20909	卖盘
14:37:42	29.88	--	13	38844	卖盘
14:37:39	29.88	-0.01	4	11952	卖盘
14:37:36	29.89	0.01	3	8967	买盘
14:37:30	29.88	-0.01	53	159051	卖盘
14:37:24	29.89	--	40	119560	卖盘
14:37:12	29.89	-0.02	109	325801	卖盘
14:37:09	29.91	--	6	20009	卖盘
14:37:06	29.91	--	16	47856	卖盘
14:36:51	29.91	--	6	17946	卖盘
14:36:48	29.91	--	2	5982	卖盘
14:36:39	29.91	--	3	8973	卖盘
14:36:36	29.91	--	20	59820	卖盘
14:36:33	29.91	--	10	29910	卖盘
14:36:30	29.91	0.01	20	60747	买盘
14:36:27	29.9	0.01	17	50830	买盘
14:36:18	29.89	-0.01	91	274300	卖盘
14:36:09	29.9	--	10	29900	买盘
14:36:06	29.9	--	6	17940	买盘
14:36:03	29.9	--	125	373750	卖盘
14:36:00	29.9	--	3	8970	卖盘
14:35:45	29.9	--	5	14950	卖盘
14:35:42	29.9	--	3	8970	买盘
14:35:36	29.9	0.01	24	71760	买盘
14:35:33	29.89	--	5	14945	卖盘
14:35:30	29.89	--	22	65758	买盘
14:35:27	29.89	0.02	2	5978	买盘
14:35:24	29.87	--	5	14935	卖盘
14:35:21	29.87	--	4	11948	卖盘
14:35:18	29.87	-0.02	12	35844	卖盘
14:35:09	29.89	0.02	6	17934	买盘
14:34:57	29.87	--	34	101558	卖盘
14:34:51	29.87	--	36	107532	买盘
14:34:48	29.87	--	9	26883	买盘
14:34:33	29.87	0.01	5	14935	买盘
14:34:30	29.86	--	3	8958	卖盘
14:34:27	29.86	-0.01	2	5972	卖盘
14:34:21	29.87	0.01	122	365429	买盘
14:34:18	29.86	0.01	14	41804	买盘
14:34:06	29.85	0.03	22	65670	买盘
14:34:00	29.82	0.02	5	14910	买盘
14:33:57	29.8	--	16	47680	卖盘
14:33:54	29.8	--	40	119200	卖盘
14:33:51	29.8	-0.01	50	149000	卖盘
14:33:48	29.81	0.01	3	11268	买盘
14:33:45	29.8	--	4	12575	卖盘
14:33:42	29.8	--	7	23184	买盘
14:33:36	29.8	--	20	59600	买盘
14:33:33	29.8	--	2	5960	买盘
14:33:27	29.8	--	70	208600	买盘
14:33:24	29.8	0.06	200	596000	买盘
14:33:00	29.74	--	5	14870	买盘
14:32:57	29.74	-0.05	99	295942	卖盘
14:32:54	29.79	0.02	105	312795	买盘
14:32:51	29.77	--	5	14885	卖盘
14:32:45	29.77	0.02	4	11908	中性盘
14:32:39	29.75	-0.02	2	7407	中性盘
14:32:36	29.77	-0.01	5	14885	中性盘
14:32:21	29.78	--	70	208460	买盘
14:32:18	29.78	0.01	5	14890	买盘
14:32:12	29.77	--	3	8931	买盘
14:32:06	29.77	0.01	7	20839	买盘
14:32:00	29.76	0.01	16	50532	买盘
14:31:57	29.75	0.06	50	148750	买盘
14:31:51	29.69	--	100	296900	卖盘
14:31:42	29.69	--	56	166264	买盘
14:31:39	29.69	-0.04	10	29690	中性盘
14:31:30	29.73	0.03	100	297300	买盘
14:31:27	29.7	-0.01	8	23760	卖盘
14:31:24	29.71	0.02	80	239195	买盘
14:31:12	29.69	-0.01	53	157357	卖盘
14:31:03	29.7	0.01	13	38610	买盘
14:31:00	29.69	-0.01	2	7392	卖盘
14:30:57	29.7	0.02	8	23760	买盘
14:30:54	29.68	-0.01	1	2968	卖盘
14:30:39	29.69	0.01	2	5938	买盘
14:30:21	29.68	--	49	145432	买盘
14:30:12	29.68	--	20	59360	买盘
14:29:54	29.68	0.02	1	2968	买盘
14:29:48	29.66	--	5	14830	卖盘
14:29:33	29.66	0.01	9	26694	买盘
14:29:12	29.65	--	82	243130	卖盘
14:28:57	29.65	-0.01	1	2965	卖盘
14:28:39	29.66	--	20	59320	卖盘
14:28:33	29.66	--	10	29660	卖盘
14:27:48	29.66	--	10	29660	卖盘
14:27:24	29.66	--	27	80082	买盘
14:27:09	29.66	--	4	11864	买盘
14:26:51	29.66	--	2	5932	买盘
14:26:48	29.66	--	2	5932	买盘
14:26:36	29.66	--	17	50422	买盘
14:26:33	29.66	--	2	5932	买盘
14:26:30	29.66	-0.02	27	80082	卖盘
14:26:24	29.68	0.02	100	296800	买盘
14:26:12	29.66	--	10	29660	买盘
14:25:57	29.66	--	13	38558	买盘
14:25:51	29.66	--	9	26694	买盘
14:25:42	29.66	0.01	3	8898	买盘
14:25:15	29.65	0.01	167	496607	买盘
14:25:06	29.64	-0.01	3	8892	卖盘
14:24:51	29.65	--	2	5930	买盘
14:24:27	29.65	0.01	10	29650	买盘
14:24:12	29.64	0.01	17	51099	买盘
14:23:48	29.63	0.01	3	8889	买盘
14:23:45	29.62	-0.01	6	17772	卖盘
14:23:36	29.63	0.01	17	50371	买盘
14:23:03	29.62	-0.02	7	20734	卖盘
14:22:45	29.64	0.02	30	88920	买盘
14:22:33	29.62	-0.01	39	115518	卖盘
14:22:27	29.63	--	2	5926	卖盘
14:22:06	29.63	0.01	2	5926	中性盘
14:21:57	29.62	--	6	17772	卖盘
14:21:12	29.62	-0.03	30	88860	卖盘
14:21:06	29.65	--	100	296500	买盘
14:21:03	29.65	--	54	161622	卖盘
14:21:00	29.65	0.03	5	16277	买盘
14:20:57	29.62	-0.03	37	109594	卖盘
14:20:36	29.65	0.02	71	210515	买盘
14:20:18	29.63	--	5	14815	卖盘
14:20:00	29.63	--	1	2963	买盘
14:19:51	29.63	-0.01	32	94816	卖盘
14:19:45	29.64	0.01	3	8892	买盘
14:19:39	29.63	-0.01	30	88890	卖盘
14:19:21	29.64	0.01	15	44460	买盘
14:19:15	29.63	-0.01	8	23704	中性盘
14:18:36	29.64	0.01	5	14820	买盘
14:18:30	29.63	--	30	88890	买盘
14:18:27	29.63	--	8	23704	买盘
14:18:18	29.63	-0.01	9	26667	卖盘
14:17:42	29.64	--	2	5928	买盘
14:17:39	29.64	0.01	5	14820	买盘
14:17:18	29.63	--	1	2963	卖盘
14:17:06	29.63	--	1	2963	卖盘
14:17:03	29.63	--	1	2963	买盘
14:17:00	29.63	0.01	91	269633	买盘
14:16:54	29.62	-0.01	14	41468	卖盘
14:16:42	29.63	0.01	18	53334	买盘
14:16:36	29.62	-0.01	12	35544	卖盘
14:16:21	29.63	0.01	9	26667	买盘
14:16:15	29.62	--	10	29620	卖盘
14:16:03	29.62	--	1	2962	卖盘
14:15:42	29.62	--	1	2962	卖盘
14:15:30	29.62	--	12	35544	卖盘
14:15:27	29.62	--	7	20734	买盘
14:15:12	29.62	--	11	32582	卖盘
14:15:09	29.62	-0.02	1	2962	卖盘
14:15:00	29.64	0.01	5	14820	买盘
14:14:36	29.63	-0.02	15	45956	卖盘
14:14:27	29.65	--	2	5930	买盘
14:14:21	29.65	-0.01	32	94880	卖盘
14:14:09	29.66	-0.02	4	11864	卖盘
14:14:03	29.68	0.02	15	44520	买盘
14:13:42	29.66	--	1	2966	卖盘
14:13:30	29.66	-0.03	1	2966	卖盘
14:13:24	29.69	0.01	4	11876	买盘
14:13:09	29.68	-0.01	55	163240	卖盘
14:13:00	29.69	--	1	2969	买盘
14:12:57	29.69	0.01	3	8907	买盘
14:12:54	29.68	-0.01	5	14840	卖盘
14:12:36	29.69	--	2	5938	买盘
14:12:30	29.69	--	10	29690	中性盘
14:12:09	29.69	-0.01	10	29690	中性盘
14:12:06	29.7	0.02	50	148500	买盘
14:12:03	29.68	-0.01	1	2968	卖盘
14:11:45	29.69	--	4	11876	买盘
14:11:33	29.69	--	15	44535	卖盘
14:11:27	29.69	--	1	2969	卖盘
14:11:18	29.69	0.02	4	11876	买盘
14:10:57	29.67	--	4	11868	买盘
14:10:42	29.67	--	19	56373	买盘
14:10:39	29.67	--	1	2967	卖盘
14:10:36	29.67	--	11	32637	卖盘
14:10:03	29.67	--	2	5934	卖盘
14:10:00	29.67	-0.02	1	2967	卖盘
14:09:54	29.69	--	1	2969	卖盘
14:09:27	29.69	-0.01	1	2969	卖盘
14:09:21	29.7	0.01	5	14850	买盘
14:08:54	29.69	--	1	2969	卖盘
14:08:45	29.69	0.02	9	26721	买盘
14:08:33	29.67	-0.01	1	2967	卖盘
14:08:06	29.68	--	24	71232	卖盘
14:08:00	29.68	-0.01	1	2968	卖盘
14:07:42	29.69	--	7	20783	买盘
14:07:39	29.69	-0.01	4	11876	卖盘
14:07:36	29.7	--	49	145530	卖盘
14:07:33	29.7	--	15	44550	买盘
14:07:30	29.7	0.01	8	23760	买盘
14:07:27	29.69	-0.01	1	2969	卖盘
14:07:21	29.7	--	75	222750	买盘
14:07:09	29.7	0.01	5	14850	买盘
14:06:54	29.69	-0.01	1	2969	卖盘
14:06:51	29.7	0.01	17	50490	买盘
14:06:27	29.69	0.01	4	11876	买盘
14:06:21	29.68	-0.01	1	2968	卖盘
14:06:18	29.69	0.01	47	139543	买盘
14:06:06	29.68	0.01	14	41552	买盘
14:05:57	29.67	-0.01	1	2967	卖盘
14:05:30	29.68	0.01	1	2968	买盘
14:05:27	29.67	-0.01	1	2967	卖盘
14:05:18	29.68	0.01	20	59360	买盘
14:05:00	29.67	-0.01	3	8901	卖盘
14:04:57	29.68	0.01	16	47488	买盘
14:04:54	29.67	0.01	1	2967	中性盘
14:04:30	29.66	-0.02	1	2966	卖盘
14:04:03	29.68	0.02	30	89040	买盘
14:03:45	29.66	--	3	8898	卖盘
14:03:39	29.66	--	3	8898	卖盘
14:03:03	29.66	-0.02	2	5932	卖盘
14:02:30	29.68	--	52	154336	买盘
14:02:21	29.68	--	3	8904	买盘
14:02:18	29.68	--	16	47488	买盘
14:01:51	29.68	--	20	59360	买盘
14:01:24	29.68	--	5	14840	买盘
14:00:45	29.68	--	5	14840	买盘
14:00:33	29.68	-0.01	10	29680	中性盘
13:59:45	29.69	0.03	51	151419	买盘
13:59:39	29.66	-0.02	37	109742	卖盘
13:59:33	29.68	0.02	65	192920	买盘
13:59:24	29.66	-0.02	13	38558	中性盘
13:59:03	29.68	0.03	10	29680	买盘
13:59:00	29.65	--	1	2965	卖盘
13:58:42	29.65	-0.03	10	29650	卖盘
13:58:39	29.68	--	60	178080	卖盘
13:58:18	29.68	-0.01	10	29680	卖盘
13:58:15	29.69	--	10	29690	卖盘
13:58:09	29.69	0.02	1	2969	买盘
13:58:06	29.67	-0.02	10	29670	中性盘
13:57:51	29.69	0.03	50	148450	买盘
13:57:42	29.66	--	27	80082	卖盘
13:57:39	29.66	-0.02	5	14830	卖盘
13:56:33	29.68	0.02	8	23744	买盘
13:56:15	29.66	--	8	23728	买盘
13:56:09	29.66	0.02	30	88980	买盘
13:55:57	29.64	--	4	11856	卖盘
13:55:39	29.64	0.01	8	25164	买盘
13:55:33	29.63	--	18	53334	买盘
13:55:09	29.63	0.01	8	23704	买盘
13:54:57	29.62	-0.02	17	51864	卖盘
13:54:51	29.64	0.01	3	10344	买盘
13:54:45	29.63	--	11	32593	卖盘
13:54:39	29.63	--	20	59260	卖盘
13:54:15	29.63	-0.01	10	29630	卖盘
13:54:09	29.64	--	0	1511	卖盘
13:54:03	29.64	--	2	5928	卖盘
13:53:48	29.64	0.01	7	22200	买盘
13:53:42	29.63	--	5	14815	卖盘
13:53:30	29.63	-0.01	11	32593	卖盘
13:53:24	29.64	--	5	14820	中性盘
13:53:09	29.64	--	44	130416	卖盘
13:53:06	29.64	-0.02	8	23712	卖盘
13:53:03	29.66	0.02	21	62286	中性盘
13:52:48	29.64	-0.03	18	53352	卖盘
13:52:27	29.67	-0.01	5	14835	卖盘
13:52:00	29.68	-0.01	20	59360	卖盘
13:51:48	29.69	0.01	5	14845	中性盘
13:51:36	29.68	-0.01	13	38584	卖盘
13:51:09	29.69	0.01	2	5938	中性盘
13:51:00	29.68	-0.01	30	89040	卖盘
13:50:48	29.69	--	40	118760	卖盘
13:50:45	29.69	--	59	175171	买盘
13:50:30	29.69	0.01	2	5938	买盘
13:50:27	29.68	0.01	3	8904	买盘
13:50:12	29.67	-0.01	1	2967	卖盘
13:50:03	29.68	--	2	5936	买盘
13:49:54	29.68	-0.01	39	115752	中性盘
13:49:18	29.69	0.02	1	2969	买盘
13:49:15	29.67	-0.01	3	8901	卖盘
13:49:06	29.68	--	1	2968	卖盘
13:49:00	29.68	0.01	7	20894	买盘
13:48:57	29.67	0.01	2	5934	中性盘
13:48:48	29.66	-0.02	77	228382	卖盘
13:48:45	29.68	--	3	8904	买盘
13:48:39	29.68	--	10	29680	买盘
13:48:36	29.68	--	6	17808	买盘
13:48:30	29.68	--	34	100912	买盘
13:48:27	29.68	--	6	17808	买盘
13:48:24	29.68	--	5	14840	买盘
13:48:15	29.68	--	15	44520	买盘
13:48:06	29.68	-0.01	67	201705	卖盘
13:48:03	29.69	--	11	32659	卖盘
13:48:00	29.69	0.01	49	146846	买盘
13:47:42	29.68	0.02	276	820889	买盘
13:47:24	29.66	--	1	2966	卖盘
13:47:15	29.66	--	5	14830	卖盘
13:47:06	29.66	0.01	5	14830	中性盘
13:46:48	29.65	--	6	20399	卖盘
13:46:42	29.65	--	2	8835	买盘
13:46:27	29.65	-0.02	18	53429	卖盘
13:46:06	29.67	--	13	41478	买盘
13:45:48	29.67	--	3	8901	买盘
13:45:45	29.67	--	52	154343	卖盘
13:45:21	29.67	--	2	5934	卖盘
13:45:15	29.67	--	8	26643	买盘
13:45:06	29.67	0.02	134	397637	买盘
13:44:48	29.65	-0.02	121	358765	卖盘
13:44:45	29.67	--	10	29670	买盘
13:44:36	29.67	--	15	44505	买盘
13:44:30	29.67	--	10	29670	买盘
13:44:27	29.67	--	9	26703	卖盘
13:44:18	29.67	-0.01	1	2967	卖盘
13:44:15	29.68	0.02	3	8904	买盘
13:44:12	29.66	--	19	56354	卖盘
13:44:03	29.66	-0.01	29	86014	卖盘
13:44:00	29.67	0.01	1	5874	买盘
13:43:48	29.66	--	17	50422	买盘
13:43:45	29.66	0.01	7	20762	买盘
13:43:42	29.65	--	3	8895	卖盘
13:43:24	29.65	0.01	9	26685	买盘
13:43:15	29.64	-0.01	10	29640	卖盘
13:43:12	29.65	--	13	38545	买盘
13:42:57	29.65	0.01	21	62265	买盘
13:42:51	29.64	-0.01	1	2964	中性盘
13:42:42	29.65	0.02	5	14825	买盘
13:42:39	29.63	-0.01	47	139261	卖盘
13:42:36	29.64	--	5	14820	买盘
13:42:18	29.64	--	25	74100	买盘
13:42:06	29.64	--	10	29640	买盘
13:42:00	29.64	--	22	65208	卖盘
13:41:54	29.64	--	35	103740	卖盘
13:41:48	29.64	--	34	100776	卖盘
13:41:24	29.64	-0.01	30	88920	卖盘
13:41:21	29.65	--	13	38545	卖盘
13:41:18	29.65	--	4	11860	卖盘
13:41:06	29.65	-0.01	10	29650	卖盘
13:41:03	29.66	-0.02	10	29660	中性盘
13:40:45	29.68	--	20	59360	买盘
13:40:36	29.68	-0.01	10	29680	卖盘
13:40:27	29.69	0.01	1	2969	买盘
13:40:24	29.68	0.01	1	2968	中性盘
13:40:09	29.67	-0.02	10	29670	卖盘
13:40:06	29.69	0.01	12	35628	买盘
13:40:00	29.68	--	10	29680	买盘
13:39:54	29.68	-0.01	8	25346	卖盘
13:39:33	29.69	--	3	8907	卖盘
13:38:54	29.69	0.01	3	8907	买盘
13:38:39	29.68	--	1	2968	卖盘
13:38:33	29.68	--	2	5936	卖盘
13:38:30	29.68	-0.02	3	8904	卖盘
13:38:27	29.7	0.02	45	135016	买盘
13:38:09	29.68	-0.01	4	11872	卖盘
13:37:48	29.69	--	3	8907	买盘
13:37:45	29.69	--	1	2969	买盘
13:37:27	29.69	-0.01	68	201892	卖盘
13:37:21	29.7	--	20	59400	买盘
13:37:12	29.7	--	12	35640	买盘
13:37:09	29.7	--	10	31303	卖盘
13:36:48	29.7	-0.01	3	8910	卖盘
13:36:36	29.71	0.01	5	14855	买盘
13:36:24	29.7	--	1	2970	卖盘
13:36:18	29.7	--	66	197386	买盘
13:36:09	29.7	--	23	68310	买盘
13:35:39	29.7	0.01	7	20790	买盘
13:35:24	29.69	--	3	8907	卖盘
13:35:15	29.69	--	13	38597	卖盘
13:34:51	29.69	0.01	2	5938	买盘
13:34:45	29.68	--	10	29680	卖盘
13:34:42	29.68	--	7	20776	卖盘
13:34:24	29.68	-0.01	20	59360	卖盘
13:34:15	29.69	0.01	4	11876	买盘
13:34:12	29.68	--	5	14840	卖盘
13:34:03	29.68	--	5	14840	卖盘
13:33:30	29.68	--	8	23744	卖盘
13:33:27	29.68	0.02	17	50456	买盘
13:33:21	29.66	--	10	29660	买盘
13:33:18	29.66	-0.01	54	160164	卖盘
13:33:06	29.67	0.01	58	172086	买盘
13:32:51	29.66	-0.01	30	88980	卖盘
13:32:36	29.67	--	5	14835	买盘
13:32:18	29.67	0.01	1	2967	买盘
13:32:03	29.66	-0.01	20	59320	卖盘
13:31:39	29.67	--	3	8901	买盘
13:31:24	29.67	-0.01	2	5934	卖盘
13:31:12	29.68	0.01	3	8904	买盘
13:30:57	29.67	-0.01	2	5934	中性盘
13:30:45	29.68	0.02	2	5936	买盘
13:30:42	29.66	--	3	8898	卖盘
13:30:39	29.66	-0.01	2	5932	卖盘
13:30:33	29.67	-0.01	5	14835	中性盘
13:30:00	29.68	0.02	2	5936	买盘
13:29:57	29.66	-0.02	1	2966	卖盘
13:29:30	29.68	-0.02	30	89040	卖盘
13:29:24	29.7	--	1	2970	买盘
13:28:54	29.7	--	19	56430	买盘
13:28:48	29.7	--	3	8910	买盘
13:28:36	29.7	--	11	32670	买盘
13:28:27	29.7	--	13	38610	买盘
13:28:18	29.7	-0.02	7	20790	卖盘
13:28:15	29.72	0.02	19	56468	买盘
13:28:06	29.7	-0.03	36	106920	中性盘
13:28:00	29.73	0.03	7	20811	买盘
13:27:57	29.7	--	19	56430	买盘
13:27:54	29.7	--	3	8910	买盘
13:27:48	29.7	--	1	2970	买盘
13:27:42	29.7	--	80	237600	卖盘
13:27:30	29.7	0.02	20	59400	卖盘
13:27:24	29.68	--	39	115752	买盘
13:27:21	29.68	-0.02	74	219632	卖盘
13:27:18	29.7	0.04	32	95040	买盘
13:27:12	29.66	-0.03	53	157198	卖盘
13:27:03	29.69	0.01	11	32659	买盘
13:27:00	29.68	0.02	5	14840	买盘
13:26:45	29.66	0.01	30	88980	买盘
13:26:36	29.65	--	2	5930	卖盘
13:26:21	29.65	0.02	85	252706	买盘
13:26:18	29.63	--	2	5926	卖盘
13:26:15	29.63	--	55	162965	买盘
13:26:12	29.63	0.01	47	139261	买盘
13:26:03	29.62	-0.01	2	5924	卖盘
13:25:42	29.63	--	3	8889	卖盘
13:25:24	29.63	0.01	31	91853	中性盘
13:25:09	29.62	-0.01	12	35544	卖盘
13:25:06	29.63	--	4	14755	卖盘
13:25:03	29.63	--	5	14815	卖盘
13:24:54	29.63	--	20	59260	卖盘
13:24:51	29.63	0.01	39	115557	买盘
13:24:45	29.62	-0.01	22	65164	卖盘
13:24:42	29.63	--	50	148150	买盘
13:24:39	29.63	--	13	38519	卖盘
13:24:30	29.63	-0.02	8	23704	卖盘
13:24:24	29.65	--	8	26003	卖盘
13:24:18	29.65	0.02	41	122246	买盘
13:24:12	29.63	--	6	17778	买盘
13:24:09	29.63	--	4	11852	卖盘
13:24:03	29.63	--	15	44445	卖盘
13:23:48	29.63	-0.01	8	23704	卖盘
13:23:39	29.64	--	17	50388	卖盘
13:23:36	29.64	0.01	7	20748	买盘
13:23:30	29.63	-0.01	1	2963	卖盘
13:23:27	29.64	0.01	1	2964	买盘
13:23:24	29.63	--	1	2963	卖盘
13:23:06	29.63	--	1	2963	卖盘
13:23:00	29.63	-0.01	11	32593	卖盘
13:22:57	29.64	--	2	5928	卖盘
13:22:54	29.64	0.01	3	8892	买盘
13:22:42	29.63	-0.01	3	8889	卖盘
13:22:30	29.64	0.01	5	14820	买盘
13:22:27	29.63	--	3	8889	卖盘
13:22:21	29.63	-0.01	10	29630	卖盘
13:21:54	29.64	--	7	20748	买盘
13:21:42	29.64	--	3	8892	买盘
13:21:27	29.64	--	15	44460	买盘
13:21:21	29.64	0.01	3	8892	买盘
13:21:18	29.63	-0.01	12	35556	卖盘
13:21:03	29.64	--	4	11856	卖盘
13:21:00	29.64	--	20	59280	卖盘
13:20:45	29.64	--	18	53352	卖盘
13:20:24	29.64	--	6	17784	买盘
13:20:21	29.64	--	5	14820	买盘
13:20:15	29.64	0.02	1	2964	买盘
13:19:57	29.62	-0.01	8	23696	卖盘
13:19:51	29.63	--	1	2963	买盘
13:19:42	29.63	--	7	20741	卖盘
13:19:39	29.63	--	8	23704	卖盘
13:19:18	29.63	-0.02	1	2963	中性盘
13:19:09	29.65	0.02	10	29650	买盘
13:19:03	29.63	-0.02	6	17778	卖盘
13:18:57	29.65	--	2	5930	买盘
13:18:36	29.65	--	47	139355	买盘
13:18:30	29.65	0.03	1	2965	买盘
13:18:15	29.62	-0.03	11	32582	卖盘
13:18:12	29.65	0.03	5	14825	买盘
13:18:03	29.62	-0.01	11	32582	卖盘
13:17:54	29.63	--	1	2963	买盘
13:17:51	29.63	--	5	14815	买盘
13:17:45	29.63	--	7	20741	买盘
13:17:42	29.63	--	43	127409	卖盘
13:17:39	29.63	--	50	148150	卖盘
13:17:33	29.63	--	1	2963	卖盘
13:17:27	29.63	0.01	5	14815	买盘
13:17:21	29.62	-0.01	1	2962	卖盘
13:17:18	29.63	0.01	50	148150	买盘
13:17:06	29.62	--	3	8886	买盘
13:16:54	29.62	--	10	29620	买盘
13:16:45	29.62	--	3	8886	买盘
13:16:39	29.62	--	2	5924	买盘
13:16:30	29.62	-0.01	1	2962	中性盘
13:16:21	29.63	0.01	16	47408	买盘
13:16:18	29.62	--	12	35544	卖盘
13:16:09	29.62	--	7	20734	卖盘
13:16:06	29.62	0.01	1	2962	中性盘
13:15:45	29.61	--	1	3464	买盘
13:15:24	29.61	--	4	11844	买盘
13:15:03	29.61	-0.01	5	17262	卖盘
13:15:00	29.62	--	7	20734	买盘
13:14:51	29.62	0.01	1	2962	中性盘
13:14:39	29.61	0.01	4	12347	买盘
13:14:33	29.6	-0.03	55	162800	卖盘
13:14:24	29.63	--	5	14815	买盘
13:14:21	29.63	--	5	14815	买盘
13:14:03	29.63	--	2	5926	买盘
13:13:51	29.63	--	10	29630	买盘
13:13:33	29.63	--	12	35556	买盘
13:13:30	29.63	--	7	20741	买盘
13:13:27	29.63	-0.02	135	400005	卖盘
13:13:21	29.65	--	10	29650	买盘
13:13:18	29.65	--	4	11860	买盘
13:13:15	29.65	--	10	29650	买盘
13:13:06	29.65	--	9	28968	卖盘
13:13:03	29.65	-0.02	30	88950	卖盘
13:13:00	29.67	--	0	682	买盘
13:12:54	29.67	0.02	2	5934	买盘
13:12:36	29.65	0.01	21	62265	买盘
13:12:33	29.64	--	5	14820	卖盘
13:12:30	29.64	--	1	2964	卖盘
13:12:21	29.64	0.01	1	2964	中性盘
13:12:03	29.63	--	2	5926	买盘
13:12:00	29.63	--	1	2963	买盘
13:11:48	29.63	--	1	2963	买盘
13:11:45	29.63	--	2	5926	买盘
13:11:36	29.63	-0.02	4	11852	卖盘
13:11:33	29.65	--	20	59300	买盘
13:11:30	29.65	0.01	13	38545	买盘
13:11:27	29.64	--	22	65208	买盘
13:11:24	29.64	--	2	5928	买盘
13:11:18	29.64	--	11	32604	卖盘
13:11:06	29.64	--	31	91884	买盘
13:11:03	29.64	-0.01	9	26676	卖盘
13:10:57	29.65	0.02	1	2965	中性盘
13:10:36	29.63	--	8	23704	买盘
13:10:30	29.63	--	2	5926	买盘
13:10:21	29.63	0.01	12	35556	买盘
13:10:15	29.62	--	6	17772	买盘
13:10:12	29.62	-0.05	12	35544	卖盘
13:10:09	29.67	0.04	5	14835	买盘
13:10:03	29.63	-0.04	24	71112	卖盘
13:09:54	29.67	0.04	15	44505	买盘
13:09:51	29.63	-0.01	1	2963	卖盘
13:09:48	29.64	-0.03	6	17784	中性盘
13:09:39	29.67	--	1	2967	买盘
13:09:36	29.67	0.03	10	29670	买盘
13:09:33	29.64	-0.03	7	20748	卖盘
13:09:30	29.67	--	2	5934	买盘
13:09:27	29.67	--	1	2967	买盘
13:09:21	29.67	--	4	11868	买盘
13:09:15	29.67	-0.01	30	89010	买盘
13:09:06	29.68	0.01	10	29680	买盘
13:09:03	29.67	0.03	3	8901	买盘
13:09:00	29.64	--	97	289790	卖盘
13:08:42	29.64	--	32	94848	卖盘
13:08:33	29.64	-0.04	1	2964	卖盘
13:08:27	29.68	--	6	17808	买盘
13:08:24	29.68	--	1	2968	买盘
13:08:15	29.68	--	10	29680	买盘
13:08:12	29.68	0.07	4	11872	买盘
13:08:06	29.61	--	0	681	买盘
13:08:03	29.61	-0.07	163	484922	卖盘
13:08:00	29.68	--	3	8904	买盘
13:07:45	29.68	--	1	2968	买盘
13:07:42	29.68	-0.01	10	29680	卖盘
13:07:36	29.69	-0.01	10	29690	卖盘
13:07:33	29.7	--	7	20790	中性盘
13:07:30	29.7	--	3	8910	买盘
13:07:27	29.7	0.01	3	8910	买盘
13:07:21	29.69	--	2	5938	卖盘
13:07:12	29.69	--	4	11876	买盘
13:07:06	29.69	--	17	50473	买盘
13:06:48	29.69	--	10	29690	买盘
13:06:45	29.69	-0.03	62	184078	卖盘
13:06:42	29.72	0.01	34	101048	买盘
13:06:39	29.71	0.01	1	2971	买盘
13:06:33	29.7	--	6	17820	卖盘
13:06:30	29.7	--	18	53460	卖盘
13:06:27	29.7	--	2	5940	卖盘
13:06:18	29.7	-0.02	12	35640	卖盘
13:06:06	29.72	-0.01	1	2972	买盘
13:05:54	29.73	0.01	22	65406	买盘
13:05:48	29.72	-0.01	2	5944	卖盘
13:05:45	29.73	--	23	68379	买盘
13:05:42	29.73	--	1	2973	买盘
13:05:33	29.73	--	14	41622	卖盘
13:05:30	29.73	-0.01	3	8919	卖盘
13:05:24	29.74	0.01	3	8922	买盘
13:05:21	29.73	--	4	11892	卖盘
13:05:15	29.73	-0.02	3	8919	卖盘
13:05:06	29.75	--	1	2975	买盘
13:05:00	29.75	-0.02	132	392700	卖盘
13:04:36	29.77	--	9	26793	卖盘
13:04:30	29.77	-0.01	2	5954	卖盘
13:04:18	29.78	--	1	2978	买盘
13:04:15	29.78	--	5	14890	买盘
13:04:12	29.78	-0.01	27	80406	卖盘
13:04:00	29.79	0.01	26	77454	买盘
13:03:54	29.78	-0.01	7	20846	卖盘
13:03:51	29.79	--	2	5958	买盘
13:03:42	29.79	--	10	29790	卖盘
13:03:39	29.79	-0.01	5	14895	卖盘
13:03:33	29.8	--	20	59600	买盘
13:03:30	29.8	0.01	5	14900	买盘
13:03:18	29.79	--	1	2979	卖盘
13:03:12	29.79	--	20	59580	卖盘
13:03:09	29.79	0.01	20	59580	买盘
13:03:06	29.78	-0.02	4	11912	卖盘
13:03:00	29.8	--	7	20860	买盘
13:02:57	29.8	0.01	12	35760	买盘
13:02:54	29.79	0.01	20	59580	买盘
13:02:51	29.78	--	2	5956	买盘
13:02:45	29.78	--	1	2978	买盘
13:02:42	29.78	-0.01	8	23824	卖盘
13:02:39	29.79	0.01	8	23832	中性盘
13:02:24	29.78	-0.01	10	29780	卖盘
13:02:21	29.79	--	3	8937	买盘
13:02:18	29.79	--	8	23832	买盘
13:02:09	29.79	-0.01	1	2979	中性盘
13:01:57	29.8	0.02	1	2980	买盘
13:01:48	29.78	-0.01	5	14890	中性盘
13:01:42	29.79	0.02	24	71496	买盘
13:01:36	29.77	--	2	5954	卖盘
13:01:24	29.77	0.02	7	20839	买盘
13:01:12	29.75	--	67	199325	买盘
13:01:03	29.75	0.03	15	44625	买盘
13:00:57	29.72	--	1	2972	买盘
13:00:48	29.72	0.02	1	2972	买盘
13:00:45	29.7	0.01	103	305910	买盘
13:00:42	29.69	--	30	89070	买盘
13:00:36	29.69	--	2	5938	买盘
13:00:21	29.69	0.01	3	8907	买盘
13:00:12	29.68	-0.01	5	14840	卖盘
13:00:09	29.69	0.01	40	118760	买盘
13:00:06	29.68	0.13	276	819850	买盘
13:00:03	29.55	--	0	0	卖盘
11:30:03	29.55	--	0	0	卖盘
11:30:00	29.55	--	4	11820	买盘
11:29:57	29.55	-0.01	1	2955	卖盘
11:29:45	29.56	--	72	212832	卖盘
11:29:36	29.56	--	10	29560	卖盘
11:29:18	29.56	-0.04	3	8868	卖盘
11:29:12	29.6	0.04	14	41440	买盘
11:28:57	29.56	--	4	11824	买盘
11:28:51	29.56	-0.04	25	73900	卖盘
11:28:39	29.6	--	126	372960	买盘
11:28:33	29.6	--	20	59200	买盘
11:28:24	29.6	-0.05	328	971560	卖盘
11:28:21	29.65	-0.01	10	29650	买盘
11:28:18	29.66	0.06	4	11864	买盘
11:28:12	29.6	-0.06	319	944240	卖盘
11:28:03	29.66	0.01	6	17796	买盘
11:28:00	29.65	--	4	11860	卖盘
11:27:51	29.65	--	2	5930	买盘
11:27:39	29.65	0.03	4	11860	买盘
11:27:33	29.62	--	3	8886	卖盘
11:27:27	29.62	-0.03	3	8886	卖盘
11:27:24	29.65	--	4	11860	卖盘
11:27:21	29.65	0.03	8	23720	买盘
11:27:12	29.62	--	0	2280	卖盘
11:26:54	29.62	-0.03	1	2962	中性盘
11:26:45	29.65	0.02	5	14825	买盘
11:26:36	29.63	-0.02	5	14815	卖盘
11:26:30	29.65	0.02	6	17790	买盘
11:26:27	29.63	--	12	35556	买盘
11:26:09	29.63	--	6	17778	买盘
11:26:06	29.63	--	4	11852	买盘
11:25:57	29.63	--	6	17778	买盘
11:25:48	29.63	--	13	38519	买盘
11:25:39	29.63	0.01	53	157039	买盘
11:25:21	29.62	0.03	150	444300	买盘
11:25:18	29.59	--	6	17754	卖盘
11:25:00	29.59	0.03	6	17754	买盘
11:24:57	29.56	-0.03	2	5912	卖盘
11:24:54	29.59	--	10	29590	买盘
11:24:51	29.59	--	42	124278	买盘
11:24:30	29.59	0.03	28	82852	买盘
11:24:15	29.56	--	3	8868	买盘
11:23:21	29.56	-0.03	4	11824	卖盘
11:23:06	29.59	--	12	35508	买盘
11:22:39	29.59	-0.01	15	44385	卖盘
11:22:33	29.6	0.01	8	23680	买盘
11:22:27	29.59	--	1	2959	卖盘
11:22:15	29.59	--	1	2959	卖盘
11:22:09	29.59	--	13	38467	买盘
11:21:51	29.59	0.03	11	32549	买盘
11:21:36	29.56	-0.03	2	5912	卖盘
11:21:33	29.59	--	7	20713	买盘
11:21:24	29.59	--	13	38467	买盘
11:21:06	29.59	--	2	5918	买盘
11:21:00	29.59	--	3	8877	买盘
11:20:54	29.59	--	10	29590	买盘
11:20:45	29.59	--	20	59180	买盘
11:20:30	29.59	0.04	28	82852	买盘
11:20:27	29.55	0.01	7	20685	买盘
11:20:21	29.54	0.01	3	8862	买盘
11:19:57	29.53	--	1	2953	卖盘
11:19:54	29.53	--	47	138791	买盘
11:19:51	29.53	0.01	12	35436	买盘
11:19:45	29.52	--	2	5904	卖盘
11:19:33	29.52	0.01	5	14760	中性盘
11:19:03	29.51	--	13	38363	卖盘
11:18:45	29.51	-0.01	1	2951	卖盘
11:18:42	29.52	--	1	2952	买盘
11:18:39	29.52	--	1	2952	卖盘
11:18:33	29.52	--	5	14760	买盘
11:18:27	29.52	--	2	5904	买盘
11:18:21	29.52	--	70	206640	买盘
11:18:15	29.52	--	10	29520	买盘
11:18:12	29.52	-0.01	4	11808	卖盘
11:18:00	29.53	0.01	1	2953	买盘
11:17:57	29.52	--	6	17712	买盘
11:17:54	29.52	0.02	2	5904	买盘
11:17:06	29.5	-0.03	1	2950	卖盘
11:16:54	29.53	0.02	5	14765	买盘
11:16:42	29.51	-0.01	11	32461	卖盘
11:16:30	29.52	--	8	23616	买盘
11:16:03	29.52	0.01	10	29520	买盘
11:15:33	29.51	--	3	8853	卖盘
11:15:18	29.51	-0.01	2	5902	中性盘
11:14:54	29.52	-0.01	2	5904	卖盘
11:14:51	29.53	0.03	11	32483	买盘
11:14:45	29.5	-0.03	70	206500	卖盘
11:14:42	29.53	--	5	14765	买盘
11:14:24	29.53	0.01	6	17718	买盘
11:14:15	29.52	--	8	23616	卖盘
11:14:00	29.52	--	10	29520	卖盘
11:13:51	29.52	--	5	14760	卖盘
11:13:18	29.52	-0.01	4	11808	卖盘
11:13:12	29.53	--	5	14765	买盘
11:13:03	29.53	--	1	2953	卖盘
11:12:48	29.53	0.01	5	14765	买盘
11:12:36	29.52	--	4	11808	卖盘
11:12:33	29.52	-0.03	1	2952	卖盘
11:12:30	29.55	0.03	10	29550	买盘
11:12:27	29.52	--	2	5904	卖盘
11:12:09	29.52	-0.03	2	5904	卖盘
11:11:57	29.55	--	12	35460	买盘
11:11:33	29.55	--	7	20685	买盘
11:11:15	29.55	--	9	26595	买盘
11:10:51	29.55	-0.01	22	65010	卖盘
11:10:36	29.56	-0.02	4	11824	卖盘
11:10:18	29.58	-0.01	1	2958	卖盘
11:10:15	29.59	--	25	73975	买盘
11:10:00	29.59	0.01	24	71016	买盘
11:09:51	29.58	-0.01	10	29580	卖盘
11:09:42	29.59	0.01	12	35508	买盘
11:09:36	29.58	-0.01	7	20706	卖盘
11:09:21	29.59	-0.01	17	50303	卖盘
11:09:15	29.6	0.03	3	8880	买盘
11:08:57	29.57	--	13	38441	买盘
11:08:48	29.57	-0.02	9	26613	卖盘
11:08:45	29.59	0.01	1	2959	买盘
11:08:06	29.58	0.02	1	2958	中性盘
11:07:48	29.56	-0.04	12	35472	卖盘
11:07:45	29.6	0.02	1	2960	买盘
11:07:42	29.58	--	2	5916	卖盘
11:07:39	29.58	--	5	14790	买盘
11:07:33	29.58	--	34	100572	卖盘
11:07:21	29.58	--	5	14790	卖盘
11:07:15	29.58	-0.02	1	2958	买盘
11:07:06	29.6	0.02	5	14800	买盘
11:06:48	29.58	--	4	11832	买盘
11:06:39	29.58	--	1	2958	卖盘
11:06:15	29.58	--	1	2958	卖盘
11:05:57	29.58	0.02	51	150858	买盘
11:05:33	29.56	-0.02	4	11824	卖盘
11:05:27	29.58	--	10	29580	卖盘
11:05:12	29.58	--	21	62118	卖盘
11:05:06	29.58	--	1	2958	卖盘
11:05:03	29.58	--	10	29580	卖盘
11:04:54	29.58	--	2	5916	卖盘
11:04:42	29.58	0.01	6	17748	卖盘
11:04:30	29.57	-0.03	2	5914	卖盘
11:03:48	29.6	--	10	29600	买盘
11:03:45	29.6	-0.03	5	14800	卖盘
11:03:39	29.63	0.01	19	56297	买盘
11:03:33	29.62	-0.01	13	38506	卖盘
11:03:27	29.63	--	10	29630	买盘
11:03:21	29.63	-0.01	5	14815	卖盘
11:03:09	29.64	0.01	1	2964	买盘
11:03:06	29.63	-0.01	5	14815	卖盘
11:02:51	29.64	--	6	17784	买盘
11:02:48	29.64	--	15	44460	买盘
11:02:45	29.64	--	9	26676	卖盘
11:02:39	29.64	--	6	17784	卖盘
11:02:30	29.64	--	21	62244	买盘
11:02:21	29.64	0.01	2	5928	买盘
11:02:15	29.63	--	3	8889	卖盘
11:02:03	29.63	-0.04	1	2963	中性盘
11:01:57	29.67	0.05	18	53406	买盘
11:01:54	29.62	-0.01	2	5924	卖盘
11:01:51	29.63	0.01	2	5926	卖盘
11:01:45	29.62	-0.01	2	5924	买盘
11:01:33	29.63	-0.03	39	115557	卖盘
11:01:30	29.66	0.03	59	174994	买盘
11:01:24	29.63	--	34	100742	卖盘
11:01:18	29.63	--	29	85927	买盘
11:01:15	29.63	--	6	17778	买盘
11:01:09	29.63	0.01	13	38519	买盘
11:01:03	29.62	--	2	5924	买盘
11:01:00	29.62	0.01	1	2962	卖盘
11:00:57	29.61	-0.02	10	29610	卖盘
11:00:54	29.63	0.02	29	85927	买盘
11:00:45	29.61	-0.01	11	32571	卖盘
11:00:39	29.62	0.01	2	5924	买盘
11:00:33	29.61	-0.01	1	2961	卖盘
11:00:30	29.62	0.01	34	100708	买盘
11:00:27	29.61	0.02	79	233919	买盘
11:00:21	29.59	--	2	5918	买盘
11:00:15	29.59	0.03	14	41426	买盘
11:00:12	29.56	-0.02	8	23648	卖盘
11:00:06	29.58	0.01	7	20706	买盘
10:59:51	29.57	--	1	2957	买盘
10:59:45	29.57	0.01	2	5914	买盘
10:59:39	29.56	--	14	41384	买盘
10:59:33	29.56	0.01	5	14780	买盘
10:59:30	29.55	-0.01	5	14775	卖盘
10:59:24	29.56	--	10	29560	买盘
10:59:21	29.56	--	20	59120	买盘
10:59:12	29.56	0.01	4	11824	买盘
10:59:03	29.55	0.01	29	85695	买盘
10:58:51	29.54	--	3	8862	卖盘
10:58:48	29.54	--	17	51517	买盘
10:58:42	29.54	--	1	2954	买盘
10:58:39	29.54	--	2	5908	买盘
10:58:24	29.54	--	5	14770	买盘
10:58:18	29.54	--	2	5908	买盘
10:58:12	29.54	--	1	2954	买盘
10:58:00	29.54	--	1	4608	卖盘
10:57:54	29.54	--	1	2954	卖盘
10:57:48	29.54	--	5	16069	买盘
10:57:45	29.54	-0.01	4	11816	卖盘
10:57:42	29.55	0.01	1	2955	买盘
10:57:39	29.54	--	5	14770	卖盘
10:57:33	29.54	--	2	5908	卖盘
10:57:30	29.54	0.01	10	29540	买盘
10:57:27	29.53	--	2	5906	卖盘
10:57:15	29.53	--	3	8859	买盘
10:57:12	29.53	0.02	12	35436	买盘
10:56:57	29.51	-0.01	3	8853	卖盘
10:56:51	29.52	--	8	23616	卖盘
10:56:45	29.52	-0.01	10	29520	卖盘
10:56:36	29.53	--	11	32483	买盘
10:56:30	29.53	--	6	17718	卖盘
10:56:18	29.53	-0.01	10	29530	卖盘
10:56:06	29.54	--	11	32494	买盘
10:56:00	29.54	-0.02	3	8862	卖盘
10:55:54	29.56	0.01	2	5912	买盘
10:55:51	29.55	--	9	26595	买盘
10:55:42	29.55	--	4	11820	卖盘
10:55:39	29.55	--	3	8865	卖盘
10:55:36	29.55	-0.01	6	17730	卖盘
10:55:33	29.56	--	10	29560	买盘
10:55:18	29.56	--	96	283776	卖盘
10:55:15	29.56	--	11	32516	卖盘
10:55:12	29.56	-0.01	20	59120	卖盘
10:55:03	29.57	--	2	5914	中性盘
10:54:54	29.57	--	1	2957	买盘
10:54:51	29.57	--	19	56183	买盘
10:54:48	29.57	-0.01	2	5914	卖盘
10:54:45	29.58	--	1	2958	买盘
10:54:42	29.58	--	2	5916	买盘
10:54:30	29.58	--	51	150858	卖盘
10:54:27	29.58	-0.02	2	5916	卖盘
10:54:15	29.6	--	14	41440	买盘
10:54:09	29.6	--	7	20720	买盘
10:54:06	29.6	--	4	11840	买盘
10:54:03	29.6	--	17	50320	买盘
10:54:00	29.6	--	6	17760	买盘
10:53:57	29.6	--	21	62160	买盘
10:53:54	29.6	0.01	5	14800	买盘
10:53:45	29.59	-0.01	2	5918	卖盘
10:53:42	29.6	--	10	29600	买盘
10:53:39	29.6	0.02	22	65120	买盘
10:53:33	29.58	-0.02	5	14790	卖盘
10:53:30	29.6	0.02	20	59200	买盘
10:53:27	29.58	--	4	11832	卖盘
10:53:24	29.58	0.01	42	124236	买盘
10:53:15	29.57	-0.01	4	11828	卖盘
10:53:12	29.58	--	25	73950	买盘
10:53:03	29.58	0.01	7	20706	买盘
10:52:57	29.57	-0.01	11	32527	卖盘
10:52:54	29.58	0.01	10	29580	买盘
10:52:51	29.57	-0.01	4	11828	卖盘
10:52:48	29.58	--	4	11832	买盘
10:52:42	29.58	--	17	50286	买盘
10:52:36	29.58	--	4	11832	买盘
10:52:33	29.58	-0.01	10	29580	卖盘
10:52:30	29.59	0.03	10	29590	买盘
10:52:18	29.56	-0.03	26	76856	卖盘
10:52:12	29.59	0.04	4	11836	买盘
10:52:09	29.55	-0.05	6	17730	卖盘
10:52:06	29.6	0.04	95	281200	买盘
10:51:54	29.56	0.01	19	56164	买盘
10:51:51	29.55	0.02	58	171390	买盘
10:51:48	29.53	-0.06	40	118120	卖盘
10:51:45	29.59	0.03	95	281105	买盘
10:51:39	29.56	--	11	32516	买盘
10:51:36	29.56	0.01	22	65032	买盘
10:51:33	29.55	-0.01	2	5910	卖盘
10:51:30	29.56	--	4	11824	买盘
10:51:27	29.56	0.01	3	8868	买盘
10:51:21	29.55	0.03	13	38415	买盘
10:51:12	29.52	-0.03	23	67896	卖盘
10:51:09	29.55	0.05	20	59100	买盘
10:51:06	29.5	--	12	37553	买盘
10:51:03	29.5	--	22	64900	买盘
10:51:00	29.5	--	7	20650	买盘
10:50:57	29.5	--	17	50150	买盘
10:50:51	29.5	--	3	8850	买盘
10:50:48	29.5	0.03	2	5900	买盘
10:50:45	29.47	-0.03	3	8841	卖盘
10:50:42	29.5	--	87	256650	买盘
10:50:39	29.5	0.04	30	88500	买盘
10:50:36	29.46	-0.04	2	5892	中性盘
10:50:27	29.5	0.04	168	495600	买盘
10:50:24	29.46	--	24	71499	卖盘
10:50:21	29.46	--	35	105260	买盘
10:50:18	29.46	--	10	29460	买盘
10:50:15	29.46	--	10	29460	买盘
10:50:12	29.46	--	30	88380	买盘
10:50:09	29.46	--	10	29460	买盘
10:50:06	29.46	0.01	36	106056	买盘
10:50:00	29.45	-0.01	5	14725	卖盘
10:49:57	29.46	--	31	91326	买盘
10:49:54	29.46	--	19	55974	买盘
10:49:45	29.46	--	2	5892	买盘
10:49:42	29.46	0.01	98	288708	买盘
10:49:39	29.45	--	50	147250	买盘
10:49:33	29.45	--	11	32395	买盘
10:49:30	29.45	--	13	38285	买盘
10:49:27	29.45	--	4	11780	买盘
10:49:24	29.45	0.01	14	41230	买盘
10:49:21	29.44	--	1	2944	卖盘
10:49:15	29.44	--	19	55936	买盘
10:49:00	29.44	0.01	8	23552	买盘
10:48:57	29.43	-0.01	5	14715	卖盘
10:48:54	29.44	0.01	10	29440	买盘
10:48:42	29.43	--	7	20601	卖盘
10:48:36	29.43	--	6	17658	卖盘
10:48:21	29.43	-0.01	29	85347	卖盘
10:48:03	29.44	0.01	10	29440	买盘
10:47:54	29.43	--	10	29430	卖盘
10:47:48	29.43	--	3	8829	卖盘
10:47:42	29.43	--	6	17658	卖盘
10:47:39	29.43	0.01	10	31754	买盘
10:47:30	29.42	0.01	3	8826	中性盘
10:47:27	29.41	--	20	58820	卖盘
10:47:24	29.41	--	1	2941	卖盘
10:47:15	29.41	-0.02	12	35292	卖盘
10:47:12	29.43	0.02	10	29430	买盘
10:47:06	29.41	--	1	2941	卖盘
10:47:00	29.41	-0.02	20	58820	卖盘
10:46:48	29.43	--	10	29430	买盘
10:46:33	29.43	--	35	103623	卖盘
10:46:30	29.43	--	3	8829	卖盘
10:46:27	29.43	--	5	14715	卖盘
10:46:24	29.43	--	7	20601	卖盘
10:46:09	29.43	--	5	14715	卖盘
10:46:06	29.43	--	1	2943	卖盘
10:45:45	29.43	-0.02	1	2943	卖盘
10:45:30	29.45	0.02	2	5890	买盘
10:45:27	29.43	--	7	20601	卖盘
10:45:24	29.43	--	37	108891	卖盘
10:45:21	29.43	-0.02	1	2943	卖盘
10:45:18	29.45	0.02	225	662625	买盘
10:45:15	29.43	-0.01	44	129492	卖盘
10:45:12	29.44	--	10	29440	买盘
10:45:06	29.44	--	28	82432	买盘
10:44:54	29.44	0.01	19	55936	买盘
10:44:51	29.43	--	3	8829	卖盘
10:44:48	29.43	-0.02	8	23544	卖盘
10:44:42	29.45	0.01	20	58900	买盘
10:44:36	29.44	--	1	2944	卖盘
10:44:33	29.44	--	76	223744	买盘
10:44:30	29.44	0.01	10	29440	买盘
10:44:27	29.43	--	21	61803	卖盘
10:44:21	29.43	--	1	2943	卖盘
10:44:18	29.43	--	56	164808	卖盘
10:44:09	29.43	-0.01	5	14715	卖盘
10:44:06	29.44	0.01	35	103040	买盘
10:44:03	29.43	-0.01	4	11772	卖盘
10:44:00	29.44	--	6	17664	买盘
10:43:51	29.44	0.01	4	11776	买盘
10:43:48	29.43	--	10	29430	卖盘
10:43:45	29.43	--	1	2943	卖盘
10:43:42	29.43	-0.01	1	2943	卖盘
10:43:39	29.44	0.01	1	2944	买盘
10:43:27	29.43	-0.01	5	14715	卖盘
10:43:24	29.44	0.01	46	135424	买盘
10:43:18	29.43	--	13	38259	卖盘
10:43:12	29.43	-0.01	20	61184	卖盘
10:43:09	29.44	--	19	55936	买盘
10:43:06	29.44	--	9	26496	买盘
10:43:03	29.44	0.01	41	120704	买盘
10:42:51	29.43	--	2	5886	卖盘
10:42:48	29.43	--	9	26487	卖盘
10:42:42	29.43	--	12	35316	卖盘
10:42:36	29.43	0.02	30	88290	买盘
10:42:30	29.41	-0.01	5	14705	卖盘
10:42:24	29.42	0.01	10	29420	买盘
10:42:15	29.41	-0.01	1	2941	卖盘
10:42:00	29.42	-0.02	2	5884	卖盘
10:41:36	29.44	--	2	5888	买盘
10:41:18	29.44	--	11	32384	买盘
10:41:15	29.44	0.02	56	164864	买盘
10:41:00	29.42	-0.02	7	20594	卖盘
10:40:57	29.44	0.02	21	61824	买盘
10:40:54	29.42	-0.02	4	11768	卖盘
10:40:51	29.44	--	1	2944	买盘
10:40:48	29.44	-0.01	3	8832	中性盘
10:40:15	29.45	--	16	47120	买盘
10:40:03	29.45	--	1	2945	买盘
10:40:00	29.45	--	20	58900	买盘
10:39:57	29.45	--	15	44175	买盘
10:39:51	29.45	--	1	2945	买盘
10:39:48	29.45	0.01	104	306280	买盘
10:39:42	29.44	-0.01	3	8832	卖盘
10:39:39	29.45	0.01	2	5890	买盘
10:39:36	29.44	--	29	85376	卖盘
10:39:33	29.44	--	43	126592	买盘
10:39:30	29.44	--	4	11776	买盘
10:39:27	29.44	--	13	38272	买盘
10:39:21	29.44	--	7	20608	买盘
10:39:18	29.44	--	25	73600	买盘
10:39:15	29.44	--	7	20608	买盘
10:39:09	29.44	0.01	106	312064	买盘
10:39:03	29.43	--	41	120663	卖盘
10:39:00	29.43	0.02	120	353160	买盘
10:38:57	29.41	0.01	85	249985	买盘
10:38:54	29.4	--	12	35280	买盘
10:38:51	29.4	--	36	105840	买盘
10:38:45	29.4	-0.01	195	573300	卖盘
10:38:42	29.41	0.01	18	52938	买盘
10:38:36	29.4	-0.01	10	29400	卖盘
10:38:27	29.41	--	6	17646	买盘
10:38:24	29.41	0.02	30	88230	买盘
10:38:18	29.39	-0.01	110	323290	卖盘
10:38:15	29.4	-0.01	38	111720	卖盘
10:38:12	29.41	--	10	29410	买盘
10:38:09	29.41	0.01	3	8823	买盘
10:37:51	29.4	-0.01	18	52920	卖盘
10:37:48	29.41	0.01	29	87406	买盘
10:37:33	29.4	--	11	32340	买盘
10:37:09	29.4	--	20	58800	买盘
10:37:06	29.4	--	8	23520	卖盘
10:37:03	29.4	--	22	64680	买盘
10:36:42	29.4	--	2	5880	买盘
10:36:36	29.4	0.05	14	41160	买盘
10:36:33	29.35	-0.04	2	5870	卖盘
10:36:24	29.39	0.04	58	170462	买盘
10:36:12	29.35	--	9	26415	买盘
10:36:09	29.35	0.01	143	419705	买盘
10:36:06	29.34	--	8	23472	买盘
10:36:03	29.34	--	10	29340	买盘
10:35:57	29.34	--	8	23472	买盘
10:35:54	29.34	--	20	58680	买盘
10:35:51	29.34	-0.01	18	52812	中性盘
10:35:48	29.35	0.01	9	26415	买盘
10:35:45	29.34	--	40	117360	买盘
10:35:42	29.34	--	8	23472	买盘
10:35:36	29.34	0.03	10	29340	买盘
10:35:33	29.31	--	1	2931	卖盘
10:35:12	29.31	-0.03	1	2931	卖盘
10:34:39	29.34	--	10	29340	买盘
10:34:27	29.34	--	5	14670	卖盘
10:34:03	29.34	0.03	5	14670	买盘
10:33:54	29.31	-0.04	4	11724	卖盘
10:33:12	29.35	--	2	5870	买盘
10:32:57	29.35	--	60	176100	买盘
10:32:48	29.35	0.01	14	41090	买盘
10:32:03	29.34	-0.01	2	5868	中性盘
10:31:36	29.35	--	5	14675	买盘
10:31:33	29.35	--	81	237735	买盘
10:31:09	29.35	--	5	14675	买盘
10:31:06	29.35	0.06	40	117400	买盘
10:30:45	29.29	-0.06	76	222604	卖盘
10:30:39	29.35	0.06	80	234800	买盘
10:30:15	29.29	-0.06	146	427634	卖盘
10:30:09	29.35	0.05	10	29350	买盘
10:30:03	29.3	--	50	146500	卖盘
10:29:27	29.3	--	1	2930	卖盘
10:29:24	29.3	0.01	3	8790	卖盘
10:29:18	29.29	-0.01	10	29290	卖盘
10:29:15	29.3	0.01	10	29300	买盘
10:29:03	29.29	-0.01	1	2929	中性盘
10:29:00	29.3	0.02	2	5860	买盘
10:28:57	29.28	-0.02	20	58560	卖盘
10:28:45	29.3	-0.05	2	5860	中性盘
10:28:21	29.35	-0.02	9	26415	卖盘
10:28:18	29.37	0.01	1	2937	买盘
10:28:15	29.36	-0.03	10	29360	中性盘
10:28:03	29.39	--	10	29390	买盘
10:28:00	29.39	--	12	35268	卖盘
10:27:57	29.39	--	10	29390	买盘
10:27:48	29.39	-0.01	10	29390	中性盘
10:27:33	29.4	--	14	41160	买盘
10:27:30	29.4	0.02	16	47040	买盘
10:27:27	29.38	-0.01	5	14690	中性盘
10:27:18	29.39	0.04	10	29390	买盘
10:27:03	29.35	-0.05	7	20545	卖盘
10:26:57	29.4	--	73	214620	卖盘
10:26:54	29.4	--	2	5880	卖盘
10:26:48	29.4	--	10	29400	卖盘
10:26:45	29.4	--	20	58800	卖盘
10:26:36	29.4	-0.01	2	5880	卖盘
10:26:33	29.41	--	5	14705	卖盘
10:26:30	29.41	--	1	2941	卖盘
10:26:27	29.41	--	2	5882	卖盘
10:25:57	29.41	-0.04	11	32351	卖盘
10:25:54	29.45	-0.01	9	26505	卖盘
10:25:51	29.46	--	3	8838	买盘
10:25:39	29.46	0.01	15	44190	买盘
10:25:36	29.45	--	2	5890	买盘
10:25:30	29.45	0.05	15	44175	买盘
10:25:24	29.4	-0.1	10	29400	卖盘
10:25:15	29.5	0.04	375	1106250	买盘
10:25:03	29.46	--	4	12402	卖盘
10:25:00	29.46	--	6	17676	卖盘
10:24:57	29.46	0.06	10	31787	买盘
10:24:51	29.4	-0.06	27	79380	买盘
10:24:42	29.46	0.06	170	500820	买盘
10:24:33	29.4	--	5	14700	买盘
10:24:27	29.4	0.05	1	2940	买盘
10:24:21	29.35	-0.05	1	2935	卖盘
10:24:12	29.4	0.05	7	20580	买盘
10:24:06	29.35	--	23	67505	卖盘
10:24:03	29.35	0.01	146	431034	买盘
10:24:00	29.34	--	10	29340	卖盘
10:23:51	29.34	0.05	11	32274	买盘
10:23:42	29.29	--	4	13737	卖盘
10:23:33	29.29	--	2	5858	买盘
10:23:27	29.29	-0.06	18	52722	中性盘
10:23:09	29.35	0.1	92	270020	买盘
10:23:03	29.25	--	10	29250	买盘
10:23:00	29.25	--	7	20475	买盘
10:22:54	29.25	--	8	23400	买盘
10:22:51	29.25	0.06	8	23400	买盘
10:22:42	29.19	0.06	108	315252	买盘
10:22:39	29.13	-0.06	4	11652	卖盘
10:22:21	29.19	--	7	20433	卖盘
10:22:18	29.19	0.07	4	11676	买盘
10:22:03	29.12	-0.01	3	8736	卖盘
10:21:48	29.13	--	2	5826	买盘
10:21:45	29.13	-0.09	5	14565	卖盘
10:21:36	29.22	-0.01	5	14610	中性盘
10:20:03	29.23	--	10	29230	买盘
10:19:51	29.23	0.02	9	26307	买盘
10:19:36	29.21	--	6	17526	买盘
10:19:09	29.21	--	9	26289	买盘
10:19:03	29.21	--	3	8763	买盘
10:18:57	29.21	0.1	2	5842	买盘
10:18:42	29.11	-0.1	2	5822	卖盘
10:18:39	29.21	--	14	40894	买盘
10:18:15	29.21	--	13	37973	买盘
10:18:03	29.21	0.11	9	26289	买盘
10:17:57	29.1	-0.11	6	17460	卖盘
10:17:27	29.21	0.06	9	26289	买盘
10:17:24	29.15	-0.07	10	29150	中性盘
10:16:39	29.22	-0.01	6	17532	买盘
10:16:24	29.23	0.01	16	46768	买盘
10:16:15	29.22	--	10	29220	卖盘
10:16:12	29.22	--	1	2922	卖盘
10:16:06	29.22	--	9	26298	买盘
10:16:03	29.22	--	1	2922	卖盘
10:15:54	29.22	--	7	20454	卖盘
10:15:45	29.22	-0.01	7	20454	中性盘
10:14:48	29.23	-0.01	5	14615	中性盘
10:14:42	29.24	0.21	2	5848	买盘
10:14:33	29.03	-0.21	15	43545	卖盘
10:14:24	29.24	-0.03	8	23392	中性盘
10:14:15	29.27	-0.01	1	2927	中性盘
10:14:06	29.28	--	7	20496	买盘
10:14:00	29.28	--	3	8784	买盘
10:13:51	29.28	0.04	14	40992	买盘
10:13:45	29.24	-0.01	15	43860	卖盘
10:13:39	29.25	0.01	5	14625	买盘
10:13:30	29.24	--	12	35088	卖盘
10:13:24	29.24	0.05	13	38012	买盘
10:13:06	29.19	-0.01	1	2919	卖盘
10:13:03	29.2	0.01	8	23360	买盘
10:12:51	29.19	--	9	26271	买盘
10:12:39	29.19	-0.01	184	537913	卖盘
10:12:36	29.2	--	49	145182	买盘
10:12:27	29.2	--	12	35040	买盘
10:12:24	29.2	--	13	37960	买盘
10:12:21	29.2	--	14	40880	买盘
10:12:15	29.2	0.01	40	116800	买盘
10:12:03	29.19	0.01	6	17514	卖盘
10:11:57	29.18	0.11	133	388094	买盘
10:11:54	29.07	--	1	2907	买盘
10:11:48	29.07	--	1	2907	买盘
10:11:42	29.07	--	1	2907	买盘
10:11:21	29.07	0.05	1	2907	买盘
10:11:00	29.02	0.06	9	26118	买盘
10:10:57	28.96	--	1	2896	买盘
10:10:48	28.96	0.03	7	20272	买盘
10:10:36	28.93	--	1	4310	买盘
10:10:24	28.93	0.03	10	31244	买盘
10:10:09	28.9	--	5	14450	买盘
10:10:03	28.9	--	50	144500	买盘
10:09:54	28.9	--	18	52020	买盘
10:09:27	28.9	--	6	17340	买盘
10:09:24	28.9	--	40	117073	卖盘
10:09:18	28.9	-0.01	1	4306	卖盘
10:09:15	28.91	--	3	8673	买盘
10:09:12	28.91	--	10	28910	买盘
10:09:09	28.91	--	5	14455	买盘
10:09:06	28.91	--	2	5782	买盘
10:09:00	28.91	0.01	10	28910	中性盘
10:08:48	28.9	--	10	28900	卖盘
10:08:36	28.9	--	1	2890	卖盘
10:08:33	28.9	--	6	17340	买盘
10:08:15	28.9	0.01	10	28900	买盘
10:08:09	28.89	-0.01	2	5778	中性盘
10:07:48	28.9	0.09	4	11560	买盘
10:07:42	28.81	0.01	1	2881	中性盘
10:07:21	28.8	-0.1	24	69120	卖盘
10:07:15	28.9	--	17	49130	卖盘
10:07:12	28.9	-0.01	9	26010	卖盘
10:07:06	28.91	--	22	63602	卖盘
10:07:03	28.91	--	100	289100	卖盘
10:07:00	28.91	-0.01	1	2891	卖盘
10:06:57	28.92	--	8	23136	买盘
10:06:54	28.92	--	5	14460	买盘
10:06:45	28.92	--	17	51159	卖盘
10:06:33	28.92	--	3	8676	卖盘
10:06:18	28.92	-0.04	7	20244	卖盘
10:06:12	28.96	--	5	14480	卖盘
10:06:03	28.96	--	6	18273	卖盘
10:05:45	28.96	--	2	5792	卖盘
10:05:27	28.96	-0.04	4	11584	卖盘
10:05:00	29.0	--	1	2900	卖盘
10:04:21	29.0	0.04	2	5800	中性盘
10:04:18	28.96	-0.2	1	2896	卖盘
10:03:36	29.16	0.15	25	72900	买盘
10:03:33	29.01	0.01	1	2901	买盘
10:03:30	29.0	--	14	40600	卖盘
10:03:24	29.0	--	1	2900	卖盘
10:02:57	29.0	-0.08	100	290000	卖盘
10:02:06	29.08	--	6	17448	买盘
10:01:33	29.08	-0.03	10	29080	卖盘
10:01:18	29.11	0.01	3	8733	买盘
10:00:48	29.1	-0.01	15	43650	卖盘
10:00:21	29.11	-0.06	7	20377	卖盘
10:00:06	29.17	0.06	17	49589	买盘
09:59:51	29.11	--	26	75686	卖盘
09:59:48	29.11	-0.06	1	2911	卖盘
09:59:42	29.17	0.07	24	70008	买盘
09:59:24	29.1	-0.07	11	32010	卖盘
09:59:12	29.17	--	2	5834	卖盘
09:58:48	29.17	--	1	2917	买盘
09:58:33	29.17	-0.01	5	14585	买盘
09:57:09	29.18	0.08	2	5836	买盘
09:57:06	29.1	-0.08	1	2910	卖盘
09:57:03	29.18	--	17	49606	中性盘
09:56:48	29.18	-0.02	20	58360	卖盘
09:56:42	29.2	--	13	37960	卖盘
09:56:33	29.2	--	4	11680	卖盘
09:56:24	29.2	--	7	20440	卖盘
09:56:21	29.2	0.02	15	43800	买盘
09:56:18	29.18	--	4	11672	卖盘
09:56:03	29.18	--	9	26262	买盘
09:55:48	29.18	--	8	23344	买盘
09:55:45	29.18	--	4	11672	买盘
09:55:39	29.18	-0.02	3	8754	卖盘
09:55:36	29.2	0.02	4	11680	买盘
09:55:30	29.18	--	20	58360	卖盘
09:55:27	29.18	--	7	20426	卖盘
09:55:21	29.18	-0.01	12	35016	卖盘
09:55:15	29.19	0.01	3	8757	买盘
09:55:09	29.18	--	13	37934	卖盘
09:55:06	29.18	0.18	2	5836	买盘
09:54:45	29.0	-0.1	100	290000	卖盘
09:54:03	29.1	--	2	5820	卖盘
09:53:51	29.1	--	8	23280	卖盘
09:53:48	29.1	--	0	1425	卖盘
09:52:45	29.1	--	13	37830	卖盘
09:52:39	29.1	0.04	13	37830	买盘
09:52:21	29.06	--	5	14530	卖盘
09:51:36	29.06	-0.01	20	58120	卖盘
09:51:21	29.07	0.01	7	20349	买盘
09:51:03	29.06	--	37	107522	买盘
09:50:54	29.06	--	1	2906	卖盘
09:50:51	29.06	-0.01	14	40684	卖盘
09:50:27	29.07	--	10	29070	买盘
09:50:21	29.07	0.01	13	37791	中性盘
09:50:12	29.06	-0.01	60	174360	卖盘
09:50:00	29.07	-0.03	3	8721	卖盘
09:49:51	29.1	--	15	43650	卖盘
09:49:00	29.1	0.03	11	32010	中性盘
09:48:36	29.07	--	29	84303	买盘
09:48:30	29.07	0.03	11	31977	买盘
09:48:24	29.04	-0.01	8	23232	卖盘
09:48:21	29.05	--	5	14525	买盘
09:48:18	29.05	-0.01	5	14525	买盘
09:48:15	29.06	0.01	10	29060	买盘
09:48:12	29.05	--	12	34860	卖盘
09:48:00	29.05	--	6	17430	买盘
09:47:54	29.05	--	80	232400	买盘
09:47:42	29.05	--	5	14525	买盘
09:47:30	29.05	0.02	9	26145	买盘
09:47:27	29.03	--	10	29030	卖盘
09:47:18	29.03	--	4	11612	卖盘
09:47:15	29.03	0.01	27	78381	买盘
09:47:06	29.02	-0.01	7	20314	卖盘
09:46:57	29.03	--	9	26127	卖盘
09:46:54	29.03	--	7	20321	卖盘
09:46:51	29.03	0.01	21	60963	买盘
09:46:45	29.02	0.01	1	2902	买盘
09:46:33	29.01	--	1	2901	买盘
09:46:21	29.01	-0.01	19	55119	卖盘
09:46:12	29.02	0.01	13	37726	买盘
09:46:09	29.01	--	15	43515	买盘
09:46:06	29.01	-0.01	3	8703	卖盘
09:46:00	29.02	--	13	37726	中性盘
09:45:48	29.02	-0.01	12	34824	卖盘
09:45:45	29.03	--	5	14515	买盘
09:45:42	29.03	--	2	5806	买盘
09:45:39	29.03	--	3	8709	买盘
09:45:33	29.03	--	2	5806	买盘
09:45:24	29.03	--	6	17418	卖盘
09:45:18	29.03	--	12	34836	卖盘
09:45:00	29.03	-0.03	31	89993	卖盘
09:44:57	29.06	0.01	4	11624	买盘
09:44:54	29.05	--	9	26145	卖盘
09:44:51	29.05	-0.01	7	20335	卖盘
09:44:48	29.06	-0.02	9	26154	卖盘
09:44:39	29.08	--	5	14540	买盘
09:44:33	29.08	-0.01	5	14540	卖盘
09:44:30	29.09	--	5	14545	买盘
09:44:27	29.09	0.03	3	8727	买盘
09:44:24	29.06	-0.02	15	43590	卖盘
09:44:21	29.08	--	11	31987	卖盘
09:44:15	29.08	--	11	31987	卖盘
09:44:12	29.08	-0.02	20	58160	卖盘
09:44:06	29.1	0.02	4	11640	卖盘
09:43:54	29.08	-0.01	11	31987	卖盘
09:43:48	29.09	-0.06	1	2909	卖盘
09:43:45	29.15	0.09	1	2915	买盘
09:43:27	29.06	--	4	11624	卖盘
09:43:15	29.06	0.01	5	14530	买盘
09:43:06	29.05	--	1	2905	卖盘
09:42:57	29.05	--	1	2905	买盘
09:42:54	29.05	--	3	8715	买盘
09:42:48	29.05	0.01	2	5810	买盘
09:42:45	29.04	-0.01	8	23232	卖盘
09:42:42	29.05	--	35	101675	买盘
09:42:39	29.05	--	4	11620	买盘
09:42:36	29.05	--	5	14525	买盘
09:42:33	29.05	--	1	2905	买盘
09:42:30	29.05	--	1	2905	买盘
09:42:27	29.05	--	8	23240	买盘
09:42:21	29.05	0.01	10	29050	买盘
09:41:57	29.04	-0.01	20	58080	卖盘
09:41:54	29.05	0.01	15	43575	中性盘
09:41:48	29.04	-0.02	5	14520	卖盘
09:41:45	29.06	--	6	17436	买盘
09:41:42	29.06	0.01	2	5812	买盘
09:41:39	29.05	--	5	14525	买盘
09:41:36	29.05	-0.01	13	37765	卖盘
09:41:27	29.06	--	3	8718	买盘
09:41:18	29.06	--	16	46496	买盘
09:41:15	29.06	--	1	2906	买盘
09:41:12	29.06	-0.03	5	14530	卖盘
09:40:57	29.09	0.03	21	61089	买盘
09:40:45	29.06	-0.04	10	29060	中性盘
09:40:36	29.1	--	2	5820	买盘
09:40:27	29.1	0.05	4	11640	买盘
09:40:24	29.05	-0.05	5	14525	中性盘
09:40:06	29.1	-0.1	3	8730	买盘
09:40:00	29.2	-0.03	11	32120	卖盘
09:39:57	29.23	0.03	2	5846	买盘
09:39:54	29.2	-0.03	5	14600	卖盘
09:39:45	29.23	-0.01	2	5846	卖盘
09:39:36	29.24	-0.06	2	5848	卖盘
09:39:27	29.3	-0.02	4	11866	卖盘
09:39:21	29.32	0.02	11	32252	买盘
09:39:15	29.3	--	8	23440	卖盘
09:39:00	29.3	--	5	14650	卖盘
09:38:42	29.3	-0.07	9	26370	卖盘
09:38:39	29.37	0.05	15	44055	买盘
09:38:30	29.32	--	15	43980	买盘
09:38:27	29.32	--	30	87960	买盘
09:37:51	29.32	0.02	5	14660	买盘
09:37:27	29.3	-0.02	41	122913	买盘
09:37:09	29.32	0.02	3	8796	买盘
09:37:00	29.3	--	1	2930	中性盘
09:36:57	29.3	-0.02	2	5860	中性盘
09:36:48	29.32	-0.01	10	29320	买盘
09:36:45	29.33	-0.05	2	5866	卖盘
09:36:39	29.38	--	17	49946	买盘
09:36:33	29.38	--	20	58760	买盘
09:36:30	29.38	-0.04	7	20566	买盘
09:36:15	29.42	0.03	4	13797	卖盘
09:36:12	29.39	0.07	29	86142	买盘
09:36:06	29.32	0.07	10	29320	买盘
09:35:57	29.25	-0.14	50	146250	卖盘
09:35:51	29.39	0.04	22	64658	买盘
09:35:48	29.35	0.03	4	11740	买盘
09:35:45	29.32	0.01	2	5864	卖盘
09:35:30	29.31	-0.08	10	29310	中性盘
09:35:21	29.39	0.07	41	120499	买盘
09:35:06	29.32	-0.05	3	8796	中性盘
09:34:48	29.37	0.05	69	202653	买盘
09:34:39	29.32	--	12	35184	买盘
09:34:30	29.32	--	25	73300	买盘
09:34:21	29.32	--	20	58640	卖盘
09:34:12	29.32	--	4	11728	卖盘
09:34:09	29.32	-0.03	18	52776	卖盘
09:33:57	29.35	0.03	7	20545	买盘
09:33:51	29.32	0.01	16	46912	买盘
09:33:42	29.31	0.05	16	46896	买盘
09:33:36	29.26	--	14	40964	卖盘
09:33:21	29.26	-0.07	5	14630	中性盘
09:33:09	29.33	0.01	26	76258	买盘
09:33:06	29.32	0.07	31	90892	买盘
09:33:00	29.25	-0.12	2	5850	中性盘
09:32:33	29.37	--	5	14685	卖盘
09:32:30	29.37	--	1	2937	卖盘
09:32:27	29.37	--	7	20559	卖盘
09:32:24	29.37	-0.03	22	64614	买盘
09:32:09	29.4	--	26	76440	买盘
09:32:03	29.4	0.02	26	76440	买盘
09:31:57	29.38	0.09	26	76388	买盘
09:31:54	29.29	-0.1	11	32219	卖盘
09:31:48	29.39	--	3	8817	买盘
09:31:45	29.39	--	36	105804	买盘
09:31:33	29.39	--	2	5878	买盘
09:31:30	29.39	--	5	14695	买盘
09:31:27	29.39	--	6	17634	买盘
09:31:18	29.39	-0.1	48	143099	卖盘
09:31:12	29.49	--	39	115011	买盘
09:31:06	29.49	--	12	35388	卖盘
09:31:03	29.49	--	5	14745	卖盘
09:31:00	29.49	-0.01	3	8847	卖盘
09:30:54	29.5	0.01	26	76700	买盘
09:30:51	29.49	0.1	6	17694	买盘
09:30:48	29.39	--	10	29390	卖盘
09:30:42	29.39	--	10	29390	卖盘
09:30:36	29.39	0.2	11	32329	买盘
09:30:21	29.19	--	32	94312	卖盘
09:30:18	29.19	0.01	23	67137	买盘
09:30:12	29.18	--	8	23344	买盘
09:30:09	29.18	--	14	40852	卖盘
09:30:06	29.18	0.28	41	119638	买盘
09:30:03	28.9	28.9	1	2890	买盘
