成交时间	成交价	价格变动	成交量(手)	成交额(元)	性质
15:00:03	23.74	-0.01	819	1944305	买盘
14:57:03	23.75	0.02	15	35625	买盘
14:57:00	23.73	--	7	18248	卖盘
14:56:57	23.73	0.01	46	109893	买盘
14:56:54	23.72	--	90	215116	卖盘
14:56:51	23.72	--	37	87764	卖盘
14:56:48	23.72	-0.03	20	47440	卖盘
14:56:45	23.75	0.03	79	187625	买盘
14:56:42	23.72	-0.01	42	99624	卖盘
14:56:39	23.73	0.01	1	2373	卖盘
14:56:36	23.72	-0.01	10	23720	卖盘
14:56:33	23.73	--	270	640710	买盘
14:56:30	23.73	0.01	17	40341	买盘
14:56:27	23.72	--	123	291756	卖盘
14:56:24	23.72	--	42	99624	卖盘
14:56:21	23.72	--	192	455424	卖盘
14:56:18	23.72	--	49	116963	买盘
14:56:15	23.72	0.01	96	227712	买盘
14:56:12	23.71	-0.01	43	101953	卖盘
14:56:09	23.72	--	16	37952	买盘
14:56:06	23.72	--	22	52184	买盘
14:56:03	23.72	--	97	230084	买盘
14:55:57	23.72	--	27	64044	买盘
14:55:54	23.72	--	17	40324	买盘
14:55:51	23.72	0.01	10	23720	买盘
14:55:48	23.71	-0.01	6	14226	卖盘
14:55:45	23.72	--	6	14232	买盘
14:55:42	23.72	--	8	18976	买盘
14:55:39	23.72	--	3	7116	买盘
14:55:36	23.72	--	5	11860	买盘
14:55:33	23.72	--	20	47440	买盘
14:55:30	23.72	-0.01	46	110748	卖盘
14:55:27	23.73	0.01	2	4746	买盘
14:55:24	23.72	--	37	87764	卖盘
14:55:21	23.72	--	46	109112	卖盘
14:55:18	23.72	-0.01	13	30836	卖盘
14:55:15	23.73	--	2	4746	买盘
14:55:12	23.73	0.01	19	45087	买盘
14:55:09	23.72	--	39	92508	卖盘
14:55:06	23.72	--	4	9488	卖盘
14:55:00	23.72	--	34	80648	卖盘
14:54:57	23.72	--	1	2372	卖盘
14:54:54	23.72	0.02	71	169147	买盘
14:54:51	23.7	--	20	47400	卖盘
14:54:48	23.7	--	64	151680	卖盘
14:54:45	23.7	-0.02	11	26070	卖盘
14:54:42	23.72	0.01	46	109112	买盘
14:54:39	23.71	--	13	30823	买盘
14:54:36	23.71	-0.01	42	99582	卖盘
14:54:33	23.72	0.01	1	2372	买盘
14:54:30	23.71	--	15	35565	卖盘
14:54:27	23.71	-0.01	15	35565	卖盘
14:54:24	23.72	0.01	10	23720	买盘
14:54:21	23.71	-0.01	5	11855	卖盘
14:54:18	23.72	--	10	23720	买盘
14:54:15	23.72	--	10	23720	买盘
14:54:12	23.72	--	22	52184	买盘
14:54:09	23.72	0.01	7	16604	买盘
14:54:06	23.71	-0.02	14	33194	卖盘
14:54:03	23.73	--	13	30849	买盘
14:54:00	23.73	0.01	25	59325	买盘
14:53:57	23.72	--	13	30836	卖盘
14:53:54	23.72	--	51	120972	卖盘
14:53:51	23.72	-0.01	7	16604	卖盘
14:53:48	23.73	--	8	18984	买盘
14:53:45	23.73	0.01	39	92547	买盘
14:53:42	23.72	--	2	4744	买盘
14:53:39	23.72	-0.02	27	64044	卖盘
14:53:36	23.74	0.01	53	125821	买盘
14:53:33	23.73	--	10	23730	买盘
14:53:30	23.73	-0.01	6	14238	中性盘
14:53:27	23.74	-0.01	19	45106	中性盘
14:53:24	23.75	0.01	87	206625	买盘
14:53:21	23.74	--	42	99708	买盘
14:53:18	23.74	--	13	30861	买盘
14:53:15	23.74	0.03	10	23740	买盘
14:53:12	23.71	-0.04	88	208648	卖盘
14:53:09	23.75	0.01	137	325375	买盘
14:53:03	23.74	--	34	80716	卖盘
14:53:00	23.74	0.02	10	23740	中性盘
14:52:54	23.72	0.01	165	391380	卖盘
14:52:51	23.71	-0.01	50	118550	卖盘
14:52:45	23.72	--	42	99624	买盘
14:52:39	23.72	0.01	31	73532	买盘
14:52:36	23.71	--	3	7113	卖盘
14:52:33	23.71	--	20	47420	卖盘
14:52:30	23.71	0.01	36	85356	买盘
14:52:27	23.7	--	25	59250	卖盘
14:52:24	23.7	--	2	4740	卖盘
14:52:18	23.7	0.02	300	711000	买盘
14:52:15	23.68	-0.01	93	220224	卖盘
14:52:12	23.69	0.01	10	23690	买盘
14:52:06	23.68	--	8	18944	卖盘
14:52:03	23.68	--	5	11840	卖盘
14:52:00	23.68	--	37	87616	买盘
14:51:57	23.68	0.02	9	21312	买盘
14:51:48	23.66	-0.02	13	30758	卖盘
14:51:45	23.68	0.01	73	172864	买盘
14:51:42	23.67	--	6	14202	买盘
14:51:39	23.67	0.01	4	9468	中性盘
14:51:36	23.66	-0.01	37	87542	卖盘
14:51:33	23.67	--	3	7101	买盘
14:51:27	23.67	0.01	30	71010	买盘
14:51:24	23.66	-0.01	10	23660	卖盘
14:51:18	23.67	0.01	9	21303	买盘
14:51:15	23.66	--	6	14196	卖盘
14:51:12	23.66	--	5	11830	卖盘
14:51:09	23.66	0.01	86	203476	买盘
14:51:06	23.65	--	85	201025	卖盘
14:50:54	23.65	--	19	44935	卖盘
14:50:51	23.65	-0.01	25	59125	卖盘
14:50:45	23.66	-0.01	5	11830	中性盘
14:50:42	23.67	0.01	6	14202	买盘
14:50:39	23.66	--	47	111202	卖盘
14:50:36	23.66	0.01	20	47320	卖盘
14:50:33	23.65	-0.01	62	146630	卖盘
14:50:27	23.66	0.01	86	203476	卖盘
14:50:18	23.65	-0.02	20	47300	卖盘
14:50:15	23.67	0.01	10	23670	买盘
14:50:12	23.66	0.01	9	21294	买盘
14:50:09	23.65	--	13	30744	卖盘
14:50:06	23.65	--	1	2365	卖盘
14:50:03	23.65	-0.01	22	52030	卖盘
14:50:00	23.66	0.02	16	37856	中性盘
14:49:51	23.64	-0.03	28	66192	卖盘
14:49:45	23.67	0.02	14	34179	买盘
14:49:39	23.65	-0.01	22	52030	买盘
14:49:33	23.66	-0.01	30	70980	卖盘
14:49:30	23.67	0.02	27	63909	买盘
14:49:27	23.65	-0.01	28	67544	卖盘
14:49:24	23.66	--	5	11830	卖盘
14:49:21	23.66	0.01	9	22335	买盘
14:49:18	23.65	--	74	175010	买盘
14:49:15	23.65	-0.01	6	14190	卖盘
14:49:12	23.66	0.01	11	26026	买盘
14:49:09	23.65	-0.01	35	82775	卖盘
14:49:06	23.66	0.01	5	11830	买盘
14:49:03	23.65	--	15	35475	卖盘
14:48:57	23.65	--	38	89870	卖盘
14:48:54	23.65	--	115	271975	买盘
14:48:51	23.65	--	13	30744	买盘
14:48:48	23.65	--	36	85140	买盘
14:48:42	23.65	--	8	18920	买盘
14:48:39	23.65	--	27	63854	卖盘
14:48:36	23.65	--	3	7095	卖盘
14:48:30	23.65	--	10	23650	卖盘
14:48:27	23.65	--	10	23650	卖盘
14:48:24	23.65	0.01	7	16555	买盘
14:48:21	23.64	-0.01	47	111108	卖盘
14:48:18	23.65	0.01	34	80410	买盘
14:48:09	23.64	-0.01	6	14184	卖盘
14:48:03	23.65	--	1	2365	买盘
14:47:51	23.65	--	4	9460	买盘
14:47:45	23.65	0.01	3	7095	买盘
14:47:42	23.64	-0.01	5	11820	卖盘
14:47:30	23.65	0.01	24	56760	买盘
14:47:27	23.64	--	3	7092	卖盘
14:47:24	23.64	-0.01	20	47280	卖盘
14:47:09	23.65	0.01	21	49665	买盘
14:47:06	23.64	--	1	2364	卖盘
14:47:03	23.64	--	19	44916	买盘
14:47:00	23.64	0.01	24	56736	买盘
14:46:57	23.63	--	1	2363	卖盘
14:46:51	23.63	--	5	11815	卖盘
14:46:48	23.63	--	9	21267	卖盘
14:46:45	23.63	-0.01	30	70890	卖盘
14:46:42	23.64	0.01	5	11820	买盘
14:46:39	23.63	--	63	148869	买盘
14:46:33	23.63	--	10	23630	买盘
14:46:30	23.63	--	4	9452	买盘
14:46:27	23.63	--	14	33082	卖盘
14:46:24	23.63	--	11	25993	买盘
14:46:21	23.63	--	26	61438	买盘
14:46:18	23.63	0.01	12	28356	买盘
14:46:15	23.62	--	41	96842	卖盘
14:46:03	23.62	--	10	23620	卖盘
14:46:00	23.62	-0.01	16	37792	卖盘
14:45:51	23.63	--	31	73253	买盘
14:45:48	23.63	--	2	4726	买盘
14:45:33	23.63	--	7	16541	买盘
14:45:09	23.63	--	34	80342	买盘
14:45:06	23.63	--	13	30719	卖盘
14:45:00	23.63	-0.01	40	94520	卖盘
14:44:57	23.64	0.01	7	16548	买盘
14:44:54	23.63	-0.02	4	9452	卖盘
14:44:51	23.65	0.02	15	35475	买盘
14:44:48	23.63	--	1	2363	卖盘
14:44:36	23.63	-0.01	10	23630	卖盘
14:44:33	23.64	-0.01	11	26004	卖盘
14:44:27	23.65	-0.01	18	42570	卖盘
14:44:18	23.66	0.01	83	196378	买盘
14:44:00	23.65	--	30	70950	买盘
14:43:54	23.65	0.01	36	85140	买盘
14:43:51	23.64	--	10	23640	买盘
14:43:48	23.64	-0.01	7	16548	卖盘
14:43:45	23.65	--	9	21285	买盘
14:43:36	23.65	-0.01	32	75680	卖盘
14:43:30	23.66	--	6	14196	买盘
14:43:24	23.66	0.01	27	63882	买盘
14:43:18	23.65	--	5	11825	卖盘
14:43:15	23.65	--	55	130074	买盘
14:43:12	23.65	0.01	1	2365	买盘
14:43:09	23.64	--	1	2364	卖盘
14:43:00	23.64	0.01	13	30732	买盘
14:42:57	23.63	-0.01	4	9452	卖盘
14:42:54	23.64	--	3	7092	买盘
14:42:48	23.64	0.01	11	26004	买盘
14:42:36	23.63	--	6	14178	卖盘
14:42:33	23.63	--	32	75616	买盘
14:42:27	23.63	--	2	4726	买盘
14:42:24	23.63	0.01	2	4726	买盘
14:42:21	23.62	--	17	40154	买盘
14:42:18	23.62	--	5	11810	中性盘
14:42:15	23.62	--	4	9448	卖盘
14:42:12	23.62	-0.01	2	4724	卖盘
14:42:09	23.63	0.01	10	23630	买盘
14:42:00	23.62	--	24	56688	买盘
14:41:57	23.62	0.01	5	11810	买盘
14:41:51	23.61	-0.01	10	23610	卖盘
14:41:48	23.62	0.01	23	54326	买盘
14:41:45	23.61	--	5	11805	卖盘
14:41:39	23.61	--	10	23610	卖盘
14:41:30	23.61	-0.01	1	2361	卖盘
14:41:27	23.62	0.01	16	37792	买盘
14:41:21	23.61	0.01	13	32251	买盘
14:41:18	23.6	--	4	9440	卖盘
14:41:12	23.6	-0.01	5	11800	卖盘
14:41:09	23.61	--	6	14166	买盘
14:41:03	23.61	--	5	11805	买盘
14:40:54	23.61	0.03	11	25971	买盘
14:40:51	23.58	-0.01	9	21222	卖盘
14:40:48	23.59	-0.01	20	47180	卖盘
14:40:42	23.6	0.02	12	28320	买盘
14:40:39	23.58	-0.01	5	11790	卖盘
14:40:33	23.59	-0.02	2	4718	中性盘
14:40:30	23.61	--	4	9444	买盘
14:40:24	23.61	--	2	5524	卖盘
14:40:21	23.61	0.01	29	70027	买盘
14:40:18	23.6	-0.01	8	19682	卖盘
14:40:15	23.61	0.01	21	51139	买盘
14:40:12	23.6	--	35	82600	卖盘
14:40:03	23.6	--	10	23600	卖盘
14:40:00	23.6	0.02	8	18880	买盘
14:39:57	23.58	-0.02	44	103751	卖盘
14:39:54	23.6	--	33	77880	买盘
14:39:51	23.6	--	2	4720	买盘
14:39:48	23.6	--	21	49560	买盘
14:39:45	23.6	--	37	87320	买盘
14:39:42	23.6	--	7	16520	买盘
14:39:39	23.6	0.01	135	318600	买盘
14:39:33	23.59	-0.01	3	7077	卖盘
14:39:30	23.6	0.01	6	14160	买盘
14:39:27	23.59	--	22	51898	卖盘
14:39:24	23.59	0.02	62	146258	买盘
14:39:21	23.57	0.01	7	16499	中性盘
14:39:18	23.56	--	5	11780	卖盘
14:39:15	23.56	0.04	6	14136	卖盘
14:39:09	23.52	-0.04	28	65856	卖盘
14:39:06	23.56	--	50	117800	买盘
14:39:00	23.56	-0.01	5	11780	卖盘
14:38:57	23.57	0.01	41	96637	卖盘
14:38:54	23.56	-0.03	53	124868	卖盘
14:38:48	23.59	--	4	9436	买盘
14:38:45	23.59	0.01	120	283080	买盘
14:38:42	23.58	-0.02	25	58949	卖盘
14:38:36	23.6	--	3	7080	卖盘
14:38:33	23.6	--	2	4720	卖盘
14:38:30	23.6	--	51	120360	卖盘
14:38:24	23.6	-0.03	31	73160	卖盘
14:38:15	23.63	--	5	11815	卖盘
14:38:12	23.63	-0.03	70	165410	卖盘
14:38:09	23.66	0.03	47	111202	买盘
14:38:06	23.63	--	9	21267	卖盘
14:38:03	23.63	-0.04	122	288286	卖盘
14:37:57	23.67	0.01	10	23670	买盘
14:37:54	23.66	--	78	184548	卖盘
14:37:45	23.66	-0.01	60	141960	卖盘
14:37:42	23.67	-0.01	49	115983	卖盘
14:37:39	23.68	-0.01	3	7104	中性盘
14:37:33	23.69	-0.01	113	267697	中性盘
14:37:30	23.7	0.01	10	23700	中性盘
14:37:24	23.69	--	10	23690	买盘
14:37:21	23.69	-0.01	76	180044	卖盘
14:37:18	23.7	0.02	67	158790	买盘
14:37:12	23.68	-0.02	124	293632	卖盘
14:37:09	23.7	0.01	40	94800	买盘
14:37:06	23.69	--	22	52118	卖盘
14:37:03	23.69	-0.02	6	14214	卖盘
14:37:00	23.71	0.02	10	23710	买盘
14:36:57	23.69	--	6	14214	卖盘
14:36:51	23.69	-0.01	40	94760	卖盘
14:36:45	23.7	-0.02	31	73470	卖盘
14:36:33	23.72	--	6	14232	卖盘
14:36:30	23.72	0.02	76	180272	买盘
14:36:27	23.7	-0.01	30	71100	卖盘
14:36:24	23.71	0.01	28	66388	买盘
14:36:21	23.7	--	30	71100	卖盘
14:36:18	23.7	--	2	4740	卖盘
14:36:12	23.7	0.01	10	23700	卖盘
14:36:06	23.69	--	1	2369	买盘
14:35:57	23.69	-0.02	66	156354	卖盘
14:35:54	23.71	0.01	5	11855	买盘
14:35:51	23.7	--	22	52140	买盘
14:35:45	23.7	--	1	2370	买盘
14:35:33	23.7	--	2	4740	买盘
14:35:30	23.7	--	2	4740	卖盘
14:35:27	23.7	--	30	71100	卖盘
14:35:15	23.7	--	5	11850	卖盘
14:35:09	23.7	--	12	28440	卖盘
14:35:06	23.7	--	10	23700	卖盘
14:35:00	23.7	--	10	23700	卖盘
14:34:51	23.7	--	18	42660	卖盘
14:34:48	23.7	--	6	14220	买盘
14:34:42	23.7	--	13	30810	买盘
14:34:39	23.7	--	9	21330	买盘
14:34:33	23.7	0.01	5	11850	买盘
14:34:21	23.69	-0.01	1	2369	卖盘
14:34:18	23.7	0.01	4	9480	买盘
14:34:15	23.69	--	2	4738	买盘
14:34:09	23.69	--	22	52118	买盘
14:34:06	23.69	0.01	10	23690	买盘
14:33:57	23.68	-0.01	157	371776	卖盘
14:33:54	23.69	--	15	35535	买盘
14:33:51	23.69	--	10	23690	买盘
14:33:48	23.69	0.01	3	7107	买盘
14:33:42	23.68	--	1	2368	卖盘
14:33:39	23.68	--	11	26048	卖盘
14:33:33	23.68	--	14	33152	买盘
14:33:27	23.68	--	10	23680	买盘
14:33:24	23.68	-0.01	6	14208	买盘
14:33:15	23.69	0.01	8	18952	买盘
14:33:12	23.68	--	19	44992	卖盘
14:33:03	23.68	-0.01	30	71040	卖盘
14:32:57	23.69	--	103	244007	买盘
14:32:51	23.69	--	5	11845	卖盘
14:32:48	23.69	0.01	5	11845	中性盘
14:32:42	23.68	-0.01	33	78144	卖盘
14:32:39	23.69	0.01	5	11845	买盘
14:32:36	23.68	--	1	2368	卖盘
14:32:33	23.68	--	8	18944	卖盘
14:32:15	23.68	-0.01	30	71040	卖盘
14:32:09	23.69	--	4	9476	买盘
14:32:03	23.69	-0.01	5	11845	卖盘
14:31:57	23.7	--	33	78210	买盘
14:31:54	23.7	--	1	2370	买盘
14:31:51	23.7	--	4	9480	卖盘
14:31:45	23.7	--	31	73470	卖盘
14:31:39	23.7	-0.01	16	37920	卖盘
14:31:27	23.71	--	4	9484	卖盘
14:31:24	23.71	-0.01	5	11855	卖盘
14:31:21	23.72	-0.01	2	4744	买盘
14:31:18	23.73	0.01	55	130515	买盘
14:31:12	23.72	--	24	56928	卖盘
14:30:54	23.72	-0.01	30	71160	卖盘
14:30:51	23.73	--	5	11865	买盘
14:30:45	23.73	-0.02	5	11865	卖盘
14:30:30	23.75	0.03	1	2375	买盘
14:30:21	23.72	--	4	9488	卖盘
14:30:12	23.72	-0.03	3	7116	卖盘
14:30:06	23.75	--	9	21375	卖盘
14:30:03	23.75	-0.01	42	99750	卖盘
14:29:54	23.76	--	11	26136	卖盘
14:29:51	23.76	-0.01	1	2376	卖盘
14:29:48	23.77	-0.01	1	2377	买盘
14:29:45	23.78	0.01	15	35670	买盘
14:29:42	23.77	-0.01	10	23770	卖盘
14:29:39	23.78	--	1	2378	买盘
14:29:36	23.78	0.01	8	19024	买盘
14:29:33	23.77	-0.01	13	30901	卖盘
14:29:30	23.78	--	24	57072	买盘
14:29:21	23.78	--	2	4756	买盘
14:29:15	23.78	-0.01	49	116522	卖盘
14:29:12	23.79	0.01	12	28548	买盘
14:29:09	23.78	--	5	11890	卖盘
14:29:06	23.78	--	5	11890	卖盘
14:29:03	23.78	-0.01	14	33292	卖盘
14:29:00	23.79	--	10	23790	卖盘
14:28:57	23.79	0.01	75	178425	买盘
14:28:54	23.78	--	50	118900	卖盘
14:28:51	23.78	--	28	66584	卖盘
14:28:45	23.78	-0.01	20	47560	卖盘
14:28:39	23.79	--	2	4758	买盘
14:28:36	23.79	--	28	66612	买盘
14:28:33	23.79	0.01	6	14274	买盘
14:28:30	23.78	--	10	23780	卖盘
14:28:24	23.78	--	45	107010	买盘
14:28:18	23.78	-0.01	3	7134	卖盘
14:28:15	23.79	0.01	14	33306	买盘
14:28:12	23.78	--	8	19024	买盘
14:28:09	23.78	-0.01	12	28536	卖盘
14:28:06	23.79	--	3	7137	买盘
14:28:03	23.79	0.02	3	7137	买盘
14:28:00	23.77	-0.01	20	47540	卖盘
14:27:51	23.78	-0.01	5	11890	买盘
14:27:45	23.79	--	26	61854	买盘
14:27:39	23.79	0.01	40	95160	买盘
14:27:36	23.78	-0.01	2	4756	中性盘
14:27:27	23.79	0.02	6	14274	买盘
14:27:21	23.77	--	40	95080	卖盘
14:27:15	23.77	-0.03	1	2377	中性盘
14:27:06	23.8	0.06	585	1392300	买盘
14:27:03	23.74	-0.01	113	268262	卖盘
14:26:51	23.75	0.01	13	30875	买盘
14:26:36	23.74	--	5	11870	卖盘
14:26:33	23.74	0.03	127	301498	买盘
14:26:30	23.71	--	8	18968	卖盘
14:26:27	23.71	--	5	11855	卖盘
14:26:24	23.71	--	46	109066	买盘
14:26:21	23.71	--	1	2371	买盘
14:26:18	23.71	--	5	11855	买盘
14:26:15	23.71	--	3	7113	卖盘
14:26:12	23.71	--	17	40307	买盘
14:26:09	23.71	--	14	33194	买盘
14:26:06	23.71	--	5	11855	买盘
14:26:03	23.71	--	1	2371	卖盘
14:26:00	23.71	--	80	189680	卖盘
14:25:57	23.71	--	13	30823	卖盘
14:25:54	23.71	-0.01	29	68759	卖盘
14:25:51	23.72	0.01	10	23720	买盘
14:25:48	23.71	-0.01	14	33194	卖盘
14:25:45	23.72	--	2	4744	买盘
14:25:24	23.72	--	5	11860	卖盘
14:25:21	23.72	--	10	23720	卖盘
14:25:18	23.72	--	5	11860	卖盘
14:25:12	23.72	--	10	23720	卖盘
14:25:06	23.72	-0.02	15	35580	卖盘
14:25:03	23.74	0.02	6	14243	中性盘
14:25:00	23.72	-0.03	74	175528	卖盘
14:24:51	23.75	--	2	4750	买盘
14:24:45	23.75	--	6	14250	卖盘
14:24:42	23.75	--	29	68875	卖盘
14:24:39	23.75	--	20	47500	卖盘
14:24:30	23.75	--	14	33250	卖盘
14:24:27	23.75	--	3	7125	卖盘
14:24:21	23.75	--	5	11875	卖盘
14:24:09	23.75	-0.03	10	23750	卖盘
14:24:06	23.78	--	24	57072	买盘
14:24:00	23.78	--	4	9512	买盘
14:23:57	23.78	--	3	7134	买盘
14:23:51	23.78	--	1	2378	买盘
14:23:48	23.78	--	54	128412	卖盘
14:23:45	23.78	-0.01	10	23780	卖盘
14:23:39	23.79	--	11	26169	买盘
14:23:36	23.79	--	1	2379	买盘
14:23:33	23.79	--	5	11895	买盘
14:23:30	23.79	--	4	9516	买盘
14:23:27	23.79	--	15	35685	卖盘
14:23:24	23.79	--	91	216489	卖盘
14:23:21	23.79	--	20	47580	卖盘
14:23:18	23.79	--	10	23790	卖盘
14:23:15	23.79	-0.01	1	2379	卖盘
14:23:12	23.8	--	33	78540	买盘
14:23:06	23.8	--	2	4760	买盘
14:23:03	23.8	0.01	14	33320	买盘
14:22:54	23.79	--	4	9516	卖盘
14:22:48	23.79	--	9	21411	卖盘
14:22:45	23.79	-0.01	32	76128	卖盘
14:22:42	23.8	--	52	123760	买盘
14:22:36	23.8	0.01	5	11900	买盘
14:22:33	23.79	-0.01	2	4758	卖盘
14:22:27	23.8	--	34	80920	买盘
14:22:21	23.8	0.01	12	28560	买盘
14:22:15	23.79	-0.01	9	21411	卖盘
14:22:12	23.8	0.01	26	61880	买盘
14:22:09	23.79	--	3	7137	卖盘
14:22:06	23.79	--	6	14274	卖盘
14:22:03	23.79	--	1	2379	卖盘
14:22:00	23.79	--	5	11895	卖盘
14:21:57	23.79	-0.01	50	118950	卖盘
14:21:54	23.8	0.01	8	19040	买盘
14:21:48	23.79	--	8	19032	买盘
14:21:45	23.79	--	3	7137	卖盘
14:21:36	23.79	--	10	23790	卖盘
14:21:33	23.79	0.01	26	61854	买盘
14:21:30	23.78	-0.01	15	35670	卖盘
14:21:27	23.79	--	56	133224	买盘
14:21:18	23.79	0.01	39	92781	买盘
14:21:15	23.78	--	12	28536	卖盘
14:21:12	23.78	--	8	19024	卖盘
14:21:09	23.78	-0.01	3	7134	卖盘
14:21:06	23.79	--	5	11895	买盘
14:20:57	23.79	0.01	63	149877	买盘
14:20:51	23.78	-0.01	20	47560	卖盘
14:20:48	23.79	0.01	4	9516	买盘
14:20:33	23.78	--	17	40426	卖盘
14:20:30	23.78	--	14	33292	卖盘
14:20:21	23.78	--	29	68962	卖盘
14:20:18	23.78	--	24	57072	卖盘
14:20:15	23.78	--	41	97498	买盘
14:20:06	23.78	0.02	12	28536	买盘
14:20:00	23.76	--	62	147312	卖盘
14:19:57	23.76	-0.02	5	11880	卖盘
14:19:54	23.78	0.02	9	21402	买盘
14:19:51	23.76	-0.02	9	21384	卖盘
14:19:45	23.78	--	20	47560	买盘
14:19:36	23.78	0.01	10	23780	买盘
14:19:30	23.77	--	16	38032	买盘
14:19:18	23.77	--	6	14262	卖盘
14:19:15	23.77	-0.01	5	11885	卖盘
14:19:09	23.78	0.01	6	14268	买盘
14:19:06	23.77	-0.01	5	11885	卖盘
14:18:57	23.78	0.01	12	28536	买盘
14:18:54	23.77	--	5	11885	卖盘
14:18:51	23.77	-0.01	10	23770	卖盘
14:18:48	23.78	--	2	4756	买盘
14:18:42	23.78	0.01	9	21402	买盘
14:18:39	23.77	-0.01	13	30901	卖盘
14:18:36	23.78	--	9	21402	买盘
14:18:30	23.78	--	8	19024	买盘
14:18:24	23.78	-0.01	36	85608	卖盘
14:18:21	23.79	--	11	26169	买盘
14:18:18	23.79	0.01	6	14274	买盘
14:18:15	23.78	--	52	123656	卖盘
14:18:12	23.78	-0.01	1	2378	卖盘
14:18:06	23.79	0.01	1	2379	买盘
14:17:57	23.78	--	10	23780	卖盘
14:17:54	23.78	-0.01	9	21402	卖盘
14:17:51	23.79	0.01	5	11895	买盘
14:17:45	23.78	--	13	30914	卖盘
14:17:39	23.78	--	10	23780	卖盘
14:17:30	23.78	-0.01	2	4756	卖盘
14:17:27	23.79	0.01	23	54717	买盘
14:17:18	23.78	-0.01	1	2378	卖盘
14:17:15	23.79	--	25	59475	买盘
14:17:12	23.79	--	22	52338	买盘
14:17:09	23.79	--	14	33306	买盘
14:17:06	23.79	--	18	42822	买盘
14:17:03	23.79	0.01	25	59475	买盘
14:16:57	23.78	--	48	114144	卖盘
14:16:54	23.78	--	11	26158	卖盘
14:16:51	23.78	-0.01	50	118900	卖盘
14:16:42	23.79	0.01	25	59475	买盘
14:16:39	23.78	--	80	190240	卖盘
14:16:36	23.78	--	23	54694	买盘
14:16:33	23.78	--	5	11890	买盘
14:16:30	23.78	--	8	19024	卖盘
14:16:27	23.78	--	15	35670	卖盘
14:16:24	23.78	--	10	23780	卖盘
14:16:21	23.78	--	22	52316	卖盘
14:16:18	23.78	--	6	14268	卖盘
14:16:12	23.78	--	38	90364	卖盘
14:16:09	23.78	0.01	86	204508	买盘
14:16:06	23.77	--	1	2377	卖盘
14:16:03	23.77	-0.01	20	47540	卖盘
14:16:00	23.78	--	6	14268	买盘
14:15:57	23.78	--	2	4756	买盘
14:15:54	23.78	--	1	2378	买盘
14:15:51	23.78	--	4	9512	买盘
14:15:48	23.78	--	3	7134	买盘
14:15:39	23.78	--	5	11890	买盘
14:15:33	23.78	--	2	4756	卖盘
14:15:30	23.78	--	14	33292	卖盘
14:15:27	23.78	--	1	2378	卖盘
14:15:21	23.78	--	17	40426	卖盘
14:15:15	23.78	0.01	41	97498	买盘
14:15:06	23.77	--	29	68933	买盘
14:15:00	23.77	--	6	14262	买盘
14:14:57	23.77	--	6	14262	买盘
14:14:54	23.77	0.01	7	16639	中性盘
14:14:48	23.76	--	113	268488	卖盘
14:14:45	23.76	-0.01	14	33264	卖盘
14:14:42	23.77	--	22	52294	买盘
14:14:39	23.77	--	1	2377	买盘
14:14:30	23.77	-0.01	10	23770	中性盘
14:14:27	23.78	0.01	45	107010	买盘
14:14:24	23.77	-0.01	7	16639	卖盘
14:14:21	23.78	0.01	19	45182	中性盘
14:14:18	23.77	-0.01	22	52294	卖盘
14:14:15	23.78	--	4	9512	买盘
14:14:12	23.78	0.01	1	2378	买盘
14:14:09	23.77	-0.01	2	4754	卖盘
14:14:06	23.78	0.01	30	71340	买盘
14:14:03	23.77	--	5	11885	卖盘
14:13:54	23.77	--	7	16639	卖盘
14:13:51	23.77	--	4	9508	买盘
14:13:48	23.77	0.01	18	42786	买盘
14:13:42	23.76	-0.04	5	11880	卖盘
14:13:39	23.8	--	87	207060	买盘
14:13:36	23.8	0.02	228	542640	买盘
14:13:33	23.78	--	51	121278	买盘
14:13:30	23.78	--	23	54694	买盘
14:13:27	23.78	-0.01	44	104632	卖盘
14:13:24	23.79	-0.01	1	2379	买盘
14:13:21	23.8	0.01	19	45220	买盘
14:13:18	23.79	0.01	10	23790	买盘
14:13:15	23.78	-0.02	179	425662	卖盘
14:13:12	23.8	--	21	49980	买盘
14:13:09	23.8	--	5	11900	买盘
14:13:06	23.8	--	233	554540	买盘
14:13:00	23.8	--	66	157080	买盘
14:12:57	23.8	0.01	9	21420	买盘
14:12:51	23.79	--	83	197457	买盘
14:12:48	23.79	--	44	104676	买盘
14:12:39	23.79	--	20	47580	买盘
14:12:36	23.79	0.01	23	54717	买盘
14:12:33	23.78	--	12	28536	卖盘
14:12:30	23.78	--	12	28536	卖盘
14:12:27	23.78	--	22	52316	中性盘
14:12:24	23.78	-0.01	26	61828	中性盘
14:12:21	23.79	0.01	25	59475	买盘
14:12:18	23.78	0.02	50	118900	买盘
14:12:12	23.76	--	5	11880	卖盘
14:12:06	23.76	--	21	49896	买盘
14:12:00	23.76	--	9	21384	买盘
14:11:57	23.76	--	23	54648	买盘
14:11:54	23.76	--	10	23760	买盘
14:11:51	23.76	0.01	13	30888	买盘
14:11:48	23.75	-0.01	14	33250	卖盘
14:11:45	23.76	0.01	37	87912	买盘
14:11:42	23.75	--	84	199500	买盘
14:11:39	23.75	0.01	13	30875	买盘
14:11:33	23.74	--	2	4748	卖盘
14:11:30	23.74	--	5	11870	卖盘
14:11:21	23.74	--	35	83090	买盘
14:11:18	23.74	--	22	52228	买盘
14:11:12	23.74	--	20	47480	买盘
14:11:09	23.74	0.01	35	83090	买盘
14:11:06	23.73	--	56	132888	卖盘
14:11:00	23.73	0.01	24	56952	买盘
14:10:57	23.72	--	42	99624	买盘
14:10:54	23.72	--	10	23720	买盘
14:10:51	23.72	--	2	4744	买盘
14:10:48	23.72	--	5	11860	买盘
14:10:45	23.72	0.01	30	71160	买盘
14:10:42	23.71	-0.01	5	11855	卖盘
14:10:39	23.72	--	5	11860	买盘
14:10:30	23.72	0.01	39	92508	买盘
14:10:27	23.71	--	14	33194	买盘
14:10:24	23.71	--	30	71130	买盘
14:10:15	23.71	--	31	73501	卖盘
14:10:12	23.71	--	2	4742	卖盘
14:10:09	23.71	--	2	4742	卖盘
14:10:06	23.71	0.01	58	137518	买盘
14:09:48	23.7	--	2	4740	买盘
14:09:42	23.7	--	20	47400	买盘
14:09:36	23.7	0.01	3	7110	买盘
14:09:30	23.69	--	6	14214	买盘
14:09:24	23.69	0.02	24	56856	中性盘
14:09:18	23.67	-0.03	131	310077	卖盘
14:09:15	23.7	--	12	28440	买盘
14:09:06	23.7	0.02	19	45030	买盘
14:08:57	23.68	-0.01	15	35520	卖盘
14:08:54	23.69	0.02	14	33166	卖盘
14:08:45	23.67	--	45	106515	卖盘
14:08:42	23.67	--	38	89946	买盘
14:08:39	23.67	--	11	26037	买盘
14:08:33	23.67	-0.03	141	333747	卖盘
14:08:30	23.7	--	56	132720	买盘
14:08:27	23.7	0.02	25	59250	买盘
14:08:24	23.68	-0.02	13	30784	卖盘
14:08:21	23.7	0.02	22	52140	买盘
14:08:18	23.68	-0.02	4	9472	卖盘
14:08:15	23.7	0.01	2	4740	买盘
14:08:09	23.69	0.01	11	26059	中性盘
14:08:00	23.68	--	4	9472	买盘
14:07:54	23.68	0.01	10	23680	买盘
14:07:51	23.67	-0.02	1	2367	卖盘
14:07:42	23.69	--	2	4738	卖盘
14:07:39	23.69	0.03	8	18952	买盘
14:07:36	23.66	-0.02	151	357266	卖盘
14:07:33	23.68	--	10	23680	买盘
14:07:30	23.68	--	4	9472	买盘
14:07:27	23.68	0.01	10	23680	买盘
14:07:24	23.67	-0.01	63	149121	卖盘
14:07:18	23.68	0.01	6	14208	中性盘
14:07:06	23.67	-0.02	187	442629	卖盘
14:07:03	23.69	0.02	3	7107	买盘
14:06:57	23.67	-0.01	50	118350	卖盘
14:06:51	23.68	0.01	15	35520	买盘
14:06:48	23.67	--	25	59175	买盘
14:06:45	23.67	-0.01	19	44973	卖盘
14:06:42	23.68	0.01	6	14208	买盘
14:06:39	23.67	0.01	30	71010	中性盘
14:06:33	23.66	-0.01	60	141960	卖盘
14:06:30	23.67	--	1	2367	买盘
14:06:27	23.67	--	2	4734	买盘
14:06:24	23.67	--	5	11835	买盘
14:06:21	23.67	-0.02	4	9468	卖盘
14:06:18	23.69	0.01	10	23690	买盘
14:06:15	23.68	--	30	71040	买盘
14:06:12	23.68	--	1	2368	买盘
14:06:06	23.68	0.01	14	33152	买盘
14:05:57	23.67	-0.01	7	16569	买盘
14:05:54	23.68	--	10	23680	买盘
14:05:51	23.68	--	5	11840	买盘
14:05:48	23.68	0.02	184	435712	买盘
14:05:45	23.66	-0.01	46	108836	卖盘
14:05:42	23.67	-0.01	10	23670	卖盘
14:05:39	23.68	0.02	1	2368	买盘
14:05:33	23.66	--	5	11830	卖盘
14:05:30	23.66	-0.02	50	118300	卖盘
14:05:27	23.68	0.02	33	78144	买盘
14:05:24	23.66	-0.01	4	9464	卖盘
14:05:21	23.67	--	10	23670	买盘
14:05:15	23.67	--	11	26037	买盘
14:05:12	23.67	0.01	11	26037	买盘
14:05:09	23.66	--	7	16562	卖盘
14:05:03	23.66	--	12	28392	卖盘
14:05:00	23.66	--	15	35490	卖盘
14:04:57	23.66	--	3	7098	卖盘
14:04:54	23.66	-0.02	15	35490	卖盘
14:04:48	23.68	0.01	19	44992	买盘
14:04:42	23.67	-0.01	28	66276	卖盘
14:04:30	23.68	--	10	23680	买盘
14:04:27	23.68	0.01	9	21312	中性盘
14:04:18	23.67	-0.02	55	130185	卖盘
14:04:15	23.69	--	4	9476	买盘
14:04:09	23.69	--	25	59225	卖盘
14:04:03	23.69	--	33	78177	卖盘
14:04:00	23.69	--	30	71070	卖盘
14:03:51	23.69	--	7	16583	卖盘
14:03:48	23.69	-0.01	8	18952	卖盘
14:03:45	23.7	0.01	1	2370	买盘
14:03:39	23.69	--	20	47380	卖盘
14:03:33	23.69	--	21	49749	卖盘
14:03:27	23.69	-0.01	5	11845	卖盘
14:03:24	23.7	0.01	32	75840	买盘
14:03:15	23.69	-0.01	1	2369	卖盘
14:03:09	23.7	0.01	5	11850	买盘
14:03:06	23.69	-0.01	35	82915	卖盘
14:03:03	23.7	--	66	156420	卖盘
14:02:57	23.7	--	38	90060	卖盘
14:02:54	23.7	--	20	47400	卖盘
14:02:51	23.7	-0.01	12	28440	卖盘
14:02:48	23.71	--	60	142260	卖盘
14:02:45	23.71	--	6	14226	卖盘
14:02:42	23.71	--	4	9484	卖盘
14:02:39	23.71	0.01	8	18968	买盘
14:02:36	23.7	-0.02	8	18960	卖盘
14:02:33	23.72	--	8	18976	买盘
14:02:30	23.72	--	26	61672	买盘
14:02:24	23.72	-0.02	8	18976	卖盘
14:02:18	23.74	0.01	17	40358	买盘
14:02:15	23.73	0.01	3	7119	中性盘
14:02:09	23.72	-0.01	45	106740	卖盘
14:02:00	23.73	-0.01	6	14238	卖盘
14:01:57	23.74	--	3	7121	卖盘
14:01:48	23.74	-0.01	24	56975	卖盘
14:01:39	23.75	--	18	42750	卖盘
14:01:36	23.75	--	2	4750	卖盘
14:01:33	23.75	--	8	19000	卖盘
14:01:30	23.75	--	10	23750	卖盘
14:01:27	23.75	-0.01	27	64125	卖盘
14:01:24	23.76	--	2	4752	买盘
14:01:21	23.76	--	5	11880	买盘
14:01:18	23.76	-0.01	13	30888	卖盘
14:01:15	23.77	--	37	87949	买盘
14:01:09	23.77	-0.01	133	316141	卖盘
14:01:06	23.78	-0.01	1	2378	卖盘
14:01:03	23.79	-0.01	28	66612	中性盘
14:00:54	23.8	0.01	45	107100	买盘
14:00:48	23.79	--	37	88023	卖盘
14:00:45	23.79	--	1	2379	卖盘
14:00:42	23.79	-0.01	11	26169	卖盘
14:00:39	23.8	--	44	104720	卖盘
14:00:36	23.8	--	6	14280	卖盘
14:00:33	23.8	--	65	154700	卖盘
14:00:30	23.8	0.01	32	76160	买盘
14:00:27	23.79	--	4	9516	卖盘
14:00:24	23.79	-0.01	1	2379	卖盘
14:00:21	23.8	--	25	59500	买盘
14:00:18	23.8	--	22	52360	买盘
14:00:15	23.8	--	12	28560	中性盘
14:00:12	23.8	--	4	9520	卖盘
14:00:09	23.8	--	7	16660	买盘
14:00:06	23.8	--	10	23800	买盘
14:00:03	23.8	-0.01	3	7140	中性盘
14:00:00	23.81	0.01	85	202385	买盘
13:59:57	23.8	--	10	23800	卖盘
13:59:54	23.8	0.01	10	23800	中性盘
13:59:51	23.79	-0.01	16	38064	卖盘
13:59:48	23.8	0.01	40	95200	买盘
13:59:45	23.79	--	15	35685	卖盘
13:59:42	23.79	-0.01	40	95160	卖盘
13:59:39	23.8	0.01	28	66640	买盘
13:59:33	23.79	--	17	40443	卖盘
13:59:27	23.79	--	20	47580	卖盘
13:59:24	23.79	--	149	354471	卖盘
13:59:21	23.79	--	19	45201	卖盘
13:59:18	23.79	--	56	133224	卖盘
13:59:15	23.79	--	20	47580	卖盘
13:59:12	23.79	--	10	23790	卖盘
13:59:09	23.79	--	7	16653	卖盘
13:59:06	23.79	--	1	2379	卖盘
13:59:03	23.79	--	15	35685	卖盘
13:59:00	23.79	--	69	164151	买盘
13:58:57	23.79	0.01	6	14274	买盘
13:58:51	23.78	-0.01	1	2378	卖盘
13:58:48	23.79	--	4	9516	买盘
13:58:45	23.79	--	19	45201	买盘
13:58:42	23.79	--	54	128466	买盘
13:58:39	23.79	0.01	19	45201	买盘
13:58:36	23.78	-0.01	33	78474	卖盘
13:58:33	23.79	--	16	38064	买盘
13:58:30	23.79	0.01	21	49959	买盘
13:58:27	23.78	-0.01	5	11890	卖盘
13:58:24	23.79	--	30	71370	买盘
13:58:18	23.79	0.01	5	11895	买盘
13:58:15	23.78	--	2	4756	卖盘
13:58:12	23.78	--	3	7134	卖盘
13:58:09	23.78	0.01	72	171216	买盘
13:58:06	23.77	--	1	2377	买盘
13:57:57	23.77	--	30	71310	买盘
13:57:54	23.77	--	4	9508	买盘
13:57:51	23.77	-0.02	57	135489	卖盘
13:57:48	23.79	0.01	150	356850	买盘
13:57:45	23.78	--	14	33292	买盘
13:57:42	23.78	--	1	2378	买盘
13:57:39	23.78	--	7	16646	买盘
13:57:36	23.78	--	10	23780	卖盘
13:57:33	23.78	--	44	104632	卖盘
13:57:30	23.78	--	2	4756	卖盘
13:57:27	23.78	--	20	47560	卖盘
13:57:24	23.78	--	3	7134	卖盘
13:57:21	23.78	0.01	46	109388	买盘
13:57:18	23.77	-0.01	10	23770	卖盘
13:57:15	23.78	0.01	44	104632	买盘
13:57:12	23.77	-0.01	13	30901	卖盘
13:57:09	23.78	0.01	10	23780	买盘
13:57:06	23.77	--	10	23770	卖盘
13:57:03	23.77	--	7	16639	卖盘
13:57:00	23.77	--	17	40409	卖盘
13:56:57	23.77	--	52	123604	买盘
13:56:54	23.77	--	18	42786	买盘
13:56:48	23.77	--	10	23770	买盘
13:56:45	23.77	--	24	57048	买盘
13:56:42	23.77	--	26	61802	买盘
13:56:39	23.77	-0.01	23	54671	卖盘
13:56:36	23.78	0.01	40	95120	买盘
13:56:33	23.77	-0.01	35	83195	卖盘
13:56:30	23.78	--	7	16646	买盘
13:56:27	23.78	0.01	60	142680	买盘
13:56:24	23.77	0.01	15	35655	卖盘
13:56:18	23.76	-0.02	4	9504	中性盘
13:56:12	23.78	0.02	200	475600	买盘
13:56:09	23.76	--	20	47520	买盘
13:56:06	23.76	--	18	42768	卖盘
13:56:03	23.76	--	7	16632	卖盘
13:56:00	23.76	-0.01	1	2376	中性盘
13:55:57	23.77	0.01	37	87949	买盘
13:55:42	23.76	-0.02	8	19008	卖盘
13:55:39	23.78	0.01	39	92742	买盘
13:55:36	23.77	0.04	79	187783	买盘
13:55:33	23.73	-0.03	88	208824	卖盘
13:55:30	23.76	0.02	2	4752	买盘
13:55:27	23.74	--	8	18992	卖盘
13:55:18	23.74	0.01	1	2374	卖盘
13:55:15	23.73	-0.04	1	2373	卖盘
13:55:03	23.77	--	108	256716	卖盘
13:55:00	23.77	--	10	23770	卖盘
13:54:57	23.77	--	21	49917	卖盘
13:54:54	23.77	0.05	170	404090	买盘
13:54:51	23.72	--	3	7116	卖盘
13:54:45	23.72	-0.03	26	61672	卖盘
13:54:39	23.75	--	3	7125	买盘
13:54:36	23.75	--	3	7125	买盘
13:54:33	23.75	-0.01	22	52250	卖盘
13:54:30	23.76	-0.01	59	140184	卖盘
13:54:27	23.77	0.01	15	35655	买盘
13:54:24	23.76	-0.01	106	251856	卖盘
13:54:21	23.77	-0.02	2	4754	卖盘
13:54:18	23.79	--	57	135603	卖盘
13:54:15	23.79	0.02	197	468663	买盘
13:54:12	23.77	-0.02	61	144997	卖盘
13:54:09	23.79	--	4	9516	买盘
13:54:06	23.79	-0.01	17	40443	卖盘
13:54:03	23.8	--	19	45220	买盘
13:54:00	23.8	--	34	80920	买盘
13:53:57	23.8	--	122	290360	买盘
13:53:51	23.8	--	86	204680	卖盘
13:53:48	23.8	-0.02	47	111860	卖盘
13:53:45	23.82	0.02	106	252492	买盘
13:53:42	23.8	--	223	530740	卖盘
13:53:39	23.8	-0.02	38	90440	卖盘
13:53:36	23.82	0.01	36	85752	买盘
13:53:33	23.81	--	26	61906	买盘
13:53:30	23.81	-0.01	32	76192	卖盘
13:53:27	23.82	--	29	69078	买盘
13:53:24	23.82	--	11	26202	中性盘
13:53:21	23.82	-0.01	135	321570	卖盘
13:53:18	23.83	--	16	38128	买盘
13:53:12	23.83	-0.01	63	150129	卖盘
13:53:09	23.84	0.01	54	128736	买盘
13:53:06	23.83	--	12	28595	卖盘
13:53:03	23.83	--	29	69107	卖盘
13:53:00	23.83	--	88	209703	卖盘
13:52:57	23.83	--	258	614814	买盘
13:52:54	23.83	0.01	14	33362	买盘
13:52:51	23.82	-0.01	90	214380	中性盘
13:52:48	23.83	--	29	69107	买盘
13:52:45	23.83	0.01	145	345535	买盘
13:52:42	23.82	-0.01	113	269166	中性盘
13:52:39	23.83	0.02	37	88171	买盘
13:52:36	23.81	-0.01	39	92859	卖盘
13:52:33	23.82	0.01	25	59550	中性盘
13:52:30	23.81	--	63	150003	卖盘
13:52:27	23.81	-0.01	30	71430	卖盘
13:52:24	23.82	0.02	8	19056	买盘
13:52:21	23.8	-0.01	63	149940	卖盘
13:52:18	23.81	-0.01	51	121431	卖盘
13:52:15	23.82	-0.01	55	131010	中性盘
13:52:12	23.83	0.02	120	285960	买盘
13:52:09	23.81	0.01	124	295244	中性盘
13:52:06	23.8	--	66	157080	卖盘
13:52:03	23.8	--	66	157080	卖盘
13:52:00	23.8	--	79	188020	卖盘
13:51:57	23.8	--	42	99960	卖盘
13:51:54	23.8	-0.02	38	90440	卖盘
13:51:51	23.82	0.02	32	76224	买盘
13:51:48	23.8	--	140	333200	买盘
13:51:45	23.8	--	142	337960	买盘
13:51:42	23.8	-0.04	124	295120	买盘
13:51:39	23.84	0.04	232	553088	买盘
13:51:36	23.8	-0.04	298	709240	卖盘
13:51:33	23.84	--	86	205024	买盘
13:51:30	23.84	0.02	49	116816	买盘
13:51:27	23.82	-0.02	75	178650	卖盘
13:51:24	23.84	-0.01	81	193104	卖盘
13:51:21	23.85	--	78	186030	买盘
13:51:18	23.85	0.03	23	54855	买盘
13:51:15	23.82	-0.02	62	147684	卖盘
13:51:12	23.84	0.02	40	95360	买盘
13:51:09	23.82	--	26	61932	卖盘
13:51:06	23.82	--	29	69078	卖盘
13:51:03	23.82	0.02	165	393030	买盘
13:51:00	23.8	--	199	473620	买盘
13:50:57	23.8	--	372	885360	买盘
13:50:54	23.8	0.02	211	502180	买盘
13:50:51	23.78	--	27	64206	卖盘
13:50:48	23.78	-0.01	196	466088	卖盘
13:50:45	23.79	0.01	25	59475	买盘
13:50:42	23.78	--	141	335298	买盘
13:50:39	23.78	0.01	64	152192	买盘
13:50:36	23.77	--	32	76064	卖盘
13:50:33	23.77	--	31	73687	买盘
13:50:30	23.77	0.01	106	251962	买盘
13:50:27	23.76	--	38	90288	买盘
13:50:24	23.76	0.04	24	57024	买盘
13:50:21	23.72	0.02	36	85392	卖盘
13:50:18	23.7	--	51	120870	卖盘
13:50:15	23.7	0.02	291	689670	中性盘
13:50:12	23.68	-0.04	21	49728	卖盘
13:50:09	23.72	0.01	54	128088	买盘
13:50:06	23.71	0.03	320	758720	买盘
13:50:03	23.68	--	81	191808	卖盘
13:50:00	23.68	0.02	34	80512	买盘
13:49:57	23.66	--	5	11830	卖盘
13:49:54	23.66	--	13	30758	卖盘
13:49:51	23.66	--	10	23660	卖盘
13:49:48	23.66	--	8	18928	买盘
13:49:45	23.66	0.01	9	21294	买盘
13:49:39	23.65	--	1	2365	卖盘
13:49:36	23.65	0.02	122	288530	买盘
13:49:30	23.63	0.01	1	2363	买盘
13:49:27	23.62	-0.01	14	33068	卖盘
13:49:24	23.63	0.01	8	18904	买盘
13:49:21	23.62	--	178	420436	卖盘
13:49:15	23.62	0.01	18	42634	买盘
13:49:12	23.61	--	117	276237	卖盘
13:49:09	23.61	--	51	120411	卖盘
13:49:06	23.61	-0.01	80	188880	卖盘
13:49:03	23.62	0.02	58	136996	买盘
13:49:00	23.6	--	30	70800	卖盘
13:48:57	23.6	-0.01	102	240720	卖盘
13:48:54	23.61	--	15	35415	买盘
13:48:51	23.61	-0.01	17	40137	卖盘
13:48:48	23.62	0.01	18	42516	买盘
13:48:42	23.61	-0.01	19	44859	卖盘
13:48:39	23.62	--	1	2362	买盘
13:48:36	23.62	-0.03	120	285022	卖盘
13:48:33	23.65	--	10	24430	卖盘
13:48:30	23.65	-0.01	5	11825	卖盘
13:48:27	23.66	-0.01	20	47320	买盘
13:48:24	23.67	--	40	94680	买盘
13:48:21	23.67	0.01	103	243801	买盘
13:48:18	23.66	0.03	70	165620	中性盘
13:48:15	23.63	-0.05	4	9452	卖盘
13:48:12	23.68	--	44	104192	买盘
13:48:09	23.68	0.05	16	37888	买盘
13:48:06	23.63	-0.06	24	56712	卖盘
13:48:03	23.69	-0.01	38	90022	中性盘
13:48:00	23.7	0.01	75	177750	买盘
13:47:57	23.69	--	77	182413	买盘
13:47:54	23.69	0.04	38	90022	买盘
13:47:51	23.65	-0.05	134	316910	卖盘
13:47:48	23.7	-0.02	100	237000	卖盘
13:47:45	23.72	--	115	272780	买盘
13:47:42	23.72	0.02	88	208736	买盘
13:47:39	23.7	--	68	161160	卖盘
13:47:36	23.7	--	65	154050	卖盘
13:47:33	23.7	-0.02	29	68730	卖盘
13:47:30	23.72	0.02	61	144692	买盘
13:47:27	23.7	--	38	90060	买盘
13:47:24	23.7	0.01	15	35550	买盘
13:47:21	23.69	0.04	35	82915	买盘
13:47:18	23.65	-0.02	45	106425	卖盘
13:47:15	23.67	--	4	9468	卖盘
13:47:12	23.67	0.02	22	52074	买盘
13:47:09	23.65	0.03	203	480095	买盘
13:47:06	23.62	-0.01	128	302336	中性盘
13:47:03	23.63	--	15	35445	买盘
13:47:00	23.63	--	4	9452	买盘
13:46:57	23.63	0.04	35	82705	买盘
13:46:54	23.59	-0.01	91	214669	卖盘
13:46:51	23.6	--	27	63720	买盘
13:46:48	23.6	--	14	33040	买盘
13:46:45	23.6	0.01	50	118000	买盘
13:46:42	23.59	--	49	115591	买盘
13:46:39	23.59	0.01	8	18872	买盘
13:46:36	23.58	--	10	23580	买盘
13:46:33	23.58	0.01	16	37728	买盘
13:46:30	23.57	-0.01	16	37712	卖盘
13:46:27	23.58	0.02	16	37728	买盘
13:46:24	23.56	--	146	343976	卖盘
13:46:21	23.56	--	51	120156	卖盘
13:46:18	23.56	-0.01	90	212040	卖盘
13:46:15	23.57	0.03	198	466686	买盘
13:46:12	23.54	-0.01	124	291896	卖盘
13:46:09	23.55	-0.01	51	120105	卖盘
13:46:06	23.56	0.01	63	148428	买盘
13:46:03	23.55	--	52	122460	卖盘
13:46:00	23.55	-0.01	96	226080	卖盘
13:45:57	23.56	0.02	56	131936	买盘
13:45:54	23.54	-0.01	50	117700	卖盘
13:45:51	23.55	--	42	98910	买盘
13:45:48	23.55	0.01	23	54165	买盘
13:45:45	23.54	--	115	270710	买盘
13:45:42	23.54	--	45	105930	卖盘
13:45:39	23.54	--	76	178904	卖盘
13:45:36	23.54	--	12	28248	卖盘
13:45:33	23.54	--	66	155364	买盘
13:45:27	23.54	0.01	49	115346	买盘
13:45:24	23.53	--	10	23530	卖盘
13:45:21	23.53	0.03	63	148239	买盘
13:45:15	23.5	-0.01	20	47000	卖盘
13:45:12	23.51	--	2	4702	买盘
13:45:06	23.51	0.01	10	23510	买盘
13:45:03	23.5	--	7	16450	买盘
13:45:00	23.5	0.02	65	152750	买盘
13:44:57	23.48	-0.02	10	23480	卖盘
13:44:54	23.5	0.02	304	714400	买盘
13:44:51	23.48	--	31	72788	买盘
13:44:48	23.48	0.02	9	21132	买盘
13:44:42	23.46	-0.01	3	7038	卖盘
13:44:39	23.47	--	142	333274	买盘
13:44:36	23.47	--	44	103268	买盘
13:44:33	23.47	0.01	3	7041	买盘
13:44:30	23.46	--	4	9384	卖盘
13:44:27	23.46	--	54	126684	买盘
13:44:21	23.46	--	10	23460	买盘
13:44:18	23.46	0.01	7	16422	买盘
13:44:09	23.45	--	15	35175	买盘
13:44:06	23.45	--	9	21105	买盘
13:44:03	23.45	--	5	11725	买盘
13:44:00	23.45	--	5	11725	买盘
13:43:57	23.45	0.01	5	11725	买盘
13:43:51	23.44	0.01	16	37504	买盘
13:43:48	23.43	--	9	21087	卖盘
13:43:45	23.43	--	1	2343	卖盘
13:43:27	23.43	--	5	11715	买盘
13:43:24	23.43	--	2	4686	买盘
13:43:21	23.43	--	34	79662	买盘
13:43:18	23.43	--	4	9372	买盘
13:43:15	23.43	--	3	7029	买盘
13:43:12	23.43	--	10	23430	买盘
13:43:03	23.43	0.01	10	23430	买盘
13:43:00	23.42	--	2	4684	卖盘
13:42:57	23.42	--	2	4684	卖盘
13:42:54	23.42	--	16	37472	买盘
13:42:39	23.42	--	5	11710	买盘
13:42:09	23.42	0.01	8	18736	买盘
13:42:06	23.41	-0.01	13	30433	卖盘
13:42:03	23.42	0.01	15	35130	买盘
13:41:51	23.41	0.01	7	16387	买盘
13:41:48	23.4	-0.01	20	46800	卖盘
13:41:45	23.41	--	4	9364	买盘
13:41:33	23.41	--	15	35115	买盘
13:41:21	23.41	--	31	72571	卖盘
13:40:57	23.41	0.01	5	11705	中性盘
13:40:51	23.4	-0.01	184	430560	卖盘
13:40:48	23.41	--	25	58525	买盘
13:40:39	23.41	0.01	17	39797	买盘
13:40:30	23.4	--	5	11700	卖盘
13:40:21	23.4	--	5	11700	卖盘
13:40:18	23.4	-0.01	15	35100	卖盘
13:40:15	23.41	--	30	70230	买盘
13:40:12	23.41	--	2	4682	买盘
13:39:57	23.41	--	5	11705	买盘
13:39:54	23.41	0.01	4	9364	买盘
13:39:51	23.4	-0.01	31	72540	卖盘
13:39:48	23.41	0.01	3	7023	买盘
13:39:45	23.4	--	5	11700	卖盘
13:39:42	23.4	--	10	23400	卖盘
13:39:39	23.4	--	12	28080	卖盘
13:39:27	23.4	--	5	11700	卖盘
13:39:18	23.4	--	52	121679	卖盘
13:39:12	23.4	--	11	25740	卖盘
13:39:09	23.4	-0.01	24	56160	卖盘
13:39:06	23.41	--	9	21069	买盘
13:39:00	23.41	0.01	9	21069	买盘
13:38:48	23.4	-0.02	20	46800	卖盘
13:38:30	23.42	0.02	36	84312	买盘
13:38:24	23.4	--	500	1170000	卖盘
13:38:21	23.4	-0.01	7	16379	卖盘
13:38:00	23.41	--	5	11705	卖盘
13:37:54	23.41	--	7	16387	卖盘
13:37:39	23.41	--	5	11705	卖盘
13:37:33	23.41	--	11	25751	卖盘
13:37:21	23.41	--	100	234100	卖盘
13:37:15	23.41	--	5	11705	卖盘
13:36:54	23.41	--	7	16387	卖盘
13:36:42	23.41	-0.01	2	4682	卖盘
13:36:30	23.42	--	3	7026	卖盘
13:36:24	23.42	--	21	49182	卖盘
13:36:06	23.42	-0.01	10	23420	卖盘
13:36:03	23.43	0.01	12	28116	买盘
13:36:00	23.42	--	10	23420	卖盘
13:35:57	23.42	--	10	23420	卖盘
13:35:39	23.42	--	2	4684	卖盘
13:35:24	23.42	--	4	9368	卖盘
13:35:21	23.42	--	15	35130	卖盘
13:35:09	23.42	--	5	11710	卖盘
13:35:03	23.42	--	20	46840	卖盘
13:34:54	23.42	--	17	39814	卖盘
13:34:42	23.42	--	10	23420	卖盘
13:34:27	23.42	--	1	2342	卖盘
13:34:24	23.42	--	10	23420	卖盘
13:34:21	23.42	0.01	83	194386	买盘
13:34:03	23.41	-0.01	10	23410	卖盘
13:33:39	23.42	--	43	100706	买盘
13:33:33	23.42	--	69	161598	卖盘
13:33:12	23.42	--	1	2342	卖盘
13:33:06	23.42	--	4	9368	卖盘
13:33:03	23.42	--	2	4684	卖盘
13:33:00	23.42	0.01	19	44498	买盘
13:32:54	23.41	-0.01	5	11705	卖盘
13:32:48	23.42	0.01	4	9368	中性盘
13:32:36	23.41	-0.01	3	7023	卖盘
13:32:18	23.42	--	8	18736	买盘
13:32:06	23.42	--	42	98364	卖盘
13:32:03	23.42	--	5	11710	卖盘
13:31:45	23.42	-0.02	7	16394	卖盘
13:31:33	23.44	--	4	9376	买盘
13:31:18	23.44	0.01	7	16408	卖盘
13:30:57	23.43	0.01	3	7029	买盘
13:30:54	23.42	-0.05	5	11710	卖盘
13:30:39	23.47	0.05	73	171331	买盘
13:30:36	23.42	--	10	23420	卖盘
13:30:33	23.42	--	5	11710	卖盘
13:30:30	23.42	--	1	2342	卖盘
13:30:21	23.42	--	5	11710	卖盘
13:30:12	23.42	-0.02	43	100706	卖盘
13:30:03	23.44	0.02	14	32816	买盘
13:30:00	23.42	-0.03	10	23420	卖盘
13:29:45	23.45	--	3	7035	卖盘
13:29:42	23.45	--	15	35175	卖盘
13:29:39	23.45	0.04	32	75040	买盘
13:29:30	23.41	-0.01	20	46820	卖盘
13:29:24	23.42	--	2	4684	买盘
13:29:18	23.42	-0.04	6	14052	中性盘
13:28:57	23.46	0.05	74	173604	买盘
13:28:54	23.41	--	10	23410	卖盘
13:28:45	23.41	--	8	18728	买盘
13:28:30	23.41	--	21	49161	卖盘
13:28:27	23.41	-0.02	50	117050	卖盘
13:28:24	23.43	0.01	85	199155	买盘
13:28:21	23.42	--	18	42156	买盘
13:28:18	23.42	--	10	23420	买盘
13:28:06	23.42	0.01	14	32788	买盘
13:27:54	23.41	-0.01	5	11705	中性盘
13:27:45	23.42	0.01	122	285724	买盘
13:27:39	23.41	--	86	201326	买盘
13:27:36	23.41	-0.01	34	79594	卖盘
13:27:30	23.42	--	10	23420	买盘
13:27:27	23.42	0.01	4	9368	买盘
13:27:18	23.41	-0.01	10	23410	卖盘
13:27:03	23.42	--	2	4684	买盘
13:27:00	23.42	0.01	5	11710	买盘
13:26:54	23.41	--	26	60866	买盘
13:26:51	23.41	--	12	28092	买盘
13:26:42	23.41	--	5	11705	买盘
13:26:33	23.41	0.01	2	4682	买盘
13:26:15	23.4	0.02	1	2340	买盘
13:26:12	23.38	--	9	21042	卖盘
13:26:06	23.38	--	1	2338	卖盘
13:25:54	23.38	--	37	86506	买盘
13:25:48	23.38	0.01	20	46760	买盘
13:25:45	23.37	--	3	7011	卖盘
13:25:36	23.37	-0.01	5	11685	卖盘
13:25:33	23.38	--	3	7014	买盘
13:25:27	23.38	--	6	14028	买盘
13:25:15	23.38	0.01	11	25718	买盘
13:25:09	23.37	--	4	9348	卖盘
13:25:00	23.37	--	6	14022	卖盘
13:24:57	23.37	--	4	9348	买盘
13:24:51	23.37	--	5	11685	买盘
13:24:39	23.37	-0.01	14	32718	中性盘
13:24:18	23.38	0.01	40	93520	买盘
13:24:03	23.37	0.01	10	23370	买盘
13:23:51	23.36	--	10	23360	卖盘
13:23:39	23.36	-0.02	5	11680	卖盘
13:23:30	23.38	--	3	7014	买盘
13:23:24	23.38	0.02	15	35070	买盘
13:23:21	23.36	-0.02	8	18688	卖盘
13:23:03	23.38	--	1	2338	买盘
13:22:57	23.38	--	4	9352	卖盘
13:22:45	23.38	-0.04	1	2338	卖盘
13:22:09	23.42	0.06	1	2342	买盘
13:22:03	23.36	-0.06	77	179872	卖盘
13:21:48	23.42	--	11	25762	卖盘
13:21:45	23.42	0.03	154	360668	买盘
13:21:30	23.39	--	2	4678	买盘
13:21:18	23.39	-0.01	76	177764	卖盘
13:21:09	23.4	0.01	10	23400	买盘
13:21:06	23.39	--	1	2339	卖盘
13:21:00	23.39	--	1	2339	卖盘
13:20:57	23.39	0.01	38	88882	买盘
13:20:48	23.38	-0.01	10	23380	卖盘
13:20:39	23.39	0.01	6	14034	买盘
13:20:15	23.38	0.02	20	46760	买盘
13:20:06	23.36	--	5	11680	卖盘
13:19:39	23.36	--	5	11680	卖盘
13:19:36	23.36	-0.02	4	9344	卖盘
13:19:30	23.38	0.03	1	2338	买盘
13:19:24	23.35	-0.01	23	53705	卖盘
13:19:15	23.36	--	10	23360	买盘
13:19:06	23.36	--	11	25696	买盘
13:19:00	23.36	--	20	46720	买盘
13:18:57	23.36	--	5	11680	买盘
13:18:45	23.36	-0.01	54	126144	卖盘
13:18:36	23.37	--	6	14022	卖盘
13:18:30	23.37	0.01	59	137883	买盘
13:18:21	23.36	-0.01	7	16352	卖盘
13:18:15	23.37	--	6	14022	中性盘
13:18:09	23.37	--	1	2337	买盘
13:17:57	23.37	--	19	44403	买盘
13:17:33	23.37	--	2	4674	卖盘
13:17:24	23.37	0.01	3	7011	买盘
13:17:21	23.36	-0.01	5	11680	卖盘
13:17:12	23.37	-0.04	2	4674	卖盘
13:16:57	23.41	0.03	39	91299	买盘
13:16:51	23.38	0.02	6	14028	中性盘
13:16:39	23.36	-0.02	20	46720	卖盘
13:16:36	23.38	--	5	11690	买盘
13:16:33	23.38	--	10	23380	买盘
13:16:09	23.38	-0.03	12	28850	卖盘
13:16:03	23.41	0.01	38	88958	买盘
13:16:00	23.4	--	7	16379	买盘
13:15:57	23.4	0.02	10	23400	买盘
13:15:54	23.38	-0.02	3	7014	卖盘
13:15:48	23.4	0.01	10	23400	买盘
13:15:45	23.39	0.01	4	9356	中性盘
13:15:42	23.38	-0.02	6	14028	卖盘
13:15:30	23.4	0.01	2	4680	中性盘
13:15:27	23.39	--	1	2339	买盘
13:15:24	23.39	-0.04	10	23390	卖盘
13:15:12	23.43	0.01	10	23430	买盘
13:15:06	23.42	0.03	10	23420	中性盘
13:15:00	23.39	-0.04	4	9356	卖盘
13:14:57	23.43	--	7	16401	买盘
13:14:48	23.43	0.04	28	65604	买盘
13:14:45	23.39	0.01	9	21051	中性盘
13:14:36	23.38	-0.04	5	11690	卖盘
13:14:33	23.42	0.02	85	200615	买盘
13:14:30	23.4	--	10	23400	买盘
13:14:24	23.4	0.02	30	70200	买盘
13:14:18	23.38	--	11	25718	买盘
13:14:15	23.38	--	17	39746	买盘
13:14:09	23.38	--	9	21042	买盘
13:14:00	23.38	--	75	175350	买盘
13:13:48	23.38	0.06	50	116900	买盘
13:13:27	23.32	0.02	73	170236	买盘
13:13:24	23.3	--	1	2330	买盘
13:13:15	23.3	0.01	9	20970	买盘
13:13:12	23.29	--	29	67541	买盘
13:13:09	23.29	0.01	13	30277	买盘
13:12:54	23.28	--	10	23280	买盘
13:12:51	23.28	0.02	12	27936	中性盘
13:11:54	23.26	-0.02	98	227948	卖盘
13:11:51	23.28	-0.01	2	4656	中性盘
13:11:27	23.29	-0.01	19	44251	卖盘
13:11:12	23.3	--	5	11650	买盘
13:10:51	23.3	-0.01	23	53590	卖盘
13:10:39	23.31	--	2	4662	买盘
13:10:00	23.31	0.01	3	6993	买盘
13:09:54	23.3	-0.01	2	4660	卖盘
13:09:42	23.31	--	10	23310	买盘
13:09:39	23.31	-0.01	6	13986	中性盘
13:09:12	23.32	0.02	15	34980	买盘
13:09:00	23.3	--	8	18640	买盘
13:08:54	23.3	--	1	2330	卖盘
13:08:30	23.3	--	11	25630	卖盘
13:08:24	23.3	--	10	23300	卖盘
13:08:06	23.3	--	4	9320	卖盘
13:08:00	23.3	-0.02	1	2330	卖盘
13:07:42	23.32	0.02	33	76956	买盘
13:07:36	23.3	-0.02	6	13980	卖盘
13:07:30	23.32	--	2	4664	买盘
13:07:09	23.32	-0.01	13	30316	卖盘
13:07:03	23.33	--	8	18664	买盘
13:06:54	23.33	0.01	1	2333	中性盘
13:06:42	23.32	-0.01	23	53636	卖盘
13:06:39	23.33	--	6	13997	买盘
13:06:36	23.33	0.01	5	11665	买盘
13:06:09	23.32	0.02	13	30316	买盘
13:05:39	23.3	0.03	16	37280	买盘
13:05:27	23.27	--	4	9308	买盘
13:05:24	23.27	--	13	30251	买盘
13:05:15	23.27	-0.02	4	9308	卖盘
13:05:12	23.29	--	10	23290	买盘
13:05:09	23.29	--	11	25619	买盘
13:05:03	23.29	--	11	25619	买盘
13:05:00	23.29	--	14	32606	买盘
13:04:54	23.29	--	6	13974	买盘
13:04:51	23.29	--	2	4658	买盘
13:04:48	23.29	0.01	10	23290	买盘
13:04:45	23.28	-0.01	6	13968	卖盘
13:04:42	23.29	--	23	53567	买盘
13:04:39	23.29	--	11	25619	买盘
13:04:36	23.29	--	2	4658	买盘
13:04:24	23.29	--	13	30277	卖盘
13:04:21	23.29	0.01	8	18632	买盘
13:04:06	23.28	--	2	4656	买盘
13:03:57	23.28	0.01	10	23280	买盘
13:03:54	23.27	--	7	16289	卖盘
13:03:39	23.27	--	6	13962	卖盘
13:03:18	23.27	-0.01	10	23270	卖盘
13:02:57	23.28	--	1	2328	卖盘
13:02:30	23.28	0.01	11	25608	买盘
13:02:21	23.27	-0.01	10	23270	卖盘
13:02:15	23.28	--	6	13968	买盘
13:02:09	23.28	--	3	6984	买盘
13:02:00	23.28	--	1	2328	买盘
13:01:39	23.28	--	6	13968	买盘
13:01:21	23.28	--	1	2328	买盘
13:01:15	23.28	--	2	4656	买盘
13:00:54	23.28	0.01	1	2328	买盘
13:00:45	23.27	--	4	9308	卖盘
13:00:12	23.27	--	19	44213	卖盘
13:00:09	23.27	0.01	10	23270	中性盘
13:00:06	23.26	--	36	83736	中性盘
13:00:03	23.26	--	0	0	买盘
11:30:03	23.26	--	1	2326	买盘
11:29:45	23.26	--	1	2326	买盘
11:29:42	23.26	--	1	2326	买盘
11:29:39	23.26	--	5	11630	卖盘
11:29:36	23.26	-0.02	6	13956	卖盘
11:29:15	23.28	-0.02	43	100104	卖盘
11:29:12	23.3	0.02	113	263290	买盘
11:29:03	23.28	0.02	10	23280	买盘
11:28:54	23.26	-0.02	1	2326	卖盘
11:28:36	23.28	0.01	17	39576	卖盘
11:28:24	23.27	0.01	33	76791	买盘
11:28:21	23.26	--	43	100018	买盘
11:28:18	23.26	--	1	2326	买盘
11:28:06	23.26	0.02	1	2326	中性盘
11:27:45	23.24	-0.03	0	116	卖盘
11:27:42	23.27	0.01	15	34905	买盘
11:27:30	23.26	-0.01	3	6978	中性盘
11:27:18	23.27	0.01	21	48867	买盘
11:27:12	23.26	--	11	25586	卖盘
11:27:09	23.26	0.02	3	6978	买盘
11:26:48	23.24	--	4	9296	买盘
11:26:39	23.24	0.01	1	2324	买盘
11:26:36	23.23	-0.01	1	2323	卖盘
11:26:30	23.24	0.01	7	16267	买盘
11:26:27	23.23	-0.01	3	6969	卖盘
11:26:18	23.24	0.01	10	23240	买盘
11:26:12	23.23	-0.01	5	11615	卖盘
11:26:09	23.24	0.01	1	2324	买盘
11:25:48	23.23	--	2	4646	卖盘
11:25:12	23.23	--	21	48783	买盘
11:25:06	23.23	--	5	11615	买盘
11:25:00	23.23	--	1	2323	买盘
11:24:54	23.23	--	23	53429	买盘
11:24:51	23.23	0.01	6	13938	买盘
11:24:48	23.22	-0.01	36	83592	卖盘
11:24:45	23.23	0.01	10	23230	买盘
11:24:18	23.22	--	4	9288	卖盘
11:24:15	23.22	--	15	34830	卖盘
11:23:54	23.22	0.01	1	2322	买盘
11:23:42	23.21	-0.01	12	27852	卖盘
11:23:12	23.22	--	4	9288	卖盘
11:22:36	23.22	--	1	2322	卖盘
11:22:33	23.22	-0.01	10	23220	中性盘
11:21:57	23.23	0.01	5	11615	买盘
11:21:54	23.22	--	19	44118	买盘
11:21:48	23.22	-0.01	6	13932	卖盘
11:21:45	23.23	--	3	6969	买盘
11:21:42	23.23	--	5	11615	买盘
11:21:33	23.23	0.01	3	6969	买盘
11:21:18	23.22	--	5	11610	卖盘
11:21:09	23.22	0.01	7	16254	买盘
11:21:06	23.21	--	8	18568	卖盘
11:20:57	23.21	--	2	4642	买盘
11:20:54	23.21	0.01	10	23210	买盘
11:20:48	23.2	--	30	69600	卖盘
11:20:30	23.2	--	22	51040	买盘
11:20:27	23.2	--	6	13920	买盘
11:20:21	23.2	--	2	4640	买盘
11:20:09	23.2	--	3	6960	买盘
11:20:06	23.2	--	10	23200	买盘
11:20:00	23.2	--	1	2320	买盘
11:19:54	23.2	--	6	13920	买盘
11:19:51	23.2	--	5	11600	买盘
11:19:45	23.2	--	10	23200	买盘
11:19:42	23.2	0.01	12	27840	买盘
11:19:30	23.19	-0.01	2	4638	卖盘
11:19:27	23.2	--	2	4640	买盘
11:19:21	23.2	--	2	4640	买盘
11:19:15	23.2	--	5	11600	买盘
11:19:06	23.2	0.02	5	11600	买盘
11:18:57	23.18	--	4	9272	买盘
11:18:51	23.18	0.01	12	27816	买盘
11:18:48	23.17	-0.01	1	2317	卖盘
11:18:45	23.18	--	30	69540	买盘
11:18:36	23.18	--	20	46360	买盘
11:18:15	23.18	--	10	23180	买盘
11:18:12	23.18	--	2	4636	买盘
11:18:09	23.18	--	6	13908	买盘
11:18:06	23.18	0.01	10	23180	买盘
11:17:57	23.17	-0.01	5	11585	卖盘
11:17:51	23.18	--	28	64904	买盘
11:17:48	23.18	--	18	41724	买盘
11:17:42	23.18	0.01	18	41724	买盘
11:17:39	23.17	--	10	23170	卖盘
11:17:36	23.17	-0.01	10	23170	卖盘
11:17:30	23.18	0.01	5	11590	买盘
11:17:18	23.17	--	1	2317	买盘
11:17:15	23.17	--	5	11585	买盘
11:17:06	23.17	0.01	6	13902	买盘
11:17:03	23.16	-0.01	5	11580	卖盘
11:16:57	23.17	0.01	5	11585	买盘
11:16:42	23.16	--	1	2316	买盘
11:16:30	23.16	--	2	4632	卖盘
11:16:18	23.16	-0.01	2	4632	卖盘
11:16:15	23.17	0.01	5	11585	买盘
11:16:12	23.16	-0.01	10	23160	卖盘
11:16:09	23.17	--	10	23170	买盘
11:16:03	23.17	0.03	3	6951	买盘
11:15:57	23.14	-0.02	50	115700	卖盘
11:15:51	23.16	--	7	16212	买盘
11:15:42	23.16	--	3	6948	买盘
11:15:27	23.16	0.02	17	39372	买盘
11:15:24	23.14	--	1	2314	卖盘
11:15:21	23.14	--	4	9256	买盘
11:15:18	23.14	-0.02	16	37024	中性盘
11:15:06	23.16	0.06	5	11580	买盘
11:15:03	23.1	-0.02	440	1016400	卖盘
11:14:51	23.12	--	197	455464	卖盘
11:14:24	23.12	-0.01	45	104040	卖盘
11:14:21	23.13	--	30	69390	买盘
11:14:18	23.13	--	2	4626	买盘
11:14:15	23.13	--	77	178101	买盘
11:14:09	23.13	--	21	48573	卖盘
11:14:03	23.13	-0.04	264	610632	卖盘
11:13:57	23.17	0.01	2	4634	买盘
11:13:51	23.16	-0.01	5	11580	中性盘
11:13:24	23.17	-0.01	7	16219	卖盘
11:13:18	23.18	0.03	10	23180	买盘
11:13:09	23.15	-0.02	300	694500	卖盘
11:12:54	23.17	--	2	4634	买盘
11:12:51	23.17	--	5	11585	买盘
11:12:45	23.17	--	22	50974	买盘
11:12:42	23.17	--	1	2317	买盘
11:12:39	23.17	--	10	23170	买盘
11:12:36	23.17	--	6	13902	买盘
11:12:30	23.17	--	3	6951	买盘
11:12:24	23.17	--	20	46340	买盘
11:12:21	23.17	0.01	11	25487	买盘
11:12:12	23.16	-0.01	5	11580	卖盘
11:12:09	23.17	--	2	4634	买盘
11:12:06	23.17	0.01	2	4634	买盘
11:12:03	23.16	--	7	16212	卖盘
11:11:51	23.16	--	1	2316	卖盘
11:11:45	23.16	0.01	2	4632	买盘
11:11:36	23.15	-0.01	36	83340	中性盘
11:11:27	23.16	--	62	143592	卖盘
11:11:24	23.16	0.03	23	53268	买盘
11:11:18	23.13	--	2	4626	买盘
11:11:12	23.13	-0.03	36	83268	卖盘
11:11:09	23.16	0.01	94	217704	买盘
11:11:06	23.15	--	4	9260	买盘
11:11:03	23.15	--	5	11575	买盘
11:10:54	23.15	--	3	6945	买盘
11:10:51	23.15	-0.01	72	166680	卖盘
11:10:48	23.16	--	89	206124	卖盘
11:10:45	23.16	-0.01	105	243180	卖盘
11:10:36	23.17	--	11	25487	买盘
11:10:27	23.17	-0.01	73	169141	卖盘
11:10:24	23.18	0.01	18	41724	买盘
11:10:21	23.17	--	20	46340	卖盘
11:10:06	23.17	--	6	13902	卖盘
11:10:00	23.17	-0.02	3	6951	卖盘
11:09:57	23.19	0.02	19	44061	买盘
11:09:54	23.17	--	3	6951	卖盘
11:09:51	23.17	-0.02	12	27804	卖盘
11:09:45	23.19	0.03	2	4638	买盘
11:09:27	23.16	--	4	9264	卖盘
11:09:21	23.16	0.01	1	2316	买盘
11:09:18	23.15	--	25	57875	卖盘
11:09:15	23.15	--	29	67135	卖盘
11:09:12	23.15	--	5	11575	卖盘
11:09:09	23.15	--	36	83340	买盘
11:09:06	23.15	--	2	4630	买盘
11:09:03	23.15	--	7	16204	买盘
11:09:00	23.15	--	22	50930	买盘
11:08:51	23.15	--	6	13890	买盘
11:08:42	23.15	0.04	79	182885	买盘
11:08:39	23.11	0.02	10	23110	中性盘
11:08:21	23.09	0.01	2	4618	中性盘
11:08:18	23.08	-0.02	4	9232	卖盘
11:08:15	23.1	--	64	147840	买盘
11:08:12	23.1	0.02	35	80850	买盘
11:08:06	23.08	--	11	25387	中性盘
11:08:03	23.08	--	23	53083	买盘
11:08:00	23.08	0.01	58	133864	买盘
11:07:57	23.07	--	26	59982	卖盘
11:07:54	23.07	--	22	50754	卖盘
11:07:51	23.07	--	8	18456	卖盘
11:07:48	23.07	-0.01	3	6921	卖盘
11:07:45	23.08	--	41	94628	买盘
11:07:42	23.08	-0.02	5	11540	中性盘
11:07:36	23.1	0.03	8	18480	买盘
11:07:33	23.07	-0.01	28	64596	卖盘
11:07:30	23.08	--	15	34620	卖盘
11:07:27	23.08	--	15	34620	卖盘
11:07:24	23.08	-0.02	51	117707	卖盘
11:07:21	23.1	-0.05	336	776160	卖盘
11:07:15	23.15	--	25	57875	卖盘
11:07:12	23.15	-0.01	3	6945	卖盘
11:07:06	23.16	0.01	5	11580	买盘
11:07:03	23.15	-0.03	43	99545	卖盘
11:07:00	23.18	--	10	23180	买盘
11:06:57	23.18	--	10	23180	买盘
11:06:54	23.18	--	160	370880	卖盘
11:06:51	23.18	-0.01	50	115900	卖盘
11:06:48	23.19	-0.01	42	97398	卖盘
11:06:30	23.2	-0.02	200	464000	卖盘
11:06:24	23.22	--	10	23220	买盘
11:06:21	23.22	0.01	8	18576	买盘
11:06:15	23.21	-0.01	10	23210	卖盘
11:06:09	23.22	--	5	11610	买盘
11:06:06	23.22	-0.01	15	34830	卖盘
11:06:03	23.23	-0.02	32	74336	卖盘
11:05:57	23.25	0.01	50	116250	买盘
11:05:54	23.24	--	10	23240	买盘
11:05:51	23.24	--	10	23240	买盘
11:05:39	23.24	--	2	4648	买盘
11:05:33	23.24	--	7	16267	买盘
11:05:27	23.24	-0.01	13	30211	卖盘
11:05:24	23.25	0.01	50	116250	中性盘
11:05:12	23.24	-0.01	9	20916	卖盘
11:05:00	23.25	--	15	34875	买盘
11:04:57	23.25	0.05	14	32550	买盘
11:04:45	23.2	--	25	58000	买盘
11:04:42	23.2	-0.04	531	1231920	卖盘
11:04:30	23.24	0.01	6	13943	中性盘
11:04:18	23.23	-0.01	16	37168	卖盘
11:04:06	23.24	0.01	2	4648	买盘
11:04:00	23.23	--	20	46460	卖盘
11:03:57	23.23	-0.01	29	67367	卖盘
11:03:51	23.24	0.04	8	18592	中性盘
11:03:36	23.2	-0.03	300	696000	卖盘
11:03:27	23.23	-0.04	10	23230	卖盘
11:03:21	23.27	0.04	20	46540	买盘
11:03:15	23.23	-0.02	300	696900	卖盘
11:02:57	23.25	-0.03	255	592875	卖盘
11:02:54	23.28	0.01	20	46560	买盘
11:02:51	23.27	0.01	20	46540	卖盘
11:02:30	23.26	-0.01	15	34890	卖盘
11:02:27	23.27	0.01	32	74464	买盘
11:02:24	23.26	-0.01	7	16282	卖盘
11:02:18	23.27	0.01	2	4654	买盘
11:02:12	23.26	--	72	167472	卖盘
11:01:57	23.26	-0.01	75	174450	卖盘
11:01:51	23.27	--	7	16289	买盘
11:01:48	23.27	--	6	13962	买盘
11:01:36	23.27	--	94	218738	卖盘
11:01:30	23.27	--	10	23270	卖盘
11:01:00	23.27	--	1	2327	卖盘
11:00:48	23.27	--	5	11635	卖盘
11:00:42	23.27	--	5	11635	卖盘
11:00:39	23.27	--	1	2327	中性盘
11:00:24	23.27	--	18	41886	卖盘
11:00:09	23.27	-0.01	50	116350	卖盘
11:00:00	23.28	--	17	39576	卖盘
10:59:51	23.28	0.02	5	11640	中性盘
10:59:45	23.26	-0.01	164	381464	卖盘
10:59:42	23.27	--	117	272259	买盘
10:59:39	23.27	0.01	15	34905	中性盘
10:59:27	23.26	0.01	2	4652	中性盘
10:59:18	23.25	-0.03	236	548700	卖盘
10:59:15	23.28	0.01	84	195552	买盘
10:59:03	23.27	--	11	25597	买盘
10:58:57	23.27	--	18	41886	卖盘
10:58:51	23.27	--	20	46540	卖盘
10:58:48	23.27	-0.01	13	30251	卖盘
10:58:36	23.28	0.01	7	16296	中性盘
10:58:30	23.27	-0.01	50	116350	卖盘
10:58:27	23.28	-0.01	60	139680	卖盘
10:58:18	23.29	--	5	11645	买盘
10:58:12	23.29	0.01	20	46580	买盘
10:58:09	23.28	--	98	228144	卖盘
10:58:06	23.28	--	21	48888	卖盘
10:58:03	23.28	-0.01	19	44232	卖盘
10:57:57	23.29	--	4	9316	买盘
10:57:45	23.29	--	3	6987	买盘
10:57:42	23.29	-0.01	88	204952	卖盘
10:57:39	23.3	0.01	32	74560	买盘
10:57:30	23.29	--	1	2329	卖盘
10:57:27	23.29	-0.01	1	2329	卖盘
10:57:21	23.3	--	10	23300	买盘
10:57:18	23.3	--	20	46600	买盘
10:57:15	23.3	-0.01	148	344840	卖盘
10:57:12	23.31	--	22	51282	卖盘
10:57:09	23.31	--	4	9324	卖盘
10:57:06	23.31	--	10	23310	卖盘
10:57:00	23.31	--	5	11655	卖盘
10:56:48	23.31	--	16	37296	卖盘
10:56:39	23.31	-0.01	43	100233	卖盘
10:56:36	23.32	--	17	39644	卖盘
10:56:27	23.32	--	4	9328	卖盘
10:56:15	23.32	--	6	13992	买盘
10:56:12	23.32	--	5	11660	买盘
10:56:09	23.32	--	18	41976	卖盘
10:56:06	23.32	--	23	53636	卖盘
10:56:03	23.32	--	20	46640	卖盘
10:55:54	23.32	--	1	2332	卖盘
10:55:48	23.32	--	2	4664	卖盘
10:55:42	23.32	--	4	9328	卖盘
10:55:39	23.32	--	10	23320	卖盘
10:55:33	23.32	--	12	27984	卖盘
10:55:15	23.32	--	39	90948	卖盘
10:54:57	23.32	--	25	58300	卖盘
10:54:54	23.32	-0.01	10	23320	卖盘
10:54:45	23.33	--	8	18664	买盘
10:54:33	23.33	--	25	58324	卖盘
10:54:18	23.33	--	7	16330	卖盘
10:54:12	23.33	--	4	9332	买盘
10:53:51	23.33	--	1	2333	买盘
10:53:48	23.33	--	9	20997	买盘
10:53:33	23.33	--	5	11665	买盘
10:53:27	23.33	0.01	7	16330	买盘
10:53:24	23.32	-0.01	5	11660	卖盘
10:53:15	23.33	--	100	233299	买盘
10:53:09	23.33	0.02	9	20997	买盘
10:52:54	23.31	-0.01	1	2331	卖盘
10:52:48	23.32	0.01	5	11660	买盘
10:52:45	23.31	--	25	58275	卖盘
10:52:27	23.31	-0.02	46	107226	卖盘
10:52:18	23.33	--	5	11665	买盘
10:51:57	23.33	0.01	10	23330	买盘
10:51:36	23.32	--	13	30316	买盘
10:51:24	23.32	--	54	125928	买盘
10:51:09	23.32	--	48	111936	买盘
10:51:00	23.32	--	14	32648	买盘
10:50:57	23.32	--	21	48972	卖盘
10:50:42	23.32	--	15	34980	卖盘
10:50:36	23.32	-0.01	2	4664	卖盘
10:50:27	23.33	0.01	9	20997	买盘
10:50:24	23.32	-0.01	2	4664	卖盘
10:50:03	23.33	-0.01	10	23330	卖盘
10:49:15	23.34	--	3	7002	卖盘
10:48:54	23.34	0.01	7	16338	买盘
10:48:51	23.33	--	20	46660	卖盘
10:48:48	23.33	--	13	30328	卖盘
10:48:36	23.33	--	75	174975	卖盘
10:48:12	23.33	--	5	11665	卖盘
10:48:06	23.33	-0.01	10	23330	卖盘
10:48:00	23.34	--	30	70020	买盘
10:47:48	23.34	--	1	2334	买盘
10:47:45	23.34	--	1	2334	买盘
10:47:33	23.34	--	7	16338	买盘
10:47:18	23.34	-0.01	18	42012	卖盘
10:46:54	23.35	-0.02	15	35025	卖盘
10:46:42	23.37	0.02	50	116850	买盘
10:46:39	23.35	-0.02	1	2335	卖盘
10:46:33	23.37	0.03	3	7011	买盘
10:46:09	23.34	-0.03	24	56016	卖盘
10:46:06	23.37	0.02	25	58425	买盘
10:45:36	23.35	-0.01	3	7005	卖盘
10:45:18	23.36	-0.01	14	32704	卖盘
10:45:15	23.37	--	7	16359	买盘
10:44:42	23.37	0.01	5	11685	中性盘
10:44:12	23.36	--	1	2336	卖盘
10:44:09	23.36	--	6	14016	买盘
10:44:06	23.36	0.01	8	18688	买盘
10:44:03	23.35	-0.01	10	23350	卖盘
10:43:51	23.36	--	1	2336	卖盘
10:43:36	23.36	-0.03	2	4672	卖盘
10:43:15	23.39	0.04	4	9356	买盘
10:42:51	23.35	--	25	58375	卖盘
10:42:48	23.35	-0.01	19	44365	卖盘
10:42:45	23.36	0.01	2	4672	中性盘
10:42:21	23.35	--	58	135430	卖盘
10:41:27	23.35	-0.04	20	46700	卖盘
10:41:09	23.39	-0.01	2	4678	中性盘
10:41:00	23.4	--	10	23400	买盘
10:40:57	23.4	--	9	21060	买盘
10:40:45	23.4	--	5	11700	买盘
10:40:42	23.4	--	1	2340	买盘
10:40:39	23.4	--	54	126359	卖盘
10:40:30	23.4	--	5	11700	卖盘
10:40:00	23.4	0.05	25	58500	买盘
10:39:51	23.35	--	29	67715	买盘
10:39:39	23.35	0.02	11	25685	卖盘
10:39:09	23.33	--	10	23330	卖盘
10:39:03	23.33	--	28	65323	卖盘
10:39:00	23.33	-0.02	51	118982	卖盘
10:38:48	23.35	--	18	42030	买盘
10:38:45	23.35	--	16	37360	买盘
10:38:33	23.35	--	5	11675	买盘
10:38:27	23.35	--	2	4670	买盘
10:38:21	23.35	--	2	4670	买盘
10:38:15	23.35	--	3	7005	买盘
10:38:12	23.35	--	4	9340	买盘
10:38:06	23.35	0.02	39	91065	买盘
10:38:03	23.33	-0.02	4	9332	卖盘
10:38:00	23.35	--	8	18680	买盘
10:37:57	23.35	--	20	46700	买盘
10:37:54	23.35	--	10	23350	买盘
10:37:51	23.35	--	30	70050	买盘
10:37:45	23.35	--	5	11675	买盘
10:37:42	23.35	--	20	46700	买盘
10:37:39	23.35	--	1	2335	买盘
10:37:33	23.35	--	20	46700	买盘
10:37:30	23.35	--	7	16345	买盘
10:37:21	23.35	--	10	23350	买盘
10:37:00	23.35	0.02	20	46700	买盘
10:36:57	23.33	-0.02	9	20997	卖盘
10:36:51	23.35	--	48	112080	买盘
10:36:48	23.35	--	5	11675	买盘
10:36:39	23.35	0.02	3	7005	买盘
10:36:36	23.33	-0.02	1	2333	卖盘
10:36:27	23.35	--	13	30355	买盘
10:36:21	23.35	-0.01	39	91065	卖盘
10:36:18	23.36	--	2	4672	买盘
10:36:12	23.36	--	15	35040	买盘
10:36:09	23.36	0.01	20	46720	买盘
10:36:06	23.35	-0.01	7	16345	卖盘
10:36:03	23.36	--	3	7008	买盘
10:35:21	23.36	--	1	2336	买盘
10:35:12	23.36	-0.04	8	18688	中性盘
10:34:45	23.4	--	5	11700	买盘
10:34:42	23.4	-0.01	5	11700	卖盘
10:34:03	23.41	0.01	5	11705	买盘
10:33:54	23.4	-0.01	8	18720	卖盘
10:33:45	23.41	--	3	7023	买盘
10:33:39	23.41	--	88	206803	卖盘
10:33:09	23.41	--	11	25751	卖盘
10:33:03	23.41	0.01	5	13250	买盘
10:32:27	23.4	-0.01	4	9360	中性盘
10:32:15	23.41	0.01	26	60866	买盘
10:31:54	23.4	0.02	3	7020	买盘
10:31:48	23.38	--	9	21836	卖盘
10:31:39	23.38	--	51	119238	卖盘
10:31:36	23.38	--	8	18704	卖盘
10:31:33	23.38	--	38	88844	卖盘
10:31:21	23.38	-0.01	10	23380	卖盘
10:31:12	23.39	--	8	18712	买盘
10:31:06	23.39	0.01	18	42102	买盘
10:31:03	23.38	--	1	2338	卖盘
10:30:57	23.38	--	3	7014	卖盘
10:30:30	23.38	-0.01	9	21042	卖盘
10:30:27	23.39	0.01	5	11695	买盘
10:30:24	23.38	--	6	14028	卖盘
10:30:09	23.38	--	14	32732	卖盘
10:30:06	23.38	--	4	9352	卖盘
10:30:00	23.38	-0.01	10	23380	卖盘
10:29:51	23.39	0.01	14	32746	买盘
10:29:48	23.38	--	14	32732	卖盘
10:29:45	23.38	-0.01	14	32732	卖盘
10:29:36	23.39	-0.02	34	79526	卖盘
10:29:30	23.41	-0.01	3	7023	卖盘
10:29:06	23.42	--	12	28104	卖盘
10:29:03	23.42	--	3	7026	卖盘
10:28:57	23.42	--	22	51524	卖盘
10:28:51	23.42	--	10	23420	卖盘
10:28:48	23.42	--	10	23420	卖盘
10:28:45	23.42	--	16	37472	卖盘
10:28:39	23.42	--	7	16394	卖盘
10:28:33	23.42	-0.02	2	4684	卖盘
10:28:27	23.44	--	12	28128	买盘
10:28:24	23.44	0.02	2	4688	中性盘
10:28:12	23.42	-0.03	1	2342	中性盘
10:27:42	23.45	--	5	11725	买盘
10:27:39	23.45	--	85	199325	买盘
10:27:33	23.45	--	12	28140	卖盘
10:27:24	23.45	-0.03	11	25795	买盘
10:27:21	23.48	0.09	87	204276	买盘
10:27:12	23.39	-0.06	10	23390	卖盘
10:27:06	23.45	0.05	65	152425	买盘
10:26:54	23.4	-0.05	5	11700	中性盘
10:26:45	23.45	0.05	183	429135	买盘
10:26:33	23.4	-0.01	12	28080	中性盘
10:26:21	23.41	--	26	60866	卖盘
10:26:12	23.41	0.02	53	124073	买盘
10:26:09	23.39	-0.01	10	23390	卖盘
10:26:06	23.4	--	26	60839	卖盘
10:25:57	23.4	--	10	23400	卖盘
10:25:51	23.4	-0.01	2	4680	中性盘
10:25:30	23.41	0.02	6	14046	买盘
10:25:24	23.39	-0.01	2	4678	卖盘
10:25:06	23.4	--	5	11700	买盘
10:25:03	23.4	--	16	37440	卖盘
10:24:57	23.4	--	20	46800	卖盘
10:24:51	23.4	--	1	2340	卖盘
10:24:39	23.4	0.01	1	2340	买盘
10:24:36	23.39	-0.01	13	30407	卖盘
10:24:27	23.4	0.02	16	37440	买盘
10:24:15	23.38	--	1	2338	卖盘
10:24:12	23.38	--	12	28056	卖盘
10:24:06	23.38	0.06	88	207287	买盘
10:24:03	23.32	--	25	58300	卖盘
10:23:51	23.32	--	3	6996	卖盘
10:23:48	23.32	-0.01	14	32648	卖盘
10:23:42	23.33	--	10	23330	买盘
10:23:18	23.33	-0.02	26	60657	卖盘
10:23:15	23.35	--	40	93400	买盘
10:23:12	23.35	--	5	11675	买盘
10:23:06	23.35	-0.01	31	73178	卖盘
10:23:03	23.36	--	4	9344	买盘
10:23:00	23.36	--	15	35040	买盘
10:22:54	23.36	--	60	140160	买盘
10:22:48	23.36	--	11	25696	买盘
10:22:45	23.36	--	2	4672	买盘
10:22:42	23.36	--	10	23360	买盘
10:22:39	23.36	--	1	2336	买盘
10:22:36	23.36	0.01	20	46720	买盘
10:22:27	23.35	-0.01	5	11675	卖盘
10:22:18	23.36	0.01	2	4672	买盘
10:22:09	23.35	--	8	18680	卖盘
10:22:06	23.35	--	55	129966	买盘
10:22:03	23.35	0.01	32	74720	买盘
10:21:51	23.34	--	5	11670	卖盘
10:21:36	23.34	-0.01	1	2334	卖盘
10:21:33	23.35	--	20	46700	买盘
10:21:30	23.35	--	13	30355	买盘
10:21:27	23.35	--	2	4670	买盘
10:21:18	23.35	--	1	2335	买盘
10:21:12	23.35	--	10	23350	买盘
10:21:03	23.35	0.01	12	28020	买盘
10:20:51	23.34	--	10	23340	卖盘
10:20:48	23.34	-0.01	8	18672	卖盘
10:20:36	23.35	--	14	33483	卖盘
10:20:33	23.35	--	15	36566	买盘
10:20:30	23.35	--	3	7005	买盘
10:20:27	23.35	--	4	9340	买盘
10:20:24	23.35	--	51	119085	买盘
10:20:18	23.35	-0.01	27	63838	卖盘
10:20:15	23.36	0.01	11	25696	买盘
10:20:09	23.35	--	5	13216	卖盘
10:20:06	23.35	--	6	14010	卖盘
10:19:57	23.35	--	1	2335	卖盘
10:19:51	23.35	--	4	9340	卖盘
10:19:45	23.35	--	8	18680	买盘
10:19:42	23.35	--	2	4670	买盘
10:19:39	23.35	0.02	8	18680	买盘
10:19:27	23.33	-0.01	10	23330	卖盘
10:19:12	23.34	--	1	2334	卖盘
10:19:09	23.34	0.01	1	2334	买盘
10:18:57	23.33	--	30	69990	买盘
10:18:36	23.33	-0.01	2	4666	卖盘
10:18:27	23.34	0.01	16	37344	买盘
10:18:09	23.33	--	4	9332	买盘
10:18:06	23.33	-0.01	10	23330	卖盘
10:17:57	23.34	--	5	11670	买盘
10:17:54	23.34	--	3	7002	买盘
10:17:45	23.34	0.03	20	46680	买盘
10:17:39	23.31	--	50	116550	卖盘
10:17:21	23.31	--	1	2331	买盘
10:17:09	23.31	-0.03	19	44289	卖盘
10:16:57	23.34	--	22	51908	卖盘
10:16:54	23.34	-0.02	5	11670	卖盘
10:16:45	23.36	0.02	2	4672	买盘
10:16:39	23.34	-0.01	5	11670	卖盘
10:16:24	23.35	--	10	23350	卖盘
10:16:18	23.35	--	2	4670	卖盘
10:16:12	23.35	--	5	11675	卖盘
10:16:00	23.35	-0.01	4	9340	卖盘
10:15:54	23.36	--	4	9344	买盘
10:15:39	23.36	--	2	4672	买盘
10:15:21	23.36	--	1	2336	买盘
10:15:03	23.36	--	3	7008	买盘
10:15:00	23.36	--	30	70080	中性盘
10:14:39	23.36	--	4	9344	卖盘
10:14:21	23.36	--	2	4672	买盘
10:14:15	23.36	0.01	27	63539	买盘
10:14:12	23.35	0.01	20	46700	买盘
10:14:06	23.34	--	2	4668	卖盘
10:13:51	23.34	--	6	15311	买盘
10:13:45	23.34	--	12	28008	买盘
10:13:42	23.34	--	101	235734	买盘
10:13:30	23.34	--	1	3360	卖盘
10:13:27	23.34	0.05	14	33983	买盘
10:13:21	23.29	--	1	2329	卖盘
10:13:12	23.29	-0.05	7	16303	中性盘
10:13:03	23.34	0.05	103	240402	买盘
10:12:54	23.29	0.01	4	9316	买盘
10:12:48	23.28	--	30	69840	卖盘
10:12:45	23.28	-0.01	2	4656	卖盘
10:12:39	23.29	--	3	6987	买盘
10:12:33	23.29	-0.01	11	26643	卖盘
10:12:30	23.3	0.01	5	11650	买盘
10:12:27	23.29	-0.01	10	23290	卖盘
10:12:21	23.3	--	4	9320	买盘
10:12:18	23.3	--	8	18640	买盘
10:12:15	23.3	0.01	3	6990	买盘
10:12:12	23.29	--	15	34935	卖盘
10:12:09	23.29	--	10	23290	卖盘
10:12:00	23.29	-0.01	15	34935	卖盘
10:11:54	23.3	--	10	23300	买盘
10:11:51	23.3	0.01	15	34950	买盘
10:11:48	23.29	--	89	207281	卖盘
10:11:39	23.29	-0.01	5	11645	卖盘
10:11:36	23.3	0.01	30	69900	买盘
10:11:30	23.29	-0.01	10	23290	卖盘
10:11:27	23.3	--	4	9320	买盘
10:11:24	23.3	0.01	1	2330	买盘
10:11:09	23.29	--	2	5962	买盘
10:11:03	23.29	0.01	40	93160	买盘
10:11:00	23.28	-0.01	22	51216	卖盘
10:10:54	23.29	--	6	13974	买盘
10:10:48	23.29	--	15	34935	买盘
10:10:45	23.29	--	10	23290	买盘
10:10:36	23.29	0.01	22	51238	买盘
10:10:33	23.28	-0.01	14	32592	卖盘
10:10:30	23.29	--	10	23290	买盘
10:10:09	23.29	--	20	47604	卖盘
10:10:06	23.29	--	17	39593	卖盘
10:10:03	23.29	--	11	25619	卖盘
10:09:57	23.29	--	88	206256	买盘
10:09:45	23.29	--	21	48909	买盘
10:09:42	23.29	--	6	13974	买盘
10:09:36	23.29	--	5	11645	买盘
10:09:30	23.29	--	6	13974	买盘
10:09:27	23.29	-0.02	49	115145	卖盘
10:09:24	23.31	0.01	5	11655	中性盘
10:09:00	23.3	--	20	46600	买盘
10:08:57	23.3	--	13	30290	卖盘
10:08:54	23.3	--	9	20970	卖盘
10:08:51	23.3	--	3	6990	卖盘
10:08:48	23.3	0.01	25	58250	买盘
10:08:45	23.29	--	2	4658	卖盘
10:08:42	23.29	--	6	13974	卖盘
10:08:36	23.29	--	79	185295	卖盘
10:08:30	23.29	-0.01	8	18632	卖盘
10:08:24	23.3	--	4	9320	买盘
10:08:21	23.3	--	46	108205	卖盘
10:08:15	23.3	--	45	104850	卖盘
10:08:09	23.3	--	14	32620	卖盘
10:08:06	23.3	-0.01	19	44270	卖盘
10:08:00	23.31	0.01	72	167832	买盘
10:07:57	23.3	--	15	34950	卖盘
10:07:54	23.3	-0.01	38	88540	卖盘
10:07:51	23.31	0.01	7	16317	买盘
10:07:48	23.3	--	5	11650	卖盘
10:07:42	23.3	--	16	37280	卖盘
10:07:39	23.3	--	11	25630	卖盘
10:07:36	23.3	--	0	1304	卖盘
10:07:27	23.3	--	20	46600	卖盘
10:07:24	23.3	--	15	34950	卖盘
10:07:21	23.3	-0.01	10	23300	卖盘
10:07:18	23.31	0.01	20	46620	买盘
10:07:12	23.3	--	3	6990	卖盘
10:07:09	23.3	--	101	235330	卖盘
10:07:03	23.3	--	17	39610	卖盘
10:07:00	23.3	--	12	27960	卖盘
10:06:57	23.3	-0.01	1	2330	卖盘
10:06:36	23.31	--	17	39627	卖盘
10:06:33	23.31	--	13	30303	卖盘
10:06:27	23.31	--	30	69930	卖盘
10:06:24	23.31	-0.02	25	58275	卖盘
10:06:18	23.33	0.02	5	11665	买盘
10:06:15	23.31	--	75	174825	卖盘
10:06:06	23.31	-0.01	96	223776	卖盘
10:05:57	23.32	0.01	1	2332	买盘
10:05:54	23.31	--	8	18648	卖盘
10:05:45	23.31	--	10	23310	卖盘
10:05:42	23.31	--	20	46620	卖盘
10:05:33	23.31	--	17	39627	卖盘
10:05:18	23.31	--	5	11655	卖盘
10:05:15	23.31	--	5	11655	卖盘
10:05:12	23.31	--	5	11655	卖盘
10:05:09	23.31	--	22	51282	买盘
10:05:06	23.31	0.01	10	23310	买盘
10:05:00	23.3	-0.01	1	2330	卖盘
10:04:57	23.31	--	2	4662	买盘
10:04:42	23.31	0.01	10	23310	买盘
10:04:39	23.3	-0.01	150	349500	卖盘
10:04:36	23.31	--	5	11655	买盘
10:04:27	23.31	-0.01	166	386946	卖盘
10:04:21	23.32	--	48	111936	卖盘
10:04:09	23.32	-0.01	50	116600	卖盘
10:03:54	23.33	-0.01	36	83988	卖盘
10:03:45	23.34	--	12	28008	卖盘
10:03:42	23.34	-0.01	8	18672	卖盘
10:03:24	23.35	-0.01	9	21015	卖盘
10:03:21	23.36	--	12	28032	买盘
10:03:12	23.36	0.01	20	46720	买盘
10:03:06	23.35	-0.01	1	2335	卖盘
10:02:57	23.36	0.02	19	44384	买盘
10:02:42	23.34	-0.01	51	119034	卖盘
10:02:36	23.35	--	5	11675	买盘
10:02:30	23.35	-0.03	62	144770	卖盘
10:02:27	23.38	--	5	11690	买盘
10:02:18	23.38	0.03	5	11690	买盘
10:02:12	23.35	--	1	2335	卖盘
10:02:06	23.35	--	88	205480	卖盘
10:02:03	23.35	0.01	13	30355	买盘
10:02:00	23.34	--	2	4668	卖盘
10:01:57	23.34	--	3	7002	买盘
10:01:54	23.34	--	5	11670	买盘
10:01:48	23.34	0.03	3	7002	买盘
10:01:39	23.31	-0.03	20	46620	卖盘
10:01:33	23.34	0.04	1	2334	买盘
10:01:30	23.3	--	1	2330	卖盘
10:01:24	23.3	--	5	11650	卖盘
10:01:18	23.3	--	62	144460	买盘
10:01:15	23.3	--	22	51260	买盘
10:01:12	23.3	--	16	37280	买盘
10:01:06	23.3	0.01	5	11650	买盘
10:01:03	23.29	--	6	13974	卖盘
10:00:54	23.29	-0.01	5	11645	卖盘
10:00:51	23.3	0.02	2	4660	买盘
10:00:42	23.28	--	34	79152	卖盘
10:00:33	23.28	-0.01	111	258408	卖盘
10:00:30	23.29	0.01	26	60554	买盘
10:00:27	23.28	-0.01	36	83808	卖盘
10:00:24	23.29	0.01	3	6987	买盘
10:00:21	23.28	-0.01	37	86136	卖盘
10:00:18	23.29	--	10	23290	买盘
10:00:15	23.29	--	5	11645	买盘
10:00:12	23.29	--	1	2329	买盘
10:00:03	23.29	--	5	11645	中性盘
09:59:57	23.29	--	38	88502	卖盘
09:59:48	23.29	--	83	193307	卖盘
09:59:42	23.29	0.01	2	4658	买盘
09:59:39	23.28	-0.01	20	46560	卖盘
09:59:36	23.29	0.01	6	13974	买盘
09:59:33	23.28	-0.01	61	142008	卖盘
09:59:27	23.29	--	10	23290	买盘
09:59:21	23.29	-0.01	31	72199	卖盘
09:59:18	23.3	--	15	34950	买盘
09:59:15	23.3	--	3	6990	买盘
09:59:12	23.3	0.01	3	6990	买盘
09:59:03	23.29	-0.01	39	90831	卖盘
09:59:00	23.3	--	12	27960	卖盘
09:58:57	23.3	--	50	116500	卖盘
09:58:51	23.3	--	7	16310	卖盘
09:58:48	23.3	--	4	9320	卖盘
09:58:45	23.3	-0.02	3	6990	卖盘
09:58:39	23.32	--	10	23320	买盘
09:58:33	23.32	--	12	27984	买盘
09:58:30	23.32	--	15	34980	买盘
09:58:27	23.32	--	3	6996	买盘
09:58:24	23.32	--	6	15018	卖盘
09:58:21	23.32	--	36	83952	卖盘
09:58:15	23.32	--	3	6996	卖盘
09:58:12	23.32	--	36	83952	卖盘
09:58:06	23.32	--	8	18656	卖盘
09:58:00	23.32	--	29	67628	卖盘
09:57:57	23.32	0.02	30	71265	买盘
09:57:54	23.3	-0.02	544	1268545	卖盘
09:57:51	23.32	--	10	23320	买盘
09:57:48	23.32	--	13	30316	中性盘
09:57:45	23.32	0.01	5	11660	中性盘
09:57:42	23.31	-0.01	30	69930	卖盘
09:57:36	23.32	-0.01	15	34980	中性盘
09:57:30	23.33	0.01	4	9332	买盘
09:57:27	23.32	--	12	27984	买盘
09:57:24	23.32	--	116	270512	卖盘
09:57:21	23.32	-0.02	6	13992	卖盘
09:57:18	23.34	0.02	4	9336	买盘
09:57:15	23.32	-0.02	5	11660	卖盘
09:57:12	23.34	0.02	10	23340	买盘
09:57:00	23.32	--	13	30316	卖盘
09:56:57	23.32	-0.02	8	18656	中性盘
09:56:51	23.34	0.03	15	35010	中性盘
09:56:39	23.31	-0.05	504	1174824	卖盘
09:56:30	23.36	--	31	72416	卖盘
09:56:27	23.36	0.01	1	2336	卖盘
09:56:21	23.35	--	2	4670	卖盘
09:56:18	23.35	-0.02	55	128425	卖盘
09:56:15	23.37	0.03	4	9348	买盘
09:56:12	23.34	-0.02	280	654897	卖盘
09:56:06	23.36	0.01	7	16352	中性盘
09:56:00	23.35	-0.02	154	359590	卖盘
09:55:54	23.37	--	1	2360	卖盘
09:55:48	23.37	--	17	39729	卖盘
09:55:42	23.37	-0.01	25	58425	卖盘
09:55:39	23.38	0.01	12	28056	买盘
09:55:36	23.37	--	5	11685	卖盘
09:55:33	23.37	-0.01	8	18696	卖盘
09:55:27	23.38	0.01	3	7014	买盘
09:55:18	23.37	-0.01	2	4674	卖盘
09:55:15	23.38	-0.01	2	4676	卖盘
09:55:12	23.39	0.03	10	23390	买盘
09:55:09	23.36	-0.03	5	11680	卖盘
09:55:06	23.39	0.03	17	39763	买盘
09:55:03	23.36	--	26	60736	卖盘
09:54:57	23.36	-0.03	1	2336	卖盘
09:54:51	23.39	0.01	30	70170	买盘
09:54:45	23.38	-0.01	11	25718	卖盘
09:54:42	23.39	0.01	1	2339	买盘
09:54:39	23.38	--	15	35070	卖盘
09:54:36	23.38	-0.01	5	11690	中性盘
09:54:27	23.39	--	5	11695	卖盘
09:54:12	23.39	0.01	3	7017	买盘
09:54:06	23.38	--	4	9352	卖盘
09:53:57	23.38	--	10	23380	卖盘
09:53:48	23.38	--	1	2338	买盘
09:53:45	23.38	--	3	7014	买盘
09:53:42	23.38	--	20	46760	买盘
09:53:39	23.38	--	23	53774	买盘
09:53:36	23.38	--	10	23380	卖盘
09:53:18	23.38	0.02	4	9352	买盘
09:53:06	23.36	--	17	39712	卖盘
09:53:03	23.36	-0.01	20	46720	卖盘
09:53:00	23.37	0.01	5	11685	买盘
09:52:45	23.36	--	8	18688	买盘
09:52:39	23.36	--	10	23360	买盘
09:52:36	23.36	0.01	5	11680	买盘
09:52:33	23.35	--	20	46700	卖盘
09:52:27	23.35	-0.01	17	39695	卖盘
09:52:24	23.36	0.02	16	37376	买盘
09:52:21	23.34	-0.01	16	37344	卖盘
09:52:18	23.35	--	63	147105	买盘
09:52:15	23.35	0.02	10	23350	买盘
09:52:09	23.33	-0.01	53	123648	卖盘
09:52:06	23.34	--	10	23340	卖盘
09:52:03	23.34	--	10	23340	卖盘
09:52:00	23.34	--	32	74688	卖盘
09:51:51	23.34	-0.01	7	16338	卖盘
09:51:48	23.35	0.01	66	154110	买盘
09:51:42	23.34	0.01	3	7002	买盘
09:51:39	23.33	-0.01	10	23330	卖盘
09:51:33	23.34	--	34	79356	买盘
09:51:27	23.34	--	4	9336	卖盘
09:51:24	23.34	--	10	23340	卖盘
09:51:21	23.34	--	16	37344	买盘
09:51:15	23.34	--	16	37344	买盘
09:51:12	23.34	--	10	23340	买盘
09:51:09	23.34	--	20	46680	买盘
09:51:06	23.34	-0.01	18	42012	中性盘
09:51:03	23.35	0.01	10	23350	买盘
09:51:00	23.34	-0.01	13	30342	买盘
09:50:57	23.35	--	70	163450	买盘
09:50:54	23.35	--	146	343151	买盘
09:50:51	23.35	0.01	48	112080	买盘
09:50:45	23.34	-0.01	28	65352	卖盘
09:50:42	23.35	--	5	11675	买盘
09:50:39	23.35	0.01	11	25685	买盘
09:50:36	23.34	--	10	23340	卖盘
09:50:33	23.34	-0.01	10	23340	卖盘
09:50:30	23.35	--	6	14010	买盘
09:50:27	23.35	--	10	23350	买盘
09:50:24	23.35	0.01	7	16345	买盘
09:50:21	23.34	-0.01	37	86358	卖盘
09:50:18	23.35	0.01	20	46700	买盘
09:50:15	23.34	-0.01	8	18672	卖盘
09:50:12	23.35	0.01	19	44365	买盘
09:50:06	23.34	--	5	11670	卖盘
09:50:03	23.34	-0.01	33	77022	卖盘
09:50:00	23.35	--	5	11675	买盘
09:49:57	23.35	--	1	2335	买盘
09:49:54	23.35	--	7	16345	买盘
09:49:51	23.35	--	7	16345	买盘
09:49:45	23.35	-0.01	20	46700	卖盘
09:49:42	23.36	0.01	76	177536	买盘
09:49:39	23.35	-0.01	3	7005	买盘
09:49:36	23.36	0.02	10	23360	买盘
09:49:33	23.34	-0.02	11	25674	卖盘
09:49:30	23.36	--	27	63072	买盘
09:49:27	23.36	0.02	23	53728	买盘
09:49:24	23.34	--	5	11670	买盘
09:49:21	23.34	--	2	4668	买盘
09:49:18	23.34	-0.02	38	88692	卖盘
09:49:15	23.36	--	26	60736	买盘
09:49:12	23.36	0.01	1	2336	买盘
09:49:09	23.35	0.01	24	56040	买盘
09:49:06	23.34	-0.01	19	44346	卖盘
09:49:03	23.35	--	29	67715	买盘
09:49:00	23.35	--	9	21015	买盘
09:48:51	23.35	-0.04	180	420300	卖盘
09:48:48	23.39	--	7	16373	卖盘
09:48:45	23.39	--	2	4678	卖盘
09:48:42	23.39	-0.01	2	4678	卖盘
09:48:39	23.4	0.01	14	32759	买盘
09:48:36	23.39	--	20	46780	卖盘
09:48:33	23.39	--	10	23390	卖盘
09:48:30	23.39	-0.01	30	70170	买盘
09:48:27	23.4	--	9	21060	买盘
09:48:15	23.4	--	10	23400	卖盘
09:48:12	23.4	-0.02	32	74880	卖盘
09:48:03	23.42	--	10	23420	买盘
09:48:00	23.42	--	5	11710	买盘
09:47:54	23.42	--	121	283382	买盘
09:47:48	23.42	0.01	11	25762	买盘
09:47:45	23.41	--	16	37456	卖盘
09:47:39	23.41	-0.03	10	23410	卖盘
09:47:36	23.44	--	24	56279	买盘
09:47:33	23.44	0.02	33	77352	买盘
09:47:27	23.42	-0.02	8	18736	卖盘
09:47:24	23.44	0.02	30	70320	买盘
09:47:21	23.42	-0.02	91	213122	卖盘
09:47:12	23.44	--	5	11720	买盘
09:47:09	23.44	-0.01	86	201584	卖盘
09:47:06	23.45	--	2	4690	买盘
09:47:00	23.45	--	28	65660	买盘
09:46:57	23.45	--	15	35175	买盘
09:46:54	23.45	0.02	3	7035	买盘
09:46:48	23.43	-0.03	39	91377	卖盘
09:46:42	23.46	0.02	9	21114	买盘
09:46:39	23.44	-0.01	10	23440	卖盘
09:46:36	23.45	--	10	25771	买盘
09:46:30	23.45	--	47	110215	买盘
09:46:24	23.45	--	3	7035	买盘
09:46:21	23.45	--	8	18760	卖盘
09:46:18	23.45	-0.01	12	28140	买盘
09:46:15	23.46	--	1	2346	买盘
09:46:12	23.46	0.02	210	492660	买盘
09:46:03	23.44	--	5	11720	卖盘
09:46:00	23.44	-0.01	58	135952	卖盘
09:45:57	23.45	--	58	136010	卖盘
09:45:54	23.45	0.01	11	26029	买盘
09:45:51	23.44	-0.01	7	16408	卖盘
09:45:48	23.45	--	59	138355	买盘
09:45:42	23.45	0.02	10	23450	买盘
09:45:36	23.43	-0.02	4	9372	卖盘
09:45:33	23.45	0.02	5	11725	买盘
09:45:27	23.43	-0.02	8	18744	中性盘
09:45:18	23.45	0.02	15	35175	买盘
09:45:15	23.43	0.01	30	70290	买盘
09:45:12	23.42	-0.01	5	11710	卖盘
09:45:09	23.43	0.01	20	46860	买盘
09:45:06	23.42	-0.01	40	93680	卖盘
09:45:03	23.43	0.01	5	11715	买盘
09:45:00	23.42	-0.01	15	35130	卖盘
09:44:57	23.43	--	7	16401	买盘
09:44:54	23.43	--	1	2343	买盘
09:44:48	23.43	--	3	7029	买盘
09:44:42	23.43	-0.01	36	84348	卖盘
09:44:36	23.44	--	5	11720	买盘
09:44:33	23.44	-0.01	12	28128	中性盘
09:44:30	23.45	0.02	6	14070	买盘
09:44:24	23.43	-0.02	17	39831	卖盘
09:44:18	23.45	0.01	4	9380	买盘
09:44:12	23.44	--	9	21096	卖盘
09:44:09	23.44	-0.01	1	2344	卖盘
09:44:06	23.45	0.01	20	46900	买盘
09:44:03	23.44	-0.01	8	18752	卖盘
09:44:00	23.45	--	16	39630	卖盘
09:43:57	23.45	--	72	168840	卖盘
09:43:51	23.45	-0.01	18	42210	卖盘
09:43:48	23.46	-0.02	5	11730	卖盘
09:43:45	23.48	0.02	10	23480	买盘
09:43:42	23.46	-0.02	3	7038	卖盘
09:43:36	23.48	-0.01	20	46960	卖盘
09:43:30	23.49	--	9	21141	买盘
09:43:24	23.49	-0.01	31	72819	卖盘
09:43:21	23.5	0.01	10	23500	买盘
09:43:18	23.49	-0.01	11	25839	卖盘
09:43:15	23.5	--	1	2350	买盘
09:43:12	23.5	--	3	7050	买盘
09:43:09	23.5	-0.01	61	143350	卖盘
09:43:06	23.51	--	2	4702	卖盘
09:43:03	23.51	--	10	23510	卖盘
09:43:00	23.51	--	77	181027	买盘
09:42:54	23.51	--	11	25861	买盘
09:42:45	23.51	--	19	44669	买盘
09:42:42	23.51	--	17	39967	买盘
09:42:39	23.51	0.01	24	56424	买盘
09:42:36	23.5	--	19	44650	卖盘
09:42:33	23.5	-0.04	3	7050	卖盘
09:42:30	23.54	0.04	12	28248	买盘
09:42:27	23.5	--	6	14100	卖盘
09:42:24	23.5	--	6	14100	卖盘
09:42:21	23.5	--	11	25850	卖盘
09:42:12	23.5	--	4	9400	卖盘
09:42:09	23.5	--	45	105750	卖盘
09:42:03	23.5	0.01	28	65800	买盘
09:42:00	23.49	0.01	10	23490	中性盘
09:41:54	23.48	-0.01	15	35220	卖盘
09:41:48	23.49	--	9	21141	买盘
09:41:42	23.49	0.01	88	206712	买盘
09:41:39	23.48	--	10	23480	卖盘
09:41:36	23.48	--	2	4696	卖盘
09:41:33	23.48	-0.01	5	11740	卖盘
09:41:30	23.49	0.01	54	126845	买盘
09:41:27	23.48	--	18	42264	买盘
09:41:18	23.48	--	150	352200	买盘
09:41:15	23.48	--	17	39916	买盘
09:41:12	23.48	0.01	20	46960	买盘
09:41:06	23.47	--	10	23470	卖盘
09:41:00	23.47	--	6	14082	卖盘
09:40:57	23.47	--	14	34430	买盘
09:40:54	23.47	0.01	4	9388	买盘
09:40:51	23.46	-0.01	10	23460	卖盘
09:40:48	23.47	0.01	9	21123	买盘
09:40:45	23.46	0.01	1	2346	卖盘
09:40:27	23.45	--	2	4690	卖盘
09:40:21	23.45	0.02	6	14304	买盘
09:40:18	23.43	-0.02	22	51546	卖盘
09:40:12	23.45	0.01	47	110215	买盘
09:40:09	23.44	--	46	107824	买盘
09:40:06	23.44	0.02	93	217992	买盘
09:40:03	23.42	-0.02	151	353642	卖盘
09:39:57	23.44	0.01	23	53912	买盘
09:39:51	23.43	--	23	53889	卖盘
09:39:48	23.43	0.01	38	89034	买盘
09:39:45	23.42	--	2	4684	卖盘
09:39:42	23.42	-0.01	2	4684	卖盘
09:39:39	23.43	0.01	2	4686	买盘
09:39:33	23.42	-0.01	3	7026	卖盘
09:39:30	23.43	0.01	15	35145	买盘
09:39:27	23.42	-0.01	10	23420	中性盘
09:39:24	23.43	0.01	20	46860	买盘
09:39:15	23.42	--	1	2342	买盘
09:39:12	23.42	--	3	7026	买盘
09:39:09	23.42	--	10	23420	买盘
09:39:06	23.42	--	2	4684	买盘
09:39:03	23.42	--	2	4684	买盘
09:38:57	23.42	0.02	12	28104	买盘
09:38:48	23.4	0.03	77	180180	买盘
09:38:45	23.37	0.01	11	25707	买盘
09:38:42	23.36	-0.01	31	72416	卖盘
09:38:39	23.37	0.03	71	165927	买盘
09:38:30	23.34	--	9	21006	卖盘
09:38:24	23.34	0.01	20	46680	买盘
09:38:21	23.33	0.01	7	16330	中性盘
09:38:18	23.32	-0.01	38	88616	卖盘
09:38:15	23.33	0.01	36	83988	买盘
09:38:12	23.32	--	16	37312	卖盘
09:38:09	23.32	-0.01	45	104940	卖盘
09:38:06	23.33	0.01	4	9332	买盘
09:38:03	23.32	--	70	163240	卖盘
09:38:00	23.32	-0.01	21	48972	卖盘
09:37:57	23.33	--	10	23330	买盘
09:37:54	23.33	0.01	5	11665	买盘
09:37:51	23.32	-0.01	3	6996	卖盘
09:37:42	23.33	--	5	11665	买盘
09:37:39	23.33	-0.01	22	51325	卖盘
09:37:36	23.34	--	3	7002	卖盘
09:37:33	23.34	--	5	11670	买盘
09:37:30	23.34	0.03	10	23340	买盘
09:37:27	23.31	-0.02	206	480186	卖盘
09:37:18	23.33	0.02	2	4666	中性盘
09:37:15	23.31	-0.03	52	121212	卖盘
09:37:12	23.34	--	8	18672	买盘
09:37:06	23.34	0.04	13	30342	买盘
09:37:00	23.3	-0.02	59	137470	卖盘
09:36:54	23.32	0.02	30	69960	买盘
09:36:51	23.3	-0.01	57	132810	卖盘
09:36:45	23.31	--	18	41958	买盘
09:36:42	23.31	--	7	16317	买盘
09:36:39	23.31	--	9	20979	买盘
09:36:36	23.31	--	6	13986	买盘
09:36:33	23.31	--	87	202797	卖盘
09:36:30	23.31	--	1	2331	卖盘
09:36:24	23.31	--	11	25641	卖盘
09:36:18	23.31	-0.01	30	69930	卖盘
09:36:15	23.32	--	36	83952	买盘
09:36:12	23.32	0.01	1	2332	买盘
09:36:09	23.31	-0.02	91	212121	卖盘
09:36:06	23.33	--	10	23330	买盘
09:36:03	23.33	-0.01	14	32661	卖盘
09:35:57	23.34	-0.01	10	23340	卖盘
09:35:51	23.35	-0.01	40	93400	卖盘
09:35:45	23.36	-0.02	21	49056	卖盘
09:35:42	23.38	--	107	250937	卖盘
09:35:36	23.38	-0.02	90	210420	卖盘
09:35:33	23.4	0.02	49	114660	买盘
09:35:30	23.38	-0.01	150	350700	卖盘
09:35:27	23.39	--	20	46780	卖盘
09:35:24	23.39	--	17	39763	卖盘
09:35:18	23.39	-0.01	4	9356	卖盘
09:35:12	23.4	-0.01	41	95940	卖盘
09:35:09	23.41	-0.01	16	37456	卖盘
09:35:03	23.42	--	10	23420	买盘
09:35:00	23.42	-0.03	21	49182	卖盘
09:34:54	23.45	0.03	64	150080	买盘
09:34:48	23.42	-0.03	49	114758	卖盘
09:34:45	23.45	-0.01	4	9380	卖盘
09:34:42	23.46	0.01	2	4692	买盘
09:34:39	23.45	-0.02	4	9380	卖盘
09:34:33	23.47	--	132	309804	买盘
09:34:30	23.47	--	5	11735	卖盘
09:34:27	23.47	0.02	5	11735	卖盘
09:34:18	23.45	-0.02	60	140700	卖盘
09:34:12	23.47	--	2	4694	买盘
09:34:09	23.47	0.02	5	11735	买盘
09:34:03	23.45	--	10	23450	卖盘
09:34:00	23.45	--	21	49245	卖盘
09:33:57	23.45	0.02	50	117250	卖盘
09:33:48	23.43	0.04	55	128865	买盘
09:33:45	23.39	--	3	7017	买盘
09:33:42	23.39	0.01	14	32746	买盘
09:33:39	23.38	--	38	88844	卖盘
09:33:36	23.38	--	11	25718	卖盘
09:33:30	23.38	--	35	81830	卖盘
09:33:24	23.38	--	6	14028	卖盘
09:33:18	23.38	0.03	96	226014	买盘
09:33:15	23.35	--	7	16345	买盘
09:33:12	23.35	--	6	14010	卖盘
09:33:09	23.35	--	16	37360	卖盘
09:33:06	23.35	-0.03	24	56040	卖盘
09:33:03	23.38	--	50	116900	买盘
09:32:57	23.38	0.02	64	149632	买盘
09:32:54	23.36	-0.04	152	355842	卖盘
09:32:51	23.4	--	3	7020	买盘
09:32:48	23.4	--	19	44460	买盘
09:32:45	23.4	-0.04	1	2340	卖盘
09:32:42	23.44	0.04	20	46880	买盘
09:32:39	23.4	-0.02	53	124019	卖盘
09:32:36	23.42	0.02	6	14052	中性盘
09:32:33	23.4	--	150	351000	卖盘
09:32:30	23.4	--	1	2340	卖盘
09:32:27	23.4	-0.02	20	46800	卖盘
09:32:24	23.42	0.02	10	23420	中性盘
09:32:15	23.4	--	1	2340	卖盘
09:32:12	23.4	--	6	14040	卖盘
09:32:03	23.4	--	2	4680	买盘
09:32:00	23.4	0.01	20	46800	中性盘
09:31:57	23.39	-0.01	48	113839	卖盘
09:31:51	23.4	-0.04	17	39780	卖盘
09:31:45	23.44	0.04	3	7032	买盘
09:31:42	23.4	-0.04	19	44460	卖盘
09:31:33	23.44	0.05	13	30472	买盘
09:31:30	23.39	--	40	93560	卖盘
09:31:24	23.39	--	25	58475	卖盘
09:31:21	23.39	-0.01	3	7017	卖盘
09:31:18	23.4	0.01	6	14040	中性盘
09:31:12	23.39	--	1	2339	卖盘
09:31:09	23.39	--	7	16373	卖盘
09:31:00	23.39	-0.01	19	44441	卖盘
09:30:54	23.4	-0.05	5	11700	中性盘
09:30:48	23.45	0.07	10	23450	买盘
09:30:45	23.38	--	2	4676	卖盘
09:30:42	23.38	-0.01	16	37408	卖盘
09:30:39	23.39	0.01	1	2339	中性盘
09:30:24	23.38	-0.07	12	28056	卖盘
09:30:21	23.45	-0.01	5	11725	卖盘
09:30:18	23.46	--	5	11730	买盘
09:30:15	23.46	0.06	5	11730	买盘
09:30:12	23.4	--	4	9360	买盘
09:30:09	23.4	--	22	51480	卖盘
09:30:06	23.4	-0.09	211	493739	卖盘
09:30:03	23.49	0.01	37	86913	买盘
09:25:03	23.48	23.48	80	187840	买盘
