成交时间	成交价	价格变动	成交量(手)	成交额(元)	性质
15:00:03	36.81	0.01	804	2959524	买盘
14:57:03	36.8	--	0	0	卖盘
14:57:00	36.8	--	12	44160	卖盘
14:56:57	36.8	-0.01	35	129167	卖盘
14:56:54	36.81	0.01	2	7362	买盘
14:56:51	36.8	--	18	66240	卖盘
14:56:48	36.8	0.02	8	29439	中性盘
14:56:42	36.78	-0.03	20	73560	卖盘
14:56:36	36.81	--	38	139878	买盘
14:56:33	36.81	--	1	3681	买盘
14:56:30	36.81	0.01	8	29448	买盘
14:56:27	36.8	--	38	139840	买盘
14:56:24	36.8	-0.02	85	312800	卖盘
14:56:21	36.82	0.01	28	103096	买盘
14:56:18	36.81	--	5	18405	买盘
14:56:12	36.81	0.01	2	7362	买盘
14:56:09	36.8	-0.02	4	14719	卖盘
14:56:06	36.82	0.01	39	143598	买盘
14:56:03	36.81	-0.01	23	84663	卖盘
14:56:00	36.82	--	6	22092	买盘
14:55:57	36.82	--	22	81004	买盘
14:55:51	36.82	--	4	14728	买盘
14:55:48	36.82	--	20	73640	买盘
14:55:45	36.82	--	58	213556	卖盘
14:55:42	36.82	--	1	3682	卖盘
14:55:39	36.82	--	3	11046	卖盘
14:55:36	36.82	-0.01	26	95732	卖盘
14:55:33	36.83	--	6	22098	买盘
14:55:30	36.83	-0.01	2	7366	中性盘
14:55:27	36.84	--	8	29472	买盘
14:55:24	36.84	--	5	18420	买盘
14:55:18	36.84	--	3	11052	买盘
14:55:15	36.84	-0.01	1	3684	买盘
14:55:12	36.85	--	2	7370	买盘
14:55:09	36.85	0.01	11	40535	买盘
14:55:06	36.84	--	122	449448	买盘
14:55:03	36.84	--	18	66312	卖盘
14:55:00	36.84	--	9	33156	卖盘
14:54:57	36.84	-0.01	3	11052	卖盘
14:54:51	36.85	--	13	47905	买盘
14:54:45	36.85	-0.04	80	295021	卖盘
14:54:42	36.89	--	5	18445	买盘
14:54:33	36.89	0.01	1	3689	买盘
14:54:24	36.88	-0.01	11	44034	卖盘
14:54:18	36.89	-0.01	7	25823	买盘
14:54:15	36.9	0.01	2	7380	买盘
14:54:12	36.89	--	29	106981	卖盘
14:54:09	36.89	--	9	33201	卖盘
14:54:06	36.89	-0.01	2	7378	卖盘
14:54:03	36.9	--	110	405900	买盘
14:53:54	36.9	--	8	30258	卖盘
14:53:48	36.9	--	10	36900	卖盘
14:53:45	36.9	--	7	28782	买盘
14:53:42	36.9	--	1	4428	卖盘
14:53:39	36.9	--	3	11070	卖盘
14:53:36	36.9	--	1	6642	买盘
14:53:33	36.9	0.02	5	18450	买盘
14:53:30	36.88	--	15	55320	卖盘
14:53:27	36.88	-0.02	3	11064	卖盘
14:53:24	36.9	--	11	40590	买盘
14:53:21	36.9	--	30	110700	买盘
14:53:18	36.9	0.01	1	3690	买盘
14:53:15	36.89	-0.01	1	3689	中性盘
14:53:12	36.9	--	16	59040	买盘
14:53:09	36.9	--	2	7380	买盘
14:53:06	36.9	-0.02	21	77490	卖盘
14:53:03	36.92	0.02	1	3692	买盘
14:52:57	36.9	-0.02	50	184500	卖盘
14:52:54	36.92	--	2	7384	中性盘
14:52:48	36.92	--	5	18460	卖盘
14:52:45	36.92	-0.01	3	11076	卖盘
14:52:36	36.93	0.01	5	18465	买盘
14:52:33	36.92	0.02	1	3692	买盘
14:52:30	36.9	-0.04	50	184500	卖盘
14:52:24	36.94	0.02	123	454362	买盘
14:52:21	36.92	--	1	3692	卖盘
14:52:18	36.92	-0.02	16	59072	卖盘
14:52:12	36.94	0.02	14	51716	买盘
14:52:09	36.92	-0.02	1	3692	卖盘
14:52:00	36.94	-0.01	14	55040	卖盘
14:51:57	36.95	--	1	3695	买盘
14:51:51	36.95	--	23	84985	买盘
14:51:48	36.95	--	1	3695	买盘
14:51:45	36.95	--	6	22170	买盘
14:51:42	36.95	--	31	114545	卖盘
14:51:39	36.95	-0.01	15	55425	卖盘
14:51:36	36.96	--	2	7392	买盘
14:51:24	36.96	0.01	6	22176	买盘
14:51:15	36.95	--	19	70205	卖盘
14:51:12	36.95	-0.01	3	11085	卖盘
14:51:06	36.96	--	10	36960	买盘
14:51:03	36.96	0.01	1	3696	买盘
14:51:00	36.95	-0.01	10	36950	卖盘
14:50:57	36.96	0.01	3	11088	卖盘
14:50:51	36.95	-0.01	30	110850	卖盘
14:50:45	36.96	-0.02	3	11088	卖盘
14:50:36	36.98	--	1	3697	买盘
14:50:30	36.98	--	18	66564	卖盘
14:50:27	36.98	0.01	2	7395	卖盘
14:50:15	36.97	-0.03	49	181153	卖盘
14:50:03	37.0	--	78	289340	卖盘
14:49:54	37.0	--	10	37000	卖盘
14:49:51	37.0	-0.01	19	70300	卖盘
14:49:45	37.01	0.01	2	7402	中性盘
14:49:30	37.0	-0.03	10	39960	卖盘
14:49:06	37.03	0.03	1	3703	中性盘
14:48:57	37.0	-0.04	39	144300	卖盘
14:48:54	37.04	--	1	3704	买盘
14:48:51	37.04	--	3	11112	中性盘
14:48:45	37.04	--	19	70376	卖盘
14:48:42	37.04	--	5	18520	卖盘
14:48:36	37.04	--	20	74080	卖盘
14:48:33	37.04	--	1	3704	卖盘
14:48:30	37.04	-0.01	28	103712	卖盘
14:48:27	37.05	0.01	4	14819	买盘
14:48:18	37.04	--	1	3704	卖盘
14:48:06	37.04	-0.01	80	296320	卖盘
14:48:03	37.05	-0.03	37	137085	卖盘
14:48:00	37.08	0.01	17	63036	买盘
14:47:57	37.07	0.02	4	14828	买盘
14:47:54	37.05	--	1	3704	卖盘
14:47:45	37.05	--	10	37050	卖盘
14:47:30	37.05	--	11	40755	中性盘
14:47:21	37.05	--	1	3704	买盘
14:47:18	37.05	--	10	37050	买盘
14:47:09	37.05	--	9	33345	买盘
14:47:06	37.05	--	4	14819	买盘
14:47:03	37.05	--	10	37050	买盘
14:46:54	37.05	--	22	81510	买盘
14:46:51	37.05	--	15	55574	买盘
14:46:45	37.05	--	1	3704	买盘
14:46:42	37.05	0.01	6	22230	买盘
14:46:39	37.04	-0.01	33	122232	卖盘
14:46:33	37.05	0.01	10	37050	买盘
14:46:27	37.04	--	7	25928	买盘
14:46:24	37.04	--	5	18520	买盘
14:46:15	37.04	0.01	10	37040	买盘
14:46:12	37.03	-0.01	5	18515	卖盘
14:46:09	37.04	0.01	3	11112	买盘
14:46:06	37.03	--	59	218477	卖盘
14:46:03	37.03	--	1	6665	卖盘
14:45:57	37.03	--	2	7406	卖盘
14:45:51	37.03	0.01	1	3703	买盘
14:45:39	37.02	0.02	3	11106	买盘
14:45:33	37.0	0.01	41	151700	买盘
14:45:24	36.99	-0.01	3	11097	卖盘
14:45:21	37.0	0.02	18	66600	买盘
14:45:18	36.98	-0.01	27	99845	卖盘
14:45:15	36.99	--	1	3699	卖盘
14:45:03	36.99	--	4	14796	买盘
14:44:57	36.99	0.01	16	59184	买盘
14:44:54	36.98	--	1	3697	卖盘
14:44:27	36.98	--	5	18490	买盘
14:44:21	36.98	--	7	25885	买盘
14:44:18	36.98	--	3	11093	买盘
14:44:15	36.98	--	8	29583	买盘
14:44:12	36.98	--	4	14791	买盘
14:43:54	36.98	--	13	48073	买盘
14:43:51	36.98	0.01	9	33282	买盘
14:43:45	36.97	-0.01	1	3697	卖盘
14:43:42	36.98	--	54	199691	买盘
14:43:39	36.98	--	7	25885	买盘
14:43:33	36.98	0.01	3	11093	买盘
14:43:30	36.97	-0.01	20	73940	卖盘
14:43:27	36.98	0.01	2	7395	买盘
14:43:24	36.97	-0.02	8	29576	卖盘
14:43:18	36.99	0.02	40	147960	买盘
14:43:09	36.97	--	5	18485	卖盘
14:43:06	36.97	--	1	3697	卖盘
14:43:03	36.97	0.01	2	7394	买盘
14:43:00	36.96	--	4	14784	卖盘
14:42:57	36.96	-0.02	5	18480	卖盘
14:42:48	36.98	--	5	18490	买盘
14:42:42	36.98	0.02	5	18490	买盘
14:42:39	36.96	--	4	14784	卖盘
14:42:36	36.96	--	23	85008	买盘
14:42:33	36.96	--	1	3696	买盘
14:42:30	36.96	--	6	22176	卖盘
14:42:27	36.96	-0.01	5	18480	卖盘
14:42:24	36.97	0.01	2	7394	买盘
14:42:21	36.96	--	2	7392	买盘
14:42:18	36.96	--	1	3696	买盘
14:42:15	36.96	--	4	14784	买盘
14:42:12	36.96	--	1	3696	买盘
14:42:06	36.96	--	3	11088	买盘
14:42:00	36.96	--	5	18480	买盘
14:41:51	36.96	-0.01	3	11088	卖盘
14:41:39	36.97	-0.01	10	36970	卖盘
14:41:36	36.98	0.01	15	55469	买盘
14:41:33	36.97	-0.01	4	14788	卖盘
14:41:12	36.98	--	1	3697	买盘
14:41:09	36.98	--	30	110939	卖盘
14:41:06	36.98	--	5	18490	卖盘
14:41:03	36.98	--	4	14791	卖盘
14:41:00	36.98	-0.01	4	14791	卖盘
14:40:54	36.99	0.01	1	3699	买盘
14:40:51	36.98	--	1	3697	卖盘
14:40:48	36.98	--	8	29583	卖盘
14:40:45	36.98	-0.01	1	3697	卖盘
14:40:42	36.99	--	3	11097	买盘
14:40:39	36.99	--	2	7398	买盘
14:40:30	36.99	--	2	7398	买盘
14:40:24	36.99	--	10	36990	买盘
14:40:21	36.99	--	6	22194	买盘
14:40:18	36.99	--	18	66582	卖盘
14:40:09	36.99	-0.01	4	14796	卖盘
14:40:06	37.0	0.01	10	37000	买盘
14:40:03	36.99	--	10	36990	卖盘
14:39:54	36.99	--	6	22194	买盘
14:39:51	36.99	--	4	14796	卖盘
14:39:45	36.99	-0.01	1	3699	卖盘
14:39:42	37.0	0.01	1	3700	买盘
14:39:39	36.99	-0.01	2	7398	卖盘
14:39:33	37.0	--	3	11100	买盘
14:39:30	37.0	--	3	11100	买盘
14:39:27	37.0	--	5	18500	买盘
14:39:24	37.0	--	5	18500	买盘
14:39:21	37.0	--	1	3700	买盘
14:39:15	37.0	--	4	14800	买盘
14:39:06	37.0	-0.01	1	3700	买盘
14:39:03	37.01	0.01	2	7402	买盘
14:39:00	37.0	0.02	5	18500	卖盘
14:38:57	36.98	-0.02	46	170108	卖盘
14:38:54	37.0	--	1	3700	卖盘
14:38:51	37.0	--	1	3700	卖盘
14:38:45	37.0	--	4	14800	卖盘
14:38:42	37.0	--	20	74000	卖盘
14:38:33	37.0	--	19	70300	买盘
14:38:24	37.0	0.01	6	22200	买盘
14:38:15	36.99	-0.01	8	29592	卖盘
14:38:12	37.0	0.01	5	18500	买盘
14:38:06	36.99	-0.01	1	3699	卖盘
14:38:00	37.0	--	1	3700	中性盘
14:37:51	37.0	--	6	22200	买盘
14:37:42	37.0	-0.01	34	125800	卖盘
14:37:39	37.01	-0.01	3	11103	卖盘
14:37:36	37.02	--	11	40722	买盘
14:37:27	37.02	--	6	22212	卖盘
14:37:18	37.02	-0.01	4	14808	卖盘
14:37:09	37.03	-0.01	4	14812	卖盘
14:37:03	37.04	--	4	14816	买盘
14:36:57	37.04	-0.01	2	7408	中性盘
14:36:51	37.05	--	7	25934	买盘
14:36:48	37.05	--	2	7409	买盘
14:36:36	37.05	--	5	18525	买盘
14:36:33	37.05	--	32	118559	买盘
14:36:21	37.05	--	3	11115	卖盘
14:36:18	37.05	--	12	44460	买盘
14:36:06	37.05	--	21	77805	卖盘
14:35:57	37.05	--	38	140790	买盘
14:35:42	37.05	--	56	207479	买盘
14:35:30	37.05	0.04	10	37050	买盘
14:35:21	37.01	--	5	18505	卖盘
14:35:18	37.01	0.01	12	44412	买盘
14:35:06	37.0	0.01	12	47693	买盘
14:35:03	36.99	-0.01	27	99873	卖盘
14:35:00	37.0	0.01	21	77700	买盘
14:34:48	36.99	--	6	22194	买盘
14:34:45	36.99	0.01	2	7398	买盘
14:34:33	36.98	0.02	43	159014	买盘
14:34:27	36.96	-0.02	2	7392	卖盘
14:34:24	36.98	--	2	7395	买盘
14:34:21	36.98	0.02	10	36980	买盘
14:34:18	36.96	0.01	1	3696	中性盘
14:34:09	36.95	--	15	55425	卖盘
14:34:06	36.95	--	1	3695	卖盘
14:34:03	36.95	0.01	84	310380	买盘
14:34:00	36.94	-0.01	20	73880	卖盘
14:33:57	36.95	--	3	11085	买盘
14:33:54	36.95	0.01	6	22170	买盘
14:33:45	36.94	-0.01	4	14776	卖盘
14:33:42	36.95	0.01	12	44340	买盘
14:33:36	36.94	--	1	4063	卖盘
14:33:33	36.94	0.02	1	3694	买盘
14:33:30	36.92	--	2	7384	卖盘
14:33:24	36.92	--	2	7384	卖盘
14:33:15	36.92	0.01	2	7384	卖盘
14:33:12	36.91	0.1	70	258369	买盘
14:33:09	36.81	-0.08	30	110430	卖盘
14:33:06	36.89	0.04	9	33201	买盘
14:33:03	36.85	-0.04	24	88440	卖盘
14:33:00	36.89	-0.01	22	81158	中性盘
14:32:57	36.9	-0.01	7	25830	卖盘
14:32:54	36.91	--	3	11072	买盘
14:32:51	36.91	0.01	14	51673	买盘
14:32:48	36.9	-0.01	16	59040	卖盘
14:32:42	36.91	0.01	2	7381	买盘
14:32:36	36.9	-0.01	5	18450	卖盘
14:32:33	36.91	-0.03	3	11072	中性盘
14:32:30	36.94	0.03	31	114514	买盘
14:32:27	36.91	--	2	7381	卖盘
14:32:21	36.91	--	3	11072	卖盘
14:32:18	36.91	-0.08	10	36910	卖盘
14:32:15	36.99	0.04	5	18495	买盘
14:32:06	36.95	-0.03	38	140410	卖盘
14:31:57	36.98	-0.01	20	73960	卖盘
14:31:51	36.99	--	1	3699	卖盘
14:31:48	36.99	--	1	3699	卖盘
14:31:45	36.99	-0.01	1	3699	卖盘
14:31:42	37.0	--	4	14800	买盘
14:31:33	37.0	--	17	62900	买盘
14:31:30	37.0	--	17	63307	卖盘
14:31:27	37.0	-0.01	36	133533	卖盘
14:31:24	37.01	--	12	44412	买盘
14:31:21	37.01	0.01	10	37010	买盘
14:31:18	37.0	--	55	203500	卖盘
14:31:15	37.0	--	9	33300	卖盘
14:31:12	37.0	--	15	55500	卖盘
14:31:09	37.0	--	10	37000	卖盘
14:31:06	37.0	-0.01	8	29600	卖盘
14:31:03	37.01	-0.01	31	117358	卖盘
14:31:00	37.02	0.01	17	62934	买盘
14:30:57	37.01	--	9	33309	卖盘
14:30:54	37.01	--	95	351595	卖盘
14:30:51	37.01	--	11	40711	卖盘
14:30:48	37.01	--	2	7402	卖盘
14:30:42	37.01	-0.01	5	18838	卖盘
14:30:39	37.02	0.01	2	7404	中性盘
14:30:36	37.01	-0.01	10	37010	卖盘
14:30:33	37.02	--	10	37020	卖盘
14:30:30	37.02	--	9	33318	卖盘
14:30:27	37.02	-0.01	5	18510	卖盘
14:30:15	37.03	-0.03	33	122199	卖盘
14:30:12	37.06	-0.01	3	11118	卖盘
14:30:09	37.07	-0.01	7	25949	卖盘
14:30:06	37.08	0.01	6	22248	中性盘
14:30:00	37.07	-0.02	1	3707	卖盘
14:29:57	37.09	0.02	10	37090	买盘
14:29:51	37.07	-0.02	41	152728	卖盘
14:29:45	37.09	--	1	3709	卖盘
14:29:42	37.09	--	3	11127	卖盘
14:29:33	37.09	--	10	40057	卖盘
14:29:30	37.09	-0.01	5	18545	卖盘
14:29:27	37.1	0.01	4	14840	买盘
14:29:24	37.09	--	2	7418	卖盘
14:29:18	37.09	-0.01	3	11127	卖盘
14:29:15	37.1	0.01	2	7420	买盘
14:29:12	37.09	-0.01	11	40799	卖盘
14:29:03	37.1	--	5	18550	买盘
14:29:00	37.1	-0.01	116	430360	卖盘
14:28:57	37.11	--	5	18555	卖盘
14:28:54	37.11	-0.01	22	81642	卖盘
14:28:45	37.12	0.01	162	601344	买盘
14:28:39	37.11	--	1	3711	卖盘
14:28:36	37.11	0.01	16	59376	买盘
14:28:30	37.1	--	1	3710	卖盘
14:28:12	37.1	--	1	3710	卖盘
14:28:06	37.1	--	1	3710	卖盘
14:28:00	37.1	--	5	18550	卖盘
14:27:51	37.1	-0.01	6	22260	卖盘
14:27:48	37.11	0.01	13	48243	买盘
14:27:45	37.1	-0.01	13	48230	卖盘
14:27:42	37.11	--	10	37110	买盘
14:27:39	37.11	--	10	37110	买盘
14:27:36	37.11	--	7	25977	卖盘
14:27:33	37.11	-0.01	160	593760	卖盘
14:27:30	37.12	0.01	100	371200	买盘
14:27:24	37.11	--	1	3711	卖盘
14:27:21	37.11	--	1	3711	卖盘
14:27:15	37.11	--	1	3711	卖盘
14:27:12	37.11	--	41	152151	卖盘
14:27:03	37.11	0.01	4	14844	中性盘
14:27:00	37.1	-0.01	70	259700	卖盘
14:26:57	37.11	-0.01	11	40821	卖盘
14:26:54	37.12	0.01	10	37120	买盘
14:26:42	37.11	-0.01	4	14844	卖盘
14:26:36	37.12	-0.01	186	690432	卖盘
14:26:30	37.13	0.01	18	66834	买盘
14:26:24	37.12	--	15	55679	卖盘
14:26:12	37.12	0.01	1	3711	中性盘
14:26:00	37.11	-0.01	19	70509	卖盘
14:25:48	37.12	-0.01	1	3711	卖盘
14:25:45	37.13	0.02	14	51982	买盘
14:25:30	37.11	--	1	3711	卖盘
14:25:27	37.11	-0.01	11	40821	卖盘
14:25:24	37.12	--	3	11136	买盘
14:25:15	37.12	--	62	230143	买盘
14:25:03	37.12	--	1	3711	买盘
14:24:57	37.12	--	16	59391	卖盘
14:24:54	37.12	0.01	1	3711	买盘
14:24:48	37.11	0.01	2	7422	中性盘
14:24:36	37.1	-0.02	7	25970	卖盘
14:24:27	37.12	0.02	3	11136	买盘
14:24:24	37.1	--	2	7420	卖盘
14:24:15	37.1	--	2	7420	卖盘
14:24:03	37.1	--	1	3710	卖盘
14:24:00	37.1	--	2	7420	卖盘
14:23:45	37.1	-0.03	1	3710	卖盘
14:23:42	37.13	0.03	5	18565	买盘
14:23:30	37.1	-0.01	10	37100	卖盘
14:23:15	37.11	-0.01	30	111330	卖盘
14:23:12	37.12	-0.01	15	55679	卖盘
14:22:51	37.13	--	6	22278	卖盘
14:22:30	37.13	-0.01	1	3713	卖盘
14:22:15	37.14	-0.02	6	22284	卖盘
14:22:09	37.16	--	10	37160	买盘
14:22:03	37.16	-0.01	26	96615	卖盘
14:21:30	37.17	--	3	11151	买盘
14:21:27	37.17	--	3	11151	卖盘
14:21:24	37.17	0.01	27	100359	买盘
14:21:12	37.16	--	3	11147	卖盘
14:21:09	37.16	--	20	74320	卖盘
14:21:06	37.16	--	1	3715	卖盘
14:21:03	37.16	--	6	22295	卖盘
14:20:51	37.16	--	1	3715	卖盘
14:20:45	37.16	0.01	14	52023	买盘
14:20:42	37.15	--	7	26005	卖盘
14:20:39	37.15	-0.01	5	18575	卖盘
14:20:33	37.16	0.01	1	3715	买盘
14:20:21	37.15	-0.01	19	70585	中性盘
14:20:09	37.16	--	2	7431	中性盘
14:20:03	37.16	-0.01	16	59455	卖盘
14:19:57	37.17	--	1	3717	买盘
14:19:48	37.17	--	1	3717	买盘
14:19:45	37.17	-0.01	78	289926	卖盘
14:19:36	37.18	--	30	111540	卖盘
14:19:30	37.18	0.01	8	29744	中性盘
14:18:54	37.17	--	1	3717	买盘
14:18:45	37.17	0.01	3	11151	买盘
14:18:42	37.16	0.01	1	3715	卖盘
14:18:36	37.15	-0.02	51	189465	卖盘
14:18:27	37.17	-0.02	1	3717	卖盘
14:18:21	37.19	--	10	37190	买盘
14:18:18	37.19	--	7	26033	买盘
14:18:15	37.19	--	9	33471	卖盘
14:18:09	37.19	-0.01	30	111570	卖盘
14:17:57	37.2	--	2	7440	买盘
14:17:54	37.2	0.01	5	18600	买盘
14:17:48	37.19	--	4	14876	卖盘
14:17:42	37.19	--	15	55785	卖盘
14:17:24	37.19	--	1	3719	卖盘
14:17:18	37.19	--	6	22314	卖盘
14:17:15	37.19	-0.01	1	3719	卖盘
14:17:12	37.2	--	1	3720	买盘
14:17:09	37.2	0.01	2	7440	买盘
14:16:51	37.19	0.02	4	14876	买盘
14:16:33	37.17	0.03	3	11151	买盘
14:16:21	37.14	-0.03	9	33426	卖盘
14:16:15	37.17	0.03	1	3717	中性盘
14:15:54	37.14	--	2	7428	中性盘
14:15:45	37.14	--	20	74280	买盘
14:15:36	37.14	--	6	22284	买盘
14:15:30	37.14	--	8	29712	买盘
14:15:27	37.14	--	3	11142	买盘
14:15:21	37.14	--	19	70566	卖盘
14:15:06	37.14	--	25	92850	卖盘
14:14:54	37.14	--	2	7428	买盘
14:14:48	37.14	0.01	6	22284	买盘
14:14:36	37.13	--	3	11139	卖盘
14:14:33	37.13	0.02	3	11139	中性盘
14:14:06	37.11	--	2	7422	卖盘
14:13:57	37.11	--	4	14844	买盘
14:13:54	37.11	--	14	51954	买盘
14:13:51	37.11	--	4	14844	买盘
14:13:48	37.11	--	1	3711	买盘
14:13:45	37.11	--	5	18555	买盘
14:13:39	37.11	0.02	80	296880	买盘
14:13:33	37.09	--	7	25963	卖盘
14:13:30	37.09	-0.01	1	3709	卖盘
14:13:27	37.1	0.01	5	18550	买盘
14:13:18	37.09	0.01	11	40799	买盘
14:13:15	37.08	--	8	29664	卖盘
14:13:12	37.08	--	16	59328	卖盘
14:13:09	37.08	--	4	14832	卖盘
14:13:03	37.08	--	2	7416	卖盘
14:13:00	37.08	--	5	18540	卖盘
14:12:57	37.08	0.01	5	18540	买盘
14:12:54	37.07	-0.01	2	7414	卖盘
14:12:39	37.08	-0.01	76	281808	卖盘
14:12:33	37.09	0.01	2	7418	买盘
14:12:27	37.08	-0.01	2	7416	卖盘
14:12:24	37.09	-0.01	2	7418	中性盘
14:12:06	37.1	--	5	18550	买盘
14:12:03	37.1	--	1	3710	买盘
14:12:00	37.1	--	26	96460	卖盘
14:11:45	37.1	--	57	211470	卖盘
14:11:33	37.1	--	2	7420	卖盘
14:11:24	37.1	-0.01	10	37100	卖盘
14:11:21	37.11	0.01	6	22266	买盘
14:11:15	37.1	-0.01	6	22260	卖盘
14:11:03	37.11	-0.01	6	22266	买盘
14:11:00	37.12	0.01	13	48256	中性盘
14:10:54	37.11	-0.01	20	74220	卖盘
14:10:48	37.12	0.01	17	63103	买盘
14:10:45	37.11	-0.01	10	37110	卖盘
14:10:39	37.12	--	10	37120	买盘
14:10:36	37.12	--	33	122495	卖盘
14:10:30	37.12	--	10	37120	卖盘
14:10:24	37.12	--	8	29695	卖盘
14:10:18	37.12	--	1	3711	卖盘
14:10:03	37.12	-0.03	4	14847	中性盘
14:09:45	37.15	--	26	96590	卖盘
14:09:24	37.15	0.03	13	48295	买盘
14:09:21	37.12	0.01	2	7423	卖盘
14:09:18	37.11	-0.02	6	22266	卖盘
14:09:15	37.13	0.02	27	100251	买盘
14:09:12	37.11	--	2	7422	卖盘
14:09:06	37.11	--	1	3711	卖盘
14:09:03	37.11	-0.01	1	3711	卖盘
14:08:57	37.12	--	2	7423	买盘
14:08:48	37.12	-0.01	13	48256	卖盘
14:08:45	37.13	--	1	3713	卖盘
14:08:42	37.13	--	5	18565	卖盘
14:08:39	37.13	0.02	10	37130	买盘
14:08:30	37.11	-0.01	10	37110	卖盘
14:08:27	37.12	-0.01	1	3711	中性盘
14:08:18	37.13	0.02	20	74260	买盘
14:08:15	37.11	--	1	3711	卖盘
14:08:12	37.11	-0.02	3	11133	卖盘
14:08:06	37.13	--	2	7426	买盘
14:08:00	37.13	--	5	18565	买盘
14:07:51	37.13	-0.02	50	185650	卖盘
14:07:39	37.15	-0.01	2	7430	买盘
14:07:36	37.16	-0.03	95	353019	卖盘
14:07:30	37.19	--	6	22314	卖盘
14:07:15	37.19	-0.01	1	3719	卖盘
14:07:09	37.2	--	80	300985	卖盘
14:07:03	37.2	-0.02	9	33480	卖盘
14:06:54	37.22	0.02	10	37220	买盘
14:06:51	37.2	-0.02	4	14880	卖盘
14:06:48	37.22	--	58	218853	买盘
14:06:45	37.22	-0.01	41	152602	卖盘
14:06:39	37.23	--	2	7445	买盘
14:06:36	37.23	--	1	3722	买盘
14:06:30	37.23	--	7	26060	买盘
14:06:27	37.23	--	1	3722	买盘
14:06:18	37.23	--	5	18615	买盘
14:06:15	37.23	--	1	3722	买盘
14:05:51	37.23	--	2	7445	买盘
14:05:36	37.23	-0.03	1	3722	卖盘
14:05:30	37.26	0.01	3	11178	买盘
14:05:18	37.25	0.02	17	63325	买盘
14:05:06	37.23	-0.03	1	3722	中性盘
14:03:48	37.26	--	16	60361	卖盘
14:03:42	37.26	0.03	19	73774	买盘
14:03:33	37.23	--	4	14891	卖盘
14:03:27	37.23	--	2	7445	卖盘
14:03:24	37.23	--	5	18615	中性盘
14:03:12	37.23	--	3	11168	买盘
14:03:03	37.23	-0.03	1	3722	卖盘
14:02:45	37.26	-0.01	5	18630	买盘
14:02:21	37.27	--	2	8199	卖盘
14:02:18	37.27	0.01	19	73794	买盘
14:02:15	37.26	--	36	134881	卖盘
14:02:06	37.26	--	3	11178	卖盘
14:02:03	37.26	--	3	11178	卖盘
14:01:45	37.26	0.05	7	29062	买盘
14:01:36	37.21	--	3	11163	卖盘
14:01:33	37.21	-0.05	5	18605	卖盘
14:01:24	37.26	0.06	5	18630	买盘
14:01:09	37.2	--	16	60598	卖盘
14:00:51	37.2	0.01	7	26040	买盘
14:00:45	37.19	--	6	22314	卖盘
14:00:39	37.19	--	7	26033	卖盘
14:00:30	37.19	--	11	40909	卖盘
14:00:27	37.19	-0.01	10	37190	卖盘
14:00:21	37.2	--	3	11160	买盘
14:00:18	37.2	0.01	2	7440	买盘
14:00:09	37.19	--	47	174793	卖盘
14:00:06	37.19	-0.01	3	11157	卖盘
14:00:03	37.2	--	2	7440	买盘
13:59:48	37.2	0.01	2	7440	买盘
13:59:42	37.19	-0.01	5	18595	卖盘
13:59:30	37.2	--	5	18600	买盘
13:59:27	37.2	--	6	22320	卖盘
13:59:06	37.2	-0.06	1	3720	卖盘
13:58:51	37.26	--	2	8197	卖盘
13:58:39	37.26	--	3	11178	卖盘
13:58:30	37.26	0.06	9	36514	买盘
13:58:24	37.2	-0.06	127	473184	卖盘
13:58:18	37.26	-0.02	3	11178	中性盘
13:58:00	37.28	--	51	190128	买盘
13:57:57	37.28	0.01	3	11184	买盘
13:57:36	37.27	--	1	3727	卖盘
13:57:30	37.27	--	1	3727	买盘
13:57:24	37.27	-0.01	2	7454	卖盘
13:57:18	37.28	0.01	8	29824	买盘
13:56:42	37.27	0.01	3	11181	中性盘
13:56:36	37.26	--	10	37260	卖盘
13:56:21	37.26	--	1	3726	卖盘
13:56:12	37.26	-0.01	50	186300	卖盘
13:55:54	37.27	-0.01	3	11181	卖盘
13:55:51	37.28	0.01	1	3728	买盘
13:55:48	37.27	-0.01	7	26089	卖盘
13:55:45	37.28	-0.01	11	41008	卖盘
13:55:24	37.29	--	1	3729	买盘
13:55:15	37.29	0.01	5	18645	买盘
13:55:12	37.28	-0.01	2	7456	卖盘
13:55:00	37.29	--	17	63393	卖盘
13:54:51	37.29	--	5	18645	卖盘
13:54:45	37.29	-0.01	1	3729	卖盘
13:54:42	37.3	--	2	7459	买盘
13:54:21	37.3	0.02	12	47408	卖盘
13:53:39	37.28	--	7	27177	买盘
13:53:36	37.28	--	8	30010	卖盘
13:53:33	37.28	-0.03	7	26096	卖盘
13:53:12	37.31	0.03	1	3731	中性盘
13:52:54	37.28	-0.02	6	22368	卖盘
13:52:48	37.3	-0.02	3	11190	卖盘
13:52:45	37.32	0.01	2	7464	卖盘
13:52:42	37.31	--	2	7462	买盘
13:52:30	37.31	-0.06	1	3731	卖盘
13:51:36	37.37	--	1	3736	买盘
13:51:27	37.37	-0.01	4	14947	卖盘
13:51:24	37.38	-0.01	7	26166	中性盘
13:51:09	37.39	0.01	1	3739	买盘
13:51:06	37.38	--	1	3738	中性盘
13:51:03	37.38	-0.01	10	37380	卖盘
13:50:57	37.39	0.01	10	37390	买盘
13:50:39	37.38	--	8	29904	卖盘
13:50:36	37.38	0.01	7	26166	买盘
13:50:12	37.37	0.07	2	7473	买盘
13:49:54	37.3	0.02	2	7459	买盘
13:49:39	37.28	--	5	22181	买盘
13:49:12	37.28	--	4	15098	卖盘
13:49:09	37.28	--	1	3728	卖盘
13:49:00	37.28	--	3	11184	卖盘
13:48:51	37.28	0.02	7	29637	买盘
13:48:48	37.26	--	18	67068	买盘
13:48:24	37.26	-0.02	3	11178	卖盘
13:48:12	37.28	--	3	11184	买盘
13:47:54	37.28	-0.07	44	164218	卖盘
13:47:48	37.35	-0.01	5	18675	卖盘
13:47:36	37.36	--	5	18680	买盘
13:47:27	37.36	-0.02	5	18680	卖盘
13:47:18	37.38	-0.01	6	22428	卖盘
13:47:09	37.39	--	5	18695	卖盘
13:47:06	37.39	--	1	3739	卖盘
13:47:03	37.39	--	4	14956	卖盘
13:46:57	37.39	-0.01	6	22434	卖盘
13:46:48	37.4	0.04	2	7480	买盘
13:46:45	37.36	-0.04	3	11208	卖盘
13:46:36	37.4	--	30	112200	买盘
13:46:18	37.4	--	2	7480	买盘
13:46:15	37.4	--	12	44880	买盘
13:45:54	37.4	0.01	4	14960	买盘
13:45:45	37.39	-0.01	1	3739	卖盘
13:45:42	37.4	--	1	3740	买盘
13:45:36	37.4	--	10	37400	买盘
13:45:33	37.4	--	5	18700	买盘
13:45:30	37.4	--	2	7480	买盘
13:45:24	37.4	--	19	71060	买盘
13:45:15	37.4	0.01	7	26180	买盘
13:45:06	37.39	--	9	33651	买盘
13:45:03	37.39	0.07	5	18695	买盘
13:44:42	37.32	0.02	27	100764	买盘
13:44:36	37.3	--	3	11190	卖盘
13:44:33	37.3	0.01	7	26109	买盘
13:44:18	37.29	0.04	72	272030	买盘
13:43:45	37.25	-0.01	1	3725	卖盘
13:43:30	37.26	--	15	55890	买盘
13:43:27	37.26	0.01	5	18630	买盘
13:43:24	37.25	--	5	18625	卖盘
13:43:00	37.25	--	5	18625	卖盘
13:42:57	37.25	--	1	3725	卖盘
13:42:36	37.25	0.05	20	74500	买盘
13:42:18	37.2	--	8	29760	卖盘
13:42:12	37.2	-0.05	10	37200	卖盘
13:42:06	37.25	0.05	2	7450	买盘
13:41:54	37.2	--	10	37200	卖盘
13:41:30	37.2	-0.05	2	7440	卖盘
13:41:06	37.25	0.05	5	18625	买盘
13:40:57	37.2	-0.06	4	14880	卖盘
13:40:27	37.26	0.06	5	18630	买盘
13:40:06	37.2	-0.06	1	3720	卖盘
13:39:30	37.26	-0.02	34	126684	卖盘
13:39:15	37.28	0.02	1	3728	买盘
13:39:12	37.26	-0.02	6	22356	卖盘
13:39:06	37.28	0.02	4	14912	买盘
13:38:54	37.26	--	9	33534	买盘
13:38:39	37.26	--	2	7452	买盘
13:38:33	37.26	0.06	6	22356	买盘
13:38:18	37.2	-0.06	3	14136	卖盘
13:38:12	37.26	0.06	1	3726	买盘
13:38:06	37.2	-0.08	13	48360	卖盘
13:37:45	37.28	0.02	1	3728	买盘
13:37:39	37.26	-0.02	1	3726	卖盘
13:37:21	37.28	--	2	7456	买盘
13:37:15	37.28	--	6	22368	买盘
13:37:09	37.28	0.02	1	3728	买盘
13:37:00	37.26	-0.01	1	3726	买盘
13:36:57	37.27	--	2	7640	卖盘
13:36:54	37.27	--	1	3727	卖盘
13:36:51	37.27	--	1	7267	买盘
13:36:39	37.27	0.02	3	11181	买盘
13:36:36	37.25	-0.01	2	9871	卖盘
13:36:18	37.26	--	6	22356	卖盘
13:35:54	37.26	0.01	3	11178	中性盘
13:35:45	37.25	--	18	68353	买盘
13:35:42	37.25	0.01	29	108025	买盘
13:35:39	37.24	--	54	201468	卖盘
13:35:36	37.24	--	2	7448	卖盘
13:35:27	37.24	--	1	3724	卖盘
13:35:24	37.24	--	4	14896	卖盘
13:35:12	37.24	-0.01	5	18620	卖盘
13:35:09	37.25	0.01	10	37250	买盘
13:34:45	37.24	--	1	3724	卖盘
13:34:42	37.24	0.04	9	36867	买盘
13:34:06	37.2	-0.03	1	3720	卖盘
13:33:39	37.23	--	0	372	卖盘
13:32:39	37.23	0.03	14	55472	买盘
13:32:30	37.2	-0.03	3	11160	卖盘
13:32:00	37.23	--	1	3722	买盘
13:31:45	37.23	--	9	33879	卖盘
13:31:42	37.23	--	0	3350	买盘
13:31:36	37.23	--	10	37230	买盘
13:31:33	37.23	--	2	7445	买盘
13:31:27	37.23	--	7	26433	卖盘
13:31:06	37.23	-0.02	1	3722	卖盘
13:30:30	37.25	--	2	7450	买盘
13:30:27	37.25	--	5	18625	买盘
13:30:12	37.25	0.03	4	14900	买盘
13:29:54	37.22	--	0	3349	买盘
13:29:24	37.22	--	1	3722	买盘
13:29:15	37.22	--	3	11166	买盘
13:29:12	37.22	--	3	11166	买盘
13:29:03	37.22	--	1	3722	买盘
13:28:48	37.22	0.06	120	446640	买盘
13:28:42	37.16	0.01	4	14863	买盘
13:28:39	37.15	0.02	12	44580	中性盘
13:28:27	37.13	--	1	3713	卖盘
13:28:24	37.13	--	2	7426	卖盘
13:28:00	37.13	-0.09	5	18565	卖盘
13:27:48	37.22	0.04	100	372200	买盘
13:27:42	37.18	-0.02	1	3718	中性盘
13:27:06	37.2	--	26	96720	买盘
13:26:45	37.2	--	9	33480	卖盘
13:26:36	37.2	--	1	3720	卖盘
13:26:33	37.2	--	45	167400	卖盘
13:26:30	37.2	--	3	11160	卖盘
13:26:27	37.2	-0.01	3	11160	卖盘
13:26:21	37.21	--	37	138049	卖盘
13:26:15	37.21	--	1	3721	卖盘
13:26:06	37.21	--	1	3721	卖盘
13:26:03	37.21	-0.01	2	7442	卖盘
13:25:51	37.22	--	2	7444	买盘
13:25:42	37.22	--	5	18610	卖盘
13:25:39	37.22	--	20	74440	卖盘
13:25:18	37.22	-0.03	7	26054	卖盘
13:25:15	37.25	-0.04	4	14900	卖盘
13:25:12	37.29	--	1	3729	买盘
13:24:51	37.29	--	4	14916	卖盘
13:24:33	37.29	-0.01	1	3729	卖盘
13:24:15	37.3	-0.01	7	26109	卖盘
13:24:06	37.31	0.01	1	3731	买盘
13:23:36	37.3	0.01	2	7459	买盘
13:23:21	37.29	--	3	11187	卖盘
13:23:18	37.29	0.07	12	44748	买盘
13:22:54	37.22	-0.01	10	37220	卖盘
13:22:48	37.23	-0.02	7	26060	卖盘
13:22:42	37.25	0.02	1	3725	买盘
13:22:18	37.23	0.01	67	249440	买盘
13:22:15	37.22	--	11	40942	卖盘
13:22:03	37.22	--	1	3722	卖盘
13:22:00	37.22	-0.01	6	22332	卖盘
13:21:57	37.23	--	5	18615	买盘
13:21:48	37.23	0.01	5	18615	买盘
13:21:45	37.22	-0.01	7	26054	卖盘
13:21:12	37.23	--	14	52121	卖盘
13:21:03	37.23	--	3	11168	卖盘
13:20:57	37.23	--	33	122858	卖盘
13:20:42	37.23	-0.06	1	3722	卖盘
13:20:30	37.29	0.06	1	3729	买盘
13:20:06	37.23	-0.06	1	3722	卖盘
13:19:57	37.29	0.06	2	7458	买盘
13:19:51	37.23	-0.07	2	7445	卖盘
13:19:48	37.3	0.07	11	41030	买盘
13:19:36	37.23	-0.06	6	22337	卖盘
13:19:33	37.29	--	1	3729	卖盘
13:19:30	37.29	0.06	1	3729	买盘
13:19:18	37.23	0.01	1	3722	中性盘
13:19:12	37.22	-0.07	23	85606	卖盘
13:19:06	37.29	-0.01	3	11187	中性盘
13:18:51	37.3	-0.01	29	108169	中性盘
13:18:36	37.31	--	3	11193	买盘
13:18:27	37.31	--	6	22386	买盘
13:18:21	37.31	0.01	2	7462	买盘
13:18:15	37.3	0.09	1	3729	中性盘
13:17:57	37.21	-0.09	95	356843	卖盘
13:17:51	37.3	--	1	3729	买盘
13:17:36	37.3	--	8	29839	买盘
13:17:30	37.3	--	4	14919	卖盘
13:17:15	37.3	-0.01	1	3729	卖盘
13:17:09	37.31	-0.04	2	7462	卖盘
13:17:03	37.35	--	3	11205	买盘
13:16:54	37.35	0.04	3	11205	买盘
13:16:48	37.31	-0.03	2	7462	卖盘
13:16:42	37.34	--	4	14936	卖盘
13:16:36	37.34	--	20	74680	卖盘
13:16:30	37.34	--	1	3734	卖盘
13:16:21	37.34	--	3	11202	卖盘
13:16:15	37.34	-0.01	1	3734	卖盘
13:16:09	37.35	-0.02	37	138568	卖盘
13:16:03	37.37	0.01	2	7473	买盘
13:15:57	37.36	--	4	14944	卖盘
13:15:54	37.36	--	9	33624	卖盘
13:15:48	37.36	--	23	85928	卖盘
13:15:45	37.36	0.01	4	18306	买盘
13:15:27	37.35	-0.01	17	63868	卖盘
13:15:21	37.36	--	5	22042	卖盘
13:15:15	37.36	--	102	381072	卖盘
13:15:09	37.36	--	10	37360	卖盘
13:15:03	37.36	-0.04	2	7472	中性盘
13:14:15	37.4	--	6	22440	买盘
13:14:12	37.4	--	6	22440	买盘
13:14:09	37.4	0.02	3	11220	买盘
13:14:06	37.38	-0.02	1	3738	卖盘
13:14:00	37.4	--	3	11220	买盘
13:13:57	37.4	-0.02	10	38896	卖盘
13:13:39	37.42	--	5	18710	买盘
13:13:27	37.42	--	25	93550	卖盘
13:13:21	37.42	-0.02	2	7484	卖盘
13:13:18	37.44	0.02	3	11232	买盘
13:13:09	37.42	--	6	22452	卖盘
13:13:06	37.42	--	2	7484	卖盘
13:13:03	37.42	0.02	64	239488	买盘
13:13:00	37.4	-0.02	6	22440	卖盘
13:12:57	37.42	--	1	3742	买盘
13:12:54	37.42	--	8	29936	卖盘
13:12:48	37.42	--	2	7484	买盘
13:12:39	37.42	0.02	28	104776	买盘
13:12:36	37.4	--	2	7480	卖盘
13:12:30	37.4	--	0	2244	买盘
13:12:27	37.4	--	3	11220	买盘
13:12:18	37.4	0.02	3	11220	买盘
13:12:12	37.38	-0.01	3	11214	卖盘
13:12:03	37.39	--	21	78519	买盘
13:12:00	37.39	0.01	2	7478	买盘
13:11:57	37.38	--	4	14952	买盘
13:11:48	37.38	0.03	3	11214	买盘
13:11:39	37.35	0.02	34	126990	买盘
13:11:30	37.33	0.01	1	3733	买盘
13:11:27	37.32	--	3	11196	卖盘
13:11:15	37.32	--	11	41052	买盘
13:11:12	37.32	--	20	74640	买盘
13:11:00	37.32	--	22	82104	买盘
13:10:51	37.32	0.01	50	186600	买盘
13:10:45	37.31	-0.01	6	22386	卖盘
13:10:36	37.32	--	10	37320	买盘
13:10:21	37.32	--	24	89568	买盘
13:10:18	37.32	--	76	283632	卖盘
13:10:15	37.32	-0.02	81	302292	卖盘
13:10:12	37.34	0.02	15	56010	买盘
13:10:09	37.32	0.02	15	55980	买盘
13:10:06	37.3	--	5	18650	卖盘
13:09:33	37.3	0.05	26	96979	买盘
13:09:12	37.25	-0.05	3	11175	中性盘
13:09:03	37.3	0.05	150	559500	买盘
13:08:57	37.25	--	1	3725	买盘
13:08:48	37.25	0.01	1	3725	买盘
13:08:30	37.24	--	7	26068	买盘
13:08:03	37.24	--	1	3724	卖盘
13:07:54	37.24	--	5	18620	卖盘
13:07:51	37.24	0.02	4	14896	中性盘
13:07:12	37.22	-0.02	4	14888	卖盘
13:06:57	37.24	-0.01	2	7448	中性盘
13:06:39	37.25	0.03	1	3725	买盘
13:05:48	37.22	--	8	29776	卖盘
13:05:45	37.22	--	25	93050	卖盘
13:05:18	37.22	--	1	3722	卖盘
13:05:12	37.22	--	19	70718	卖盘
13:05:06	37.22	-0.01	1	3722	卖盘
13:05:03	37.23	0.01	3	11168	买盘
13:05:00	37.22	-0.01	3	11166	卖盘
13:04:36	37.23	-0.02	5	18615	卖盘
13:04:30	37.25	-0.01	1	3725	中性盘
13:04:12	37.26	0.03	4	14904	买盘
13:03:57	37.23	-0.02	6	22337	卖盘
13:03:39	37.25	-0.01	5	18625	中性盘
13:03:12	37.26	0.01	15	55890	买盘
13:03:09	37.25	-0.01	20	74500	中性盘
13:02:45	37.26	-0.04	56	208656	中性盘
13:02:30	37.3	--	15	55949	买盘
13:02:21	37.3	0.04	28	104439	买盘
13:02:18	37.26	-0.04	1	3726	卖盘
13:02:09	37.3	--	21	78330	中性盘
13:01:45	37.3	0.04	2	7459	买盘
13:01:15	37.26	--	1	3726	卖盘
13:01:12	37.26	-0.06	1	3726	买盘
13:00:45	37.32	0.12	9	33588	买盘
13:00:42	37.2	-0.04	65	241800	卖盘
13:00:15	37.24	-0.02	39	145236	卖盘
13:00:12	37.26	0.02	8	29808	买盘
13:00:09	37.24	-0.02	3	11172	卖盘
13:00:06	37.26	--	30	111780	卖盘
13:00:03	37.26	-0.03	10	37260	卖盘
11:30:03	37.29	--	0	0	中性盘
11:29:45	37.29	--	1	3729	买盘
11:29:39	37.29	--	4	14916	买盘
11:29:27	37.29	--	21	78309	买盘
11:29:06	37.29	0.05	8	29832	买盘
11:29:00	37.24	-0.02	4	14896	卖盘
11:28:48	37.26	--	15	55890	买盘
11:28:39	37.26	0.02	2	7452	买盘
11:28:27	37.24	-0.01	20	74480	卖盘
11:28:06	37.25	0.01	4	14900	买盘
11:27:54	37.24	0.01	2	7448	买盘
11:27:51	37.23	-0.01	4	14891	卖盘
11:27:45	37.24	--	3	11172	买盘
11:27:30	37.24	--	20	75634	买盘
11:27:18	37.24	--	53	197372	买盘
11:27:03	37.24	--	2	7448	中性盘
11:26:57	37.24	--	3	11172	买盘
11:26:45	37.24	0.02	1	3724	中性盘
11:26:30	37.22	--	1	3722	卖盘
11:26:27	37.22	-0.04	8	29776	卖盘
11:26:24	37.26	0.01	41	152766	买盘
11:26:15	37.25	--	1	3725	卖盘
11:26:09	37.25	0.01	1	3725	买盘
11:26:03	37.24	--	50	186200	卖盘
11:26:00	37.24	--	2	7448	卖盘
11:25:48	37.24	--	5	18620	卖盘
11:25:39	37.24	--	15	55860	卖盘
11:25:36	37.24	-0.02	2	7448	卖盘
11:25:30	37.26	--	7	26082	买盘
11:25:24	37.26	0.02	1	3726	卖盘
11:25:21	37.24	-0.02	40	148960	卖盘
11:25:15	37.26	--	27	100602	买盘
11:25:06	37.26	0.02	1	3726	买盘
11:24:54	37.24	--	2	7448	卖盘
11:24:51	37.24	-0.01	2	7448	卖盘
11:24:45	37.25	--	2	10020	卖盘
11:24:39	37.25	-0.04	11	40975	卖盘
11:24:24	37.29	-0.04	4	14916	卖盘
11:24:21	37.33	0.04	2	7466	中性盘
11:24:12	37.29	--	2	7458	卖盘
11:24:06	37.29	--	1	3729	卖盘
11:24:03	37.29	0.04	1	3729	买盘
11:23:54	37.25	--	9	33525	卖盘
11:23:51	37.25	0.03	34	127804	买盘
11:23:45	37.22	-0.03	5	18610	中性盘
11:23:18	37.25	0.16	10	37250	买盘
11:23:06	37.09	-0.12	18	66762	卖盘
11:23:03	37.21	0.11	1	3721	买盘
11:22:54	37.1	--	1	3710	买盘
11:22:48	37.1	0.01	4	14840	买盘
11:22:42	37.09	0.05	27	100143	买盘
11:22:39	37.04	0.01	1	3704	卖盘
11:22:36	37.03	-0.01	22	81466	卖盘
11:22:33	37.04	--	8	29632	买盘
11:22:30	37.04	0.01	14	51856	买盘
11:22:27	37.03	-0.01	5	18515	卖盘
11:22:24	37.04	0.01	15	55560	买盘
11:22:15	37.03	-0.01	4	14812	中性盘
11:22:09	37.04	--	18	67412	卖盘
11:22:06	37.04	--	1	3704	卖盘
11:22:03	37.04	--	1	3704	买盘
11:22:00	37.04	0.01	1	3704	中性盘
11:21:54	37.03	-0.06	15	55545	卖盘
11:21:51	37.09	--	1	3709	卖盘
11:21:45	37.09	-0.03	16	59344	卖盘
11:21:42	37.12	--	3	11136	买盘
11:21:33	37.12	-0.08	37	138828	卖盘
11:21:30	37.2	0.08	1	3720	中性盘
11:21:15	37.12	-0.08	83	310323	卖盘
11:21:12	37.2	--	8	29760	卖盘
11:21:09	37.2	--	3	11160	卖盘
11:21:03	37.2	--	6	22320	卖盘
11:20:45	37.2	-0.05	15	55800	卖盘
11:20:36	37.25	--	30	111750	买盘
11:20:30	37.25	--	12	44700	卖盘
11:20:27	37.25	--	6	22350	卖盘
11:20:24	37.25	--	15	55875	卖盘
11:20:18	37.25	0.01	3	11175	买盘
11:20:15	37.24	-0.01	2	7448	卖盘
11:19:51	37.25	-0.01	1	3725	卖盘
11:19:45	37.26	--	1	3726	买盘
11:19:33	37.26	--	25	96130	卖盘
11:19:18	37.26	--	21	78991	卖盘
11:19:15	37.26	--	3	11178	卖盘
11:19:06	37.26	--	8	29808	卖盘
11:18:51	37.26	-0.04	1	3726	卖盘
11:18:48	37.3	0.04	1	3729	买盘
11:18:45	37.26	--	10	37260	卖盘
11:18:42	37.26	-0.04	1	3726	卖盘
11:18:39	37.3	0.04	4	14919	买盘
11:18:30	37.26	-0.04	22	81972	卖盘
11:18:24	37.3	-0.06	118	440139	卖盘
11:17:51	37.36	-0.04	16	59776	卖盘
11:17:33	37.4	-0.01	4	16456	卖盘
11:17:12	37.41	-0.04	10	37410	卖盘
11:17:06	37.45	0.02	5	18725	买盘
11:16:54	37.43	-0.02	1	3743	卖盘
11:16:21	37.45	--	2	7490	卖盘
11:16:15	37.45	--	2	7490	卖盘
11:16:12	37.45	--	5	18725	卖盘
11:16:09	37.45	--	5	18725	卖盘
11:15:57	37.45	--	2	7490	卖盘
11:15:54	37.45	-0.01	3	11235	卖盘
11:15:51	37.46	--	18	67428	买盘
11:15:48	37.46	--	7	26222	买盘
11:15:42	37.46	--	3	11238	买盘
11:15:36	37.46	--	2	7492	买盘
11:15:15	37.46	0.01	22	82412	买盘
11:15:12	37.45	--	2	7490	卖盘
11:15:06	37.45	--	2	7490	卖盘
11:15:03	37.45	--	6	22470	卖盘
11:14:57	37.45	--	3	11235	卖盘
11:14:48	37.45	--	10	37450	买盘
11:14:39	37.45	--	1	3745	中性盘
11:14:24	37.45	--	2	7490	卖盘
11:14:21	37.45	0.03	7	26215	买盘
11:14:06	37.42	-0.03	1	3742	卖盘
11:14:03	37.45	0.03	1	3745	买盘
11:13:54	37.42	0.02	20	74840	买盘
11:13:51	37.4	-0.01	2	7480	卖盘
11:13:42	37.41	0.01	3	11222	买盘
11:13:18	37.4	0.08	38	144364	买盘
11:13:09	37.32	-0.03	3	11196	卖盘
11:12:42	37.35	--	3	11205	买盘
11:12:27	37.35	--	1	3735	买盘
11:12:24	37.35	--	1	3735	买盘
11:12:21	37.35	--	1	3735	买盘
11:12:09	37.35	-0.05	8	29880	卖盘
11:12:00	37.4	0.05	70	261800	买盘
11:11:48	37.35	--	4	14940	买盘
11:11:42	37.35	--	7	26145	买盘
11:11:39	37.35	0.01	5	18675	买盘
11:11:21	37.34	0.03	1	3734	买盘
11:11:15	37.31	--	3	11193	卖盘
11:11:09	37.31	0.01	2	7462	买盘
11:10:54	37.3	--	5	18650	卖盘
11:10:48	37.3	0.04	7	26109	买盘
11:10:45	37.26	-0.02	105	391230	卖盘
11:10:42	37.28	--	1	3728	卖盘
11:10:30	37.28	0.02	3	11184	买盘
11:10:27	37.26	-0.01	18	67068	卖盘
11:10:24	37.27	-0.01	30	111810	卖盘
11:10:12	37.28	0.01	6	22368	买盘
11:09:54	37.27	-0.03	3	11181	卖盘
11:09:48	37.3	0.02	8	29839	买盘
11:09:33	37.28	-0.02	1	3728	卖盘
11:09:30	37.3	--	2	7459	买盘
11:09:27	37.3	0.03	10	37300	买盘
11:09:24	37.27	-0.03	1	3727	卖盘
11:09:21	37.3	-0.01	76	283480	卖盘
11:09:12	37.31	--	10	37310	买盘
11:09:00	37.31	-0.07	37	138047	卖盘
11:08:30	37.38	-0.01	1	3738	中性盘
11:08:18	37.39	-0.01	2	7478	买盘
11:08:15	37.4	0.09	77	287980	买盘
11:08:03	37.31	-0.09	10	37310	中性盘
11:07:51	37.4	0.01	65	243100	买盘
11:07:36	37.39	0.09	1	3739	买盘
11:07:24	37.3	-0.01	60	223799	卖盘
11:07:21	37.31	--	6	22386	卖盘
11:07:03	37.31	0.01	1	3731	买盘
11:06:33	37.3	--	15	55949	卖盘
11:06:21	37.3	--	7	26109	买盘
11:06:15	37.3	-0.04	1	3729	卖盘
11:06:12	37.34	0.04	3	11202	买盘
11:06:09	37.3	--	3	11190	买盘
11:05:54	37.3	0.03	13	48489	买盘
11:05:48	37.27	-0.03	6	22362	卖盘
11:05:45	37.3	0.04	8	29839	买盘
11:05:42	37.26	--	1	3726	卖盘
11:05:33	37.26	-0.04	8	29808	卖盘
11:05:30	37.3	0.04	9	33570	买盘
11:05:18	37.26	--	2	7452	卖盘
11:05:15	37.26	--	1	3726	卖盘
11:05:12	37.26	0.01	24	89424	买盘
11:05:06	37.25	--	8	29800	卖盘
11:05:03	37.25	--	7	26075	买盘
11:04:45	37.25	0.01	70	260750	买盘
11:04:36	37.24	--	8	29792	卖盘
11:04:33	37.24	--	1	3724	卖盘
11:04:27	37.24	-0.01	12	44688	卖盘
11:04:24	37.25	--	3	11175	中性盘
11:04:18	37.25	-0.01	9	33525	卖盘
11:04:15	37.26	--	5	18630	买盘
11:04:12	37.26	--	2	7452	买盘
11:04:00	37.26	-0.03	14	52164	卖盘
11:03:45	37.29	--	9	33561	卖盘
11:03:42	37.29	--	1	3729	卖盘
11:03:39	37.29	--	10	37290	卖盘
11:03:33	37.29	--	2	7458	卖盘
11:03:27	37.29	-0.01	5	18645	卖盘
11:03:15	37.3	0.01	6	22380	买盘
11:03:06	37.29	-0.01	1	3729	卖盘
11:02:57	37.3	-0.01	10	37300	卖盘
11:02:54	37.31	0.01	2	7462	买盘
11:02:51	37.3	-0.01	27	100709	卖盘
11:02:45	37.31	--	2	7462	买盘
11:02:42	37.31	--	1	3731	买盘
11:02:39	37.31	-0.01	11	41041	卖盘
11:02:30	37.32	--	6	22392	卖盘
11:02:27	37.32	-0.03	1	3732	卖盘
11:02:15	37.35	--	3	11205	买盘
11:02:00	37.35	-0.12	9	33615	卖盘
11:01:57	37.47	-0.01	10	37470	中性盘
11:01:36	37.48	0.02	12	44975	中性盘
11:01:12	37.46	--	2	7492	卖盘
11:01:09	37.46	-0.03	10	37460	卖盘
11:01:06	37.49	--	1	3749	卖盘
11:01:03	37.49	0.03	13	48737	买盘
11:00:54	37.46	-0.03	5	18730	卖盘
11:00:51	37.49	--	2	7498	买盘
11:00:48	37.49	0.03	3	11247	买盘
11:00:45	37.46	0.01	5	18730	卖盘
11:00:39	37.45	0.1	54	204477	买盘
11:00:33	37.35	0.03	4	14940	买盘
11:00:21	37.32	0.01	3	11196	买盘
11:00:06	37.31	0.01	11	41041	买盘
10:59:39	37.3	0.01	8	29839	买盘
10:59:21	37.29	0.03	5	18645	买盘
10:59:06	37.26	-0.03	1	3726	卖盘
10:59:03	37.29	0.04	2	7458	买盘
10:59:00	37.25	-0.01	1	3725	卖盘
10:58:45	37.26	--	20	74520	卖盘
10:58:18	37.26	-0.03	1	3726	中性盘
10:58:12	37.29	0.03	100	372900	买盘
10:57:54	37.26	--	7	26082	卖盘
10:57:51	37.26	--	2	7452	卖盘
10:57:36	37.26	--	3	11178	卖盘
10:57:27	37.26	-0.02	1	3726	卖盘
10:57:03	37.28	--	4	14912	卖盘
10:57:00	37.28	--	11	41008	买盘
10:56:45	37.28	-0.01	16	59648	卖盘
10:56:21	37.29	--	12	44748	卖盘
10:56:15	37.29	--	9	33561	卖盘
10:56:12	37.29	--	2	7458	卖盘
10:56:06	37.29	-0.01	1	3729	卖盘
10:56:03	37.3	--	5	18650	买盘
10:56:00	37.3	--	4	14919	买盘
10:55:51	37.3	--	5	18650	买盘
10:55:45	37.3	--	11	41030	卖盘
10:55:36	37.3	0.02	19	70870	买盘
10:55:21	37.28	--	5	18640	卖盘
10:55:15	37.28	-0.01	11	41008	卖盘
10:55:09	37.29	0.01	4	14916	买盘
10:54:48	37.28	-0.01	10	37280	卖盘
10:54:42	37.29	0.01	21	78309	买盘
10:54:18	37.28	-0.01	1	3728	卖盘
10:54:06	37.29	0.01	1	3729	买盘
10:54:03	37.28	-0.01	1	3728	卖盘
10:53:54	37.29	0.01	7	26103	买盘
10:53:45	37.28	-0.01	11	41008	中性盘
10:53:12	37.29	0.01	9	33561	买盘
10:53:09	37.28	--	2	7456	卖盘
10:52:45	37.28	-0.01	5	18640	卖盘
10:52:39	37.29	--	14	52206	买盘
10:52:30	37.29	0.01	2	7458	买盘
10:52:24	37.28	--	1	3728	卖盘
10:52:18	37.28	--	5	18640	卖盘
10:52:15	37.28	-0.01	1	3728	中性盘
10:52:06	37.29	0.04	3	11187	买盘
10:52:03	37.25	-0.03	10	37250	卖盘
10:51:57	37.28	0.03	3	11184	买盘
10:51:45	37.25	0.03	26	96850	买盘
10:51:36	37.22	--	1	3722	买盘
10:51:33	37.22	--	3	11166	买盘
10:51:27	37.22	--	1	3722	买盘
10:51:18	37.22	0.01	2	7444	买盘
10:51:15	37.21	-0.01	3	11163	卖盘
10:51:00	37.22	-0.01	2	7444	卖盘
10:50:57	37.23	0.02	13	48398	中性盘
10:50:45	37.21	--	8	29768	卖盘
10:50:21	37.21	-0.01	4	14884	卖盘
10:50:15	37.22	0.01	1	3722	中性盘
10:50:00	37.21	-0.09	11	40931	卖盘
10:49:42	37.3	0.08	3	11190	买盘
10:49:36	37.22	-0.08	3	11166	卖盘
10:49:33	37.3	-0.01	1	3729	买盘
10:49:27	37.31	--	2	7462	中性盘
10:49:15	37.31	--	1	3731	卖盘
10:49:12	37.31	0.11	3	11193	买盘
10:49:06	37.2	-0.02	13	51336	卖盘
10:49:03	37.22	0.02	1	3722	买盘
10:48:57	37.2	--	8	29760	卖盘
10:48:54	37.2	--	2	7440	卖盘
10:48:51	37.2	--	3	11160	卖盘
10:48:45	37.2	--	4	14880	买盘
10:48:39	37.2	--	6	22320	买盘
10:48:36	37.2	0.01	5	18600	买盘
10:48:33	37.19	-0.01	3	11157	中性盘
10:48:27	37.2	0.02	10	37200	买盘
10:48:24	37.18	--	48	178464	卖盘
10:48:15	37.18	--	2	7436	卖盘
10:48:12	37.18	0.02	3	11154	买盘
10:48:06	37.16	0.01	15	55739	中性盘
10:48:03	37.15	-0.01	9	33435	卖盘
10:47:57	37.16	--	4	14863	买盘
10:47:54	37.16	--	3	11147	买盘
10:47:45	37.16	--	2	7431	买盘
10:47:42	37.16	--	2	7431	卖盘
10:47:39	37.16	--	13	48307	卖盘
10:47:33	37.16	--	6	22295	卖盘
10:47:24	37.16	0.16	4	14863	卖盘
10:47:21	37.0	-0.15	300	1110000	卖盘
10:47:15	37.15	--	1	3715	卖盘
10:47:12	37.15	--	3	11145	买盘
10:47:06	37.15	0.02	1	3715	中性盘
10:46:57	37.13	-0.07	4	14852	卖盘
10:46:54	37.2	0.07	5	18600	买盘
10:46:51	37.13	--	4	14852	卖盘
10:46:45	37.13	-0.02	5	18565	卖盘
10:46:42	37.15	0.04	18	66870	买盘
10:46:36	37.11	-0.01	2	7422	卖盘
10:46:33	37.12	0.04	16	59391	中性盘
10:46:27	37.08	-0.06	9	33372	卖盘
10:46:24	37.14	0.04	9	33426	买盘
10:46:21	37.1	-0.02	23	88298	卖盘
10:46:15	37.12	0.01	7	25984	买盘
10:46:12	37.11	-0.01	11	40821	中性盘
10:46:06	37.12	--	4	14847	卖盘
10:46:03	37.12	-0.06	11	40832	卖盘
10:45:57	37.18	0.07	3	11154	买盘
10:45:51	37.11	-0.01	16	59376	卖盘
10:45:45	37.12	-0.07	90	334822	卖盘
10:45:39	37.19	0.01	4	17851	买盘
10:45:36	37.18	-0.01	1	3718	卖盘
10:45:27	37.19	--	7	26033	卖盘
10:45:24	37.19	--	1	3719	卖盘
10:45:15	37.19	-0.02	6	22314	卖盘
10:45:12	37.21	-0.01	5	18605	卖盘
10:45:00	37.22	-0.03	5	18610	中性盘
10:44:51	37.25	-0.01	2	7450	卖盘
10:44:48	37.26	--	12	44712	卖盘
10:44:45	37.26	--	8	29808	卖盘
10:44:42	37.26	-0.01	5	18630	卖盘
10:44:30	37.27	-0.03	32	119264	卖盘
10:44:18	37.3	-0.02	25	93250	卖盘
10:44:09	37.32	-0.01	18	67176	卖盘
10:44:03	37.33	--	3	11945	卖盘
10:43:51	37.33	-0.04	40	149320	卖盘
10:43:42	37.37	0.01	7	26159	买盘
10:43:39	37.36	-0.02	8	31382	卖盘
10:43:36	37.38	0.01	4	14952	买盘
10:43:30	37.37	--	8	29895	卖盘
10:43:27	37.37	-0.01	13	48581	卖盘
10:43:15	37.38	--	1	3738	卖盘
10:43:12	37.38	--	2	7476	卖盘
10:43:09	37.38	0.01	2	7476	中性盘
10:43:03	37.37	-0.03	16	59791	卖盘
10:42:57	37.4	0.03	30	112200	买盘
10:42:42	37.37	--	5	18685	卖盘
10:42:33	37.37	--	2	7473	卖盘
10:42:24	37.37	-0.03	1	3736	卖盘
10:42:18	37.4	0.03	15	56100	买盘
10:42:15	37.37	-0.02	5	18685	卖盘
10:42:06	37.39	0.02	5	18695	中性盘
10:42:03	37.37	-0.04	20	74740	卖盘
10:41:57	37.41	0.04	8	29927	买盘
10:41:51	37.37	-0.01	14	52318	卖盘
10:41:45	37.38	--	1	3738	卖盘
10:41:42	37.38	0.01	17	63546	买盘
10:41:39	37.37	-0.01	4	17190	卖盘
10:41:33	37.38	--	21	78498	买盘
10:41:18	37.38	0.01	1	3738	买盘
10:41:15	37.37	-0.01	5	18685	卖盘
10:41:06	37.38	-0.04	1	3738	卖盘
10:41:00	37.42	0.05	10	37420	买盘
10:40:51	37.37	-0.05	14	52318	卖盘
10:40:45	37.42	0.05	2	7484	中性盘
10:40:33	37.37	--	16	59791	卖盘
10:40:30	37.37	--	2	7473	卖盘
10:40:27	37.37	--	17	63528	买盘
10:40:24	37.37	0.01	10	37370	买盘
10:40:09	37.36	0.01	1	3736	买盘
10:40:06	37.35	--	7	26145	卖盘
10:39:57	37.35	--	28	104580	卖盘
10:39:54	37.35	--	10	37350	买盘
10:39:51	37.35	0.02	8	29880	买盘
10:39:45	37.33	-0.02	0	2986	卖盘
10:39:33	37.35	--	1	3735	买盘
10:39:30	37.35	--	1	3735	买盘
10:39:27	37.35	--	30	112050	卖盘
10:39:21	37.35	--	5	18675	卖盘
10:39:15	37.35	--	1	3735	卖盘
10:39:12	37.35	0.03	16	59760	买盘
10:39:06	37.32	--	31	115692	卖盘
10:39:03	37.32	-0.01	8	29856	卖盘
10:39:00	37.33	--	4	14932	买盘
10:38:57	37.33	--	17	63461	买盘
10:38:54	37.33	--	4	14932	买盘
10:38:51	37.33	0.01	3	11199	买盘
10:38:48	37.32	--	7	26124	卖盘
10:38:45	37.32	--	11	41052	卖盘
10:38:42	37.32	--	25	96920	卖盘
10:38:36	37.32	0.01	21	78372	买盘
10:38:21	37.31	0.01	1	3731	卖盘
10:38:18	37.3	0.01	33	123089	买盘
10:38:15	37.29	--	10	37290	卖盘
10:38:12	37.29	-0.01	1	3729	卖盘
10:38:09	37.3	--	7	26109	卖盘
10:38:06	37.3	0.01	12	44760	买盘
10:38:03	37.29	-0.02	1	3729	卖盘
10:37:57	37.31	--	7	26117	买盘
10:37:48	37.31	0.01	4	14924	买盘
10:37:45	37.3	--	2	7459	买盘
10:37:42	37.3	0.04	1	3729	买盘
10:37:39	37.26	--	2	7452	卖盘
10:37:30	37.26	--	1	3726	卖盘
10:37:27	37.26	--	24	89424	买盘
10:37:18	37.26	0.01	2	7452	买盘
10:37:15	37.25	--	3	11175	卖盘
10:37:09	37.25	--	5	18625	买盘
10:37:03	37.25	0.04	1	3725	买盘
10:37:00	37.21	-0.03	4	14884	卖盘
10:36:54	37.24	0.06	7	26068	中性盘
10:36:51	37.18	-0.06	32	118976	卖盘
10:36:48	37.24	--	4	14896	买盘
10:36:45	37.24	-0.01	14	52136	卖盘
10:36:39	37.25	0.05	12	44700	买盘
10:36:36	37.2	--	34	126480	买盘
10:36:33	37.2	-0.05	71	264120	卖盘
10:36:30	37.25	--	23	85675	买盘
10:36:27	37.25	--	2	7450	买盘
10:36:24	37.25	--	34	126650	买盘
10:36:21	37.25	0.02	9	33525	买盘
10:36:18	37.23	--	4	14891	卖盘
10:36:15	37.23	--	10	37230	卖盘
10:36:12	37.23	0.03	9	33507	卖盘
10:36:09	37.2	0.03	63	234360	买盘
10:36:06	37.17	0.01	11	40887	买盘
10:36:03	37.16	-0.01	10	37160	卖盘
10:36:00	37.17	-0.01	5	18585	卖盘
10:35:57	37.18	0.01	15	55770	买盘
10:35:51	37.17	-0.03	18	66906	卖盘
10:35:48	37.2	--	35	130200	买盘
10:35:45	37.2	0.02	9	33480	买盘
10:35:42	37.18	-0.02	7	26026	卖盘
10:35:39	37.2	--	8	29760	买盘
10:35:36	37.2	--	1	3720	买盘
10:35:33	37.2	-0.07	10	37200	卖盘
10:35:30	37.27	--	24	89448	买盘
10:35:24	37.27	-0.01	10	37270	卖盘
10:35:21	37.28	--	1	3728	买盘
10:35:18	37.28	--	1	3728	买盘
10:35:15	37.28	-0.03	5	18640	卖盘
10:35:12	37.31	--	33	123123	买盘
10:35:09	37.31	--	18	67158	卖盘
10:35:00	37.31	-0.01	3	11193	卖盘
10:34:57	37.32	-0.01	4	14928	卖盘
10:34:54	37.33	--	1	3733	买盘
10:34:45	37.33	-0.02	5	18665	卖盘
10:34:42	37.35	--	20	74700	买盘
10:34:33	37.35	-0.02	104	388440	卖盘
10:34:30	37.37	0.02	45	168165	买盘
10:34:27	37.35	--	5	18675	卖盘
10:34:24	37.35	-0.02	12	44820	卖盘
10:34:21	37.37	--	17	63528	卖盘
10:34:12	37.37	-0.01	6	22422	卖盘
10:34:09	37.38	--	1	3738	卖盘
10:34:06	37.38	-0.02	4	14952	卖盘
10:34:00	37.4	--	12	44880	卖盘
10:33:57	37.4	--	87	325380	卖盘
10:33:54	37.4	--	58	216920	卖盘
10:33:51	37.4	--	18	67320	卖盘
10:33:48	37.4	-0.01	3	11220	卖盘
10:33:42	37.41	--	2	7481	中性盘
10:33:36	37.41	--	5	18705	卖盘
10:33:33	37.41	--	4	14963	卖盘
10:33:21	37.41	-0.02	6	22445	卖盘
10:33:12	37.43	--	3	11229	买盘
10:33:09	37.43	--	8	29944	买盘
10:33:06	37.43	-0.02	141	529260	卖盘
10:33:03	37.45	--	13	48685	卖盘
10:33:00	37.45	--	15	56175	卖盘
10:32:51	37.45	--	10	37450	卖盘
10:32:48	37.45	-0.01	3	11235	卖盘
10:32:45	37.46	--	3	11238	卖盘
10:32:39	37.46	-0.04	6	22476	中性盘
10:32:09	37.5	0.05	2	7500	买盘
10:32:06	37.45	-0.05	4	14980	卖盘
10:32:03	37.5	--	8	30000	买盘
10:31:57	37.5	0.05	15	56250	买盘
10:31:54	37.45	-0.05	26	97370	卖盘
10:31:48	37.5	--	10	37500	买盘
10:31:30	37.5	0.01	27	101250	买盘
10:31:21	37.49	--	1	3749	卖盘
10:31:18	37.49	-0.01	3	11247	中性盘
10:31:12	37.5	0.01	11	41250	买盘
10:31:09	37.49	0.02	1	3749	买盘
10:31:06	37.47	0.01	1	3747	卖盘
10:31:00	37.46	--	23	88405	买盘
10:30:57	37.46	--	2	7492	买盘
10:30:54	37.46	--	12	44952	买盘
10:30:51	37.46	-0.04	137	514700	卖盘
10:30:39	37.5	0.03	1	3750	买盘
10:30:33	37.47	-0.03	19	71193	卖盘
10:30:30	37.5	0.03	7	26250	买盘
10:30:15	37.47	--	10	37470	卖盘
10:30:12	37.47	0.01	23	88429	买盘
10:30:06	37.46	--	9	33714	卖盘
10:30:03	37.46	-0.01	10	37460	卖盘
10:29:51	37.47	0.01	11	41217	买盘
10:29:45	37.46	--	1	3746	卖盘
10:29:42	37.46	-0.01	1	3746	卖盘
10:29:39	37.47	0.01	19	71193	买盘
10:29:36	37.46	-0.01	10	37460	卖盘
10:29:24	37.47	0.01	6	22482	买盘
10:29:15	37.46	--	1	3746	卖盘
10:29:12	37.46	-0.01	7	26222	卖盘
10:29:09	37.47	--	2	7494	买盘
10:29:00	37.47	--	8	31474	卖盘
10:28:51	37.47	0.01	2	9742	买盘
10:28:48	37.46	--	17	63682	卖盘
10:28:45	37.46	-0.01	6	22476	卖盘
10:28:39	37.47	0.01	3	11241	买盘
10:28:33	37.46	-0.01	5	18730	卖盘
10:28:30	37.47	0.01	11	41217	买盘
10:28:27	37.46	-0.01	1	3746	卖盘
10:28:24	37.47	--	2	7494	买盘
10:28:21	37.47	--	2	7494	买盘
10:28:09	37.47	--	4	16486	卖盘
10:28:06	37.47	--	20	77188	卖盘
10:28:00	37.47	-0.01	20	74940	卖盘
10:27:54	37.48	--	2	7495	买盘
10:27:51	37.48	0.01	1	3747	买盘
10:27:48	37.47	--	1	3747	卖盘
10:27:39	37.47	--	6	22482	卖盘
10:27:33	37.47	-0.01	1	3747	卖盘
10:27:30	37.48	0.02	4	14991	买盘
10:27:27	37.46	--	1	3746	卖盘
10:27:24	37.46	-0.01	3	11238	卖盘
10:27:15	37.47	0.01	5	18735	买盘
10:27:12	37.46	--	1	3746	卖盘
10:27:06	37.46	--	7	26222	卖盘
10:27:03	37.46	--	20	74920	卖盘
10:27:00	37.46	--	27	101142	买盘
10:26:57	37.46	--	3	11238	买盘
10:26:54	37.46	0.02	2	7492	买盘
10:26:51	37.44	--	5	18720	卖盘
10:26:48	37.44	-0.02	10	37440	卖盘
10:26:39	37.46	0.02	1	3746	卖盘
10:26:36	37.44	--	6	22464	买盘
10:26:33	37.44	-0.02	4	14976	卖盘
10:26:27	37.46	--	1	3746	买盘
10:26:21	37.46	0.03	1	3746	买盘
10:26:18	37.43	-0.01	5	18715	卖盘
10:26:12	37.44	0.01	3	11232	中性盘
10:26:00	37.43	0.04	7	26201	卖盘
10:25:57	37.39	-0.04	104	388856	卖盘
10:25:42	37.43	--	5	18715	卖盘
10:25:39	37.43	0.03	2	7486	卖盘
10:25:36	37.4	--	42	157080	卖盘
10:25:33	37.4	--	20	74800	卖盘
10:25:27	37.4	-0.03	72	271524	卖盘
10:25:21	37.43	-0.01	50	187150	卖盘
10:25:15	37.44	0.04	9	33696	买盘
10:25:12	37.4	-0.03	30	112200	卖盘
10:25:09	37.43	--	10	37430	买盘
10:25:06	37.43	0.03	8	29944	买盘
10:25:03	37.4	-0.03	111	415140	卖盘
10:25:00	37.43	--	21	78603	买盘
10:24:54	37.43	-0.01	29	108547	卖盘
10:24:51	37.44	--	11	41184	卖盘
10:24:48	37.44	-0.04	3	11232	中性盘
10:24:45	37.48	0.05	4	14991	买盘
10:24:42	37.43	0.01	122	456646	买盘
10:24:39	37.42	-0.01	1	3742	卖盘
10:24:33	37.43	--	11	41173	买盘
10:24:30	37.43	--	8	29944	卖盘
10:24:27	37.43	-0.05	8	29944	卖盘
10:24:24	37.48	--	1	3747	买盘
10:24:18	37.48	-0.03	34	127431	卖盘
10:24:15	37.51	--	1	3751	卖盘
10:24:12	37.51	0.01	6	22506	买盘
10:24:06	37.5	0.02	2	7500	中性盘
10:24:00	37.48	--	3	11243	卖盘
10:23:57	37.48	--	7	26235	卖盘
10:23:54	37.48	--	4	14991	卖盘
10:23:51	37.48	0.01	13	48723	买盘
10:23:48	37.47	0.05	20	74940	买盘
10:23:45	37.42	-0.06	3	11226	卖盘
10:23:42	37.48	--	31	116187	买盘
10:23:39	37.48	0.06	2	7495	买盘
10:23:36	37.42	-0.06	10	37420	卖盘
10:23:33	37.48	--	4	14991	买盘
10:23:30	37.48	--	18	67464	买盘
10:23:27	37.48	0.07	2	7495	买盘
10:23:24	37.41	-0.07	6	22445	卖盘
10:23:21	37.48	--	13	48723	买盘
10:23:18	37.48	-0.02	41	153668	卖盘
10:23:12	37.5	--	4	15000	卖盘
10:23:09	37.5	--	10	37500	卖盘
10:23:00	37.5	0.1	3	11250	买盘
10:22:57	37.4	-0.1	228	852720	卖盘
10:22:48	37.5	0.02	2	7500	中性盘
10:22:42	37.48	-0.05	71	266108	卖盘
10:22:39	37.53	--	4	15012	卖盘
10:22:36	37.53	0.01	7	26271	买盘
10:22:33	37.52	--	2	7504	卖盘
10:22:27	37.52	-0.01	2	7504	卖盘
10:22:24	37.53	-0.02	3	11259	中性盘
10:22:21	37.55	0.02	64	240319	买盘
10:22:18	37.53	0.01	0	2251	中性盘
10:22:12	37.52	-0.03	9	33768	卖盘
10:22:09	37.55	0.03	1	3754	买盘
10:22:06	37.52	-0.04	10	37520	卖盘
10:21:54	37.56	--	3	11268	卖盘
10:21:48	37.56	-0.01	30	112680	卖盘
10:21:45	37.57	-0.01	3	11271	中性盘
10:21:42	37.58	--	2	7516	买盘
10:21:33	37.58	--	1	3758	买盘
10:21:30	37.58	-0.04	9	35325	卖盘
10:21:27	37.62	0.02	5	18810	买盘
10:21:21	37.6	-0.02	4	15040	卖盘
10:21:15	37.62	0.01	12	45144	买盘
10:21:09	37.61	0.01	5	18805	中性盘
10:21:06	37.6	--	8	30080	卖盘
10:21:03	37.6	-0.01	8	30080	卖盘
10:21:00	37.61	--	4	15044	卖盘
10:20:57	37.61	--	1	3761	卖盘
10:20:54	37.61	0.01	45	171501	买盘
10:20:51	37.6	--	5	18800	卖盘
10:20:48	37.6	-0.01	30	112800	卖盘
10:20:45	37.61	--	1	3761	卖盘
10:20:42	37.61	-0.01	9	33849	卖盘
10:20:39	37.62	--	15	56429	买盘
10:20:36	37.62	0.01	5	18810	买盘
10:20:33	37.61	-0.01	5	18805	卖盘
10:20:27	37.62	0.01	4	15047	买盘
10:20:24	37.61	-0.01	8	30088	卖盘
10:20:21	37.62	--	3	11286	卖盘
10:20:15	37.62	--	1	3761	卖盘
10:20:12	37.62	--	4	15047	中性盘
10:20:06	37.62	--	4	15047	买盘
10:20:03	37.62	-0.01	7	26334	卖盘
10:19:48	37.63	--	9	33867	卖盘
10:19:45	37.63	-0.02	6	22578	卖盘
10:19:36	37.65	--	4	15060	卖盘
10:19:33	37.65	--	2	7530	卖盘
10:19:24	37.65	-0.02	2	7530	卖盘
10:19:18	37.67	-0.01	25	94175	中性盘
10:19:09	37.68	--	1	3768	买盘
10:19:03	37.68	--	1	3768	买盘
10:19:00	37.68	--	2	7536	买盘
10:18:57	37.68	--	18	67824	卖盘
10:18:54	37.68	--	31	116808	卖盘
10:18:51	37.68	--	130	489840	卖盘
10:18:48	37.68	--	3	11304	卖盘
10:18:45	37.68	-0.01	15	56520	卖盘
10:18:30	37.69	--	23	86687	卖盘
10:18:27	37.69	--	55	207295	卖盘
10:18:24	37.69	--	4	15076	卖盘
10:18:18	37.69	--	12	45228	卖盘
10:18:15	37.69	--	2	7538	卖盘
10:18:12	37.69	-0.01	12	45228	卖盘
10:18:09	37.7	0.01	27	101790	买盘
10:18:06	37.69	--	1	3769	卖盘
10:17:54	37.69	-0.01	10	37690	卖盘
10:17:51	37.7	0.01	2	7540	买盘
10:17:42	37.69	-0.01	18	67842	卖盘
10:17:39	37.7	--	3	11310	卖盘
10:17:36	37.7	--	3	11310	买盘
10:17:33	37.7	--	4	15080	卖盘
10:17:30	37.7	--	2	7540	卖盘
10:17:24	37.7	--	3	11310	中性盘
10:17:21	37.7	0.01	5	18850	买盘
10:17:15	37.69	--	3	11307	卖盘
10:17:12	37.69	-0.01	2	7538	卖盘
10:17:06	37.7	--	13	49010	卖盘
10:17:03	37.7	--	3	11310	卖盘
10:17:00	37.7	--	5	18850	卖盘
10:16:57	37.7	--	1	3770	卖盘
10:16:45	37.7	--	1	3770	卖盘
10:16:39	37.7	0.01	8	30160	买盘
10:16:30	37.69	--	1	3769	卖盘
10:16:21	37.69	-0.01	1	3769	卖盘
10:16:06	37.7	--	3	11310	买盘
10:15:57	37.7	--	5	18850	买盘
10:15:51	37.7	-0.02	3	11310	中性盘
10:15:45	37.72	0.02	20	75440	买盘
10:15:36	37.7	--	7	26390	卖盘
10:15:18	37.7	-0.02	10	37700	卖盘
10:15:06	37.72	0.02	10	37720	买盘
10:15:03	37.7	--	2	7540	卖盘
10:15:00	37.7	-0.01	6	22620	卖盘
10:14:54	37.71	0.01	11	41481	中性盘
10:14:51	37.7	-0.01	6	22620	卖盘
10:14:48	37.71	--	10	37710	卖盘
10:14:45	37.71	--	15	56565	买盘
10:14:36	37.71	--	1	3771	买盘
10:14:33	37.71	-0.01	35	131985	卖盘
10:14:30	37.72	0.01	2	7544	买盘
10:14:27	37.71	--	3	11313	卖盘
10:14:24	37.71	--	2	7542	卖盘
10:14:21	37.71	-0.01	1	3771	卖盘
10:14:15	37.72	--	4	15088	买盘
10:14:09	37.72	--	1	3772	买盘
10:14:06	37.72	--	1	3772	卖盘
10:14:00	37.72	-0.02	24	90528	卖盘
10:13:54	37.74	0.02	21	79254	买盘
10:13:51	37.72	-0.02	5	18860	卖盘
10:13:39	37.74	-0.01	18	67932	卖盘
10:13:33	37.75	--	4	15100	买盘
10:13:30	37.75	0.01	2	7550	买盘
10:13:27	37.74	--	23	86802	卖盘
10:13:24	37.74	--	6	22644	卖盘
10:13:21	37.74	-0.01	9	33966	卖盘
10:13:18	37.75	--	5	18875	买盘
10:13:15	37.75	--	6	22650	买盘
10:13:12	37.75	0.01	3	11325	买盘
10:13:09	37.74	--	1	3774	卖盘
10:13:06	37.74	0.02	4	15096	中性盘
10:12:42	37.72	-0.03	10	37720	卖盘
10:12:39	37.75	0.03	6	22650	买盘
10:12:30	37.72	-0.01	2	7544	中性盘
10:12:24	37.73	0.02	5	18865	买盘
10:12:21	37.71	-0.02	10	37710	卖盘
10:12:15	37.73	-0.03	22	83006	卖盘
10:12:12	37.76	0.01	1	3776	买盘
10:12:09	37.75	--	2	7550	买盘
10:11:57	37.75	--	2	7550	买盘
10:11:54	37.75	--	6	22650	卖盘
10:11:51	37.75	--	6	22650	卖盘
10:11:48	37.75	--	7	26425	卖盘
10:11:39	37.75	-0.03	5	18875	卖盘
10:11:36	37.78	0.03	119	449582	买盘
10:11:33	37.75	-0.03	15	56625	卖盘
10:11:27	37.78	0.02	22	83116	买盘
10:11:21	37.76	-0.01	10	37760	卖盘
10:11:18	37.77	--	3	11331	卖盘
10:11:15	37.77	-0.01	16	60432	中性盘
10:11:12	37.78	0.02	4	15112	买盘
10:11:09	37.76	--	5	18880	卖盘
10:11:06	37.76	-0.02	10	37760	卖盘
10:11:00	37.78	0.02	1	3778	买盘
10:10:57	37.76	-0.02	20	75520	卖盘
10:10:54	37.78	-0.02	11	41558	卖盘
10:10:48	37.8	0.02	3	11340	买盘
10:10:45	37.78	--	6	22668	卖盘
10:10:42	37.78	-0.01	17	64226	卖盘
10:10:39	37.79	--	36	136044	卖盘
10:10:33	37.79	0.01	27	102033	买盘
10:10:30	37.78	--	5	18890	卖盘
10:10:21	37.78	-0.02	20	75560	卖盘
10:10:06	37.8	--	11	41580	买盘
10:10:03	37.8	0.01	10	37800	买盘
10:10:00	37.79	-0.01	41	154939	卖盘
10:09:54	37.8	--	20	75600	买盘
10:09:51	37.8	--	19	71820	买盘
10:09:48	37.8	--	3	11340	买盘
10:09:45	37.8	-0.02	13	49139	卖盘
10:09:39	37.82	0.02	1	3782	买盘
10:09:36	37.8	-0.02	5	18900	卖盘
10:09:30	37.82	0.02	2	7564	买盘
10:09:27	37.8	-0.03	100	378000	卖盘
10:09:24	37.83	0.01	23	87009	买盘
10:09:21	37.82	--	20	75640	卖盘
10:09:18	37.82	--	7	26474	卖盘
10:09:15	37.82	--	5	18910	卖盘
10:09:09	37.82	--	10	37820	卖盘
10:09:06	37.82	--	4	15128	卖盘
10:09:03	37.82	0.02	2	7564	中性盘
10:09:00	37.8	-0.03	5	18900	卖盘
10:08:57	37.83	0.03	14	52962	买盘
10:08:48	37.8	-0.03	2	7559	卖盘
10:08:39	37.83	0.03	2	7566	买盘
10:08:36	37.8	--	7	26459	卖盘
10:08:33	37.8	--	20	75600	买盘
10:08:30	37.8	0.01	4	15119	买盘
10:08:27	37.79	-0.01	4	15116	卖盘
10:08:24	37.8	0.01	1	3779	买盘
10:08:21	37.79	0.01	7	26453	买盘
10:08:18	37.78	-0.01	48	181344	卖盘
10:08:15	37.79	0.01	6	22674	买盘
10:08:12	37.78	--	4	15112	卖盘
10:08:09	37.78	--	5	18890	卖盘
10:08:06	37.78	-0.01	6	22668	卖盘
10:07:57	37.79	0.01	14	52906	买盘
10:07:54	37.78	0.02	9	34002	买盘
10:07:48	37.76	-0.01	10	37760	卖盘
10:07:42	37.77	0.01	1	3777	中性盘
10:07:30	37.76	0.01	2	7552	买盘
10:07:27	37.75	-0.01	30	113250	卖盘
10:07:24	37.76	0.01	49	185024	买盘
10:07:21	37.75	-0.01	16	60400	卖盘
10:07:18	37.76	0.01	18	67968	买盘
10:07:15	37.75	-0.01	1	3775	卖盘
10:07:12	37.76	--	3	11328	买盘
10:07:09	37.76	0.01	3	11328	买盘
10:07:06	37.75	-0.01	6	22650	卖盘
10:07:03	37.76	0.03	15	56640	买盘
10:07:00	37.73	--	1	3772	卖盘
10:06:57	37.73	-0.02	23	88024	卖盘
10:06:54	37.75	--	13	49075	买盘
10:06:51	37.75	0.02	6	22650	买盘
10:06:48	37.73	--	1	3772	卖盘
10:06:39	37.73	-0.02	52	196195	卖盘
10:06:36	37.75	0.04	91	343525	买盘
10:06:24	37.71	0.01	1	3771	买盘
10:06:15	37.7	--	34	128180	买盘
10:06:12	37.7	--	20	75400	买盘
10:06:09	37.7	0.01	2	7540	买盘
10:06:03	37.69	--	10	37690	卖盘
10:06:00	37.69	--	4	15076	买盘
10:05:54	37.69	0.01	2	7538	买盘
10:05:45	37.68	--	6	22608	卖盘
10:05:42	37.68	0.02	10	37680	买盘
10:05:36	37.66	-0.02	8	30127	卖盘
10:05:33	37.68	0.02	22	82896	买盘
10:05:27	37.66	-0.02	5	18830	卖盘
10:05:24	37.68	0.02	10	37680	买盘
10:05:21	37.66	0.01	7	26361	买盘
10:05:18	37.65	--	1	3765	卖盘
10:05:15	37.65	--	1	3765	卖盘
10:05:09	37.65	--	15	56475	卖盘
10:05:06	37.65	--	6	22590	卖盘
10:04:57	37.65	--	3	11295	卖盘
10:04:51	37.65	--	30	112950	买盘
10:04:39	37.65	0.02	29	109185	买盘
10:04:36	37.63	--	6	22578	卖盘
10:04:30	37.63	-0.02	5	18815	卖盘
10:04:27	37.65	0.02	1	3765	买盘
10:04:21	37.63	--	1	3763	卖盘
10:04:18	37.63	--	3	11289	卖盘
10:04:15	37.63	--	11	41393	买盘
10:04:12	37.63	0.01	1	3763	买盘
10:04:06	37.62	0.01	1	3761	中性盘
10:03:57	37.61	-0.02	21	78981	卖盘
10:03:51	37.63	0.01	10	37630	买盘
10:03:45	37.62	-0.01	6	22572	中性盘
10:03:33	37.63	0.01	32	120416	买盘
10:03:27	37.62	--	2	7523	卖盘
10:03:24	37.62	--	62	233243	卖盘
10:03:18	37.62	--	2	7523	卖盘
10:03:15	37.62	--	23	86526	卖盘
10:03:12	37.62	--	1	3761	卖盘
10:03:06	37.62	--	1	3761	卖盘
10:03:03	37.62	-0.01	4	15047	卖盘
10:03:00	37.63	0.01	2	7526	买盘
10:02:57	37.62	-0.01	4	15047	卖盘
10:02:54	37.63	--	7	26341	买盘
10:02:51	37.63	--	4	15052	买盘
10:02:48	37.63	--	4	15052	买盘
10:02:45	37.63	--	8	30104	买盘
10:02:42	37.63	-0.02	80	301040	卖盘
10:02:39	37.65	--	3	11295	买盘
10:02:36	37.65	0.01	11	41415	买盘
10:02:33	37.64	0.01	16	60224	中性盘
10:02:24	37.63	--	5	18815	卖盘
10:02:18	37.63	0.01	11	41393	买盘
10:02:15	37.62	-0.01	2	7523	卖盘
10:02:12	37.63	--	1	3763	买盘
10:02:09	37.63	0.01	5	18815	买盘
10:02:06	37.62	--	12	45144	卖盘
10:02:03	37.62	--	3	11286	买盘
10:02:00	37.62	0.01	3	11286	中性盘
10:01:57	37.61	--	3	11283	卖盘
10:01:48	37.61	--	3	11283	卖盘
10:01:45	37.61	--	27	101547	卖盘
10:01:39	37.61	-0.01	2	7522	卖盘
10:01:36	37.62	0.01	7	26334	中性盘
10:01:30	37.61	--	1	3761	卖盘
10:01:27	37.61	-0.01	74	278314	卖盘
10:01:18	37.62	--	5	18810	买盘
10:01:15	37.62	--	40	150480	买盘
10:01:12	37.62	0.01	7	26334	买盘
10:01:09	37.61	--	4	15044	卖盘
10:01:03	37.61	-0.01	90	338490	卖盘
10:01:00	37.62	--	3	11286	卖盘
10:00:57	37.62	-0.01	7	26334	卖盘
10:00:54	37.63	0.01	19	71497	买盘
10:00:51	37.62	--	26	97812	卖盘
10:00:48	37.62	--	21	79002	卖盘
10:00:45	37.62	--	2	7523	卖盘
10:00:42	37.62	--	7	26334	卖盘
10:00:39	37.62	-0.01	2	7523	卖盘
10:00:33	37.63	--	1	3763	买盘
10:00:30	37.63	--	9	33867	买盘
10:00:27	37.63	-0.02	41	154283	卖盘
10:00:24	37.65	-0.03	4	15060	卖盘
10:00:21	37.68	--	3	11304	买盘
10:00:12	37.68	--	6	22608	卖盘
10:00:09	37.68	--	20	75360	卖盘
10:00:06	37.68	--	9	33912	卖盘
10:00:03	37.68	0.05	36	135648	买盘
10:00:00	37.63	-0.05	32	120416	卖盘
09:59:57	37.68	0.02	6	22608	买盘
09:59:48	37.66	-0.03	2	7531	卖盘
09:59:33	37.69	--	15	56535	买盘
09:59:30	37.69	--	17	64072	买盘
09:59:27	37.69	-0.02	84	316596	卖盘
09:59:24	37.71	0.01	8	30168	买盘
09:59:21	37.7	-0.01	1	3770	卖盘
09:59:18	37.71	--	14	52794	卖盘
09:59:06	37.71	--	5	18855	卖盘
09:59:03	37.71	--	51	192321	卖盘
09:58:57	37.71	-0.04	26	98046	卖盘
09:58:54	37.75	0.04	25	94375	买盘
09:58:45	37.71	-0.02	40	150840	卖盘
09:58:42	37.73	0.01	2	7545	卖盘
09:58:39	37.72	--	48	181056	买盘
09:58:36	37.72	--	3	11316	买盘
09:58:30	37.72	0.01	2	7544	中性盘
09:58:27	37.71	-0.02	43	162153	卖盘
09:58:24	37.73	--	27	101870	买盘
09:58:21	37.73	--	5	18865	买盘
09:58:18	37.73	0.02	5	18865	买盘
09:58:15	37.71	-0.01	20	75420	卖盘
09:58:09	37.72	-0.01	5	18860	卖盘
09:58:06	37.73	--	22	83006	买盘
09:58:03	37.73	--	4	15091	买盘
09:57:57	37.73	--	10	37730	买盘
09:57:54	37.73	0.01	9	33957	买盘
09:57:51	37.72	-0.01	5	18860	卖盘
09:57:48	37.73	0.03	3	11318	买盘
09:57:39	37.7	-0.01	36	135720	卖盘
09:57:36	37.71	0.01	3	11313	中性盘
09:57:33	37.7	0.01	13	49010	买盘
09:57:27	37.69	--	14	52766	卖盘
09:57:24	37.69	--	4	15076	卖盘
09:57:18	37.69	--	1	3769	卖盘
09:57:15	37.69	0.04	38	143222	买盘
09:57:12	37.65	0.01	21	79065	买盘
09:57:06	37.64	0.01	3	11292	中性盘
09:56:57	37.63	-0.02	25	94075	卖盘
09:56:54	37.65	--	2	7530	买盘
09:56:51	37.65	--	5	18825	卖盘
09:56:48	37.65	--	8	30120	卖盘
09:56:42	37.65	-0.04	6	22590	卖盘
09:56:39	37.69	0.04	1	3769	买盘
09:56:36	37.65	-0.04	34	128010	卖盘
09:56:33	37.69	0.04	22	82918	买盘
09:56:30	37.65	--	54	203310	卖盘
09:56:27	37.65	--	5	18825	卖盘
09:56:24	37.65	0.01	3	11295	卖盘
09:56:18	37.64	-0.05	10	37640	中性盘
09:56:15	37.69	-0.01	23	86687	买盘
09:56:09	37.7	--	1	3770	买盘
09:56:03	37.7	0.1	10	37700	买盘
09:56:00	37.6	-0.1	12	45120	卖盘
09:55:54	37.7	--	29	109330	买盘
09:55:51	37.7	0.09	6	22620	中性盘
09:55:48	37.61	-0.09	26	99628	卖盘
09:55:39	37.7	-0.05	27	101790	卖盘
09:55:36	37.75	0.02	49	184975	买盘
09:55:30	37.73	--	8	30183	卖盘
09:55:27	37.73	-0.03	3	11318	卖盘
09:55:24	37.76	0.01	11	41536	买盘
09:55:21	37.75	--	31	117025	卖盘
09:55:18	37.75	--	54	203850	卖盘
09:55:15	37.75	--	2	7550	卖盘
09:55:12	37.75	0.02	16	60400	买盘
09:55:06	37.73	-0.01	27	101870	卖盘
09:55:03	37.74	--	27	101898	买盘
09:55:00	37.74	--	1	3774	买盘
09:54:57	37.74	--	9	33966	买盘
09:54:54	37.74	--	9	33966	买盘
09:54:51	37.74	--	7	26418	买盘
09:54:48	37.74	0.01	31	116994	买盘
09:54:45	37.73	--	11	41503	卖盘
09:54:39	37.73	0.03	5	18865	买盘
09:54:33	37.7	--	6	22620	买盘
09:54:30	37.7	0.01	39	147030	买盘
09:54:27	37.69	--	4	15076	卖盘
09:54:24	37.69	0.04	131	493738	买盘
09:54:21	37.65	--	10	37650	买盘
09:54:15	37.65	-0.01	21	79065	卖盘
09:54:12	37.66	0.01	10	37660	买盘
09:54:09	37.65	--	12	45180	买盘
09:54:06	37.65	--	5	18825	卖盘
09:54:00	37.65	0.04	9	33885	买盘
09:53:57	37.61	--	58	218138	买盘
09:53:54	37.61	-0.03	52	195572	卖盘
09:53:51	37.64	-0.01	5	18820	中性盘
09:53:48	37.65	0.01	6	22590	买盘
09:53:45	37.64	0.03	9	33876	买盘
09:53:42	37.61	-0.03	25	94025	卖盘
09:53:39	37.64	0.03	23	86572	买盘
09:53:33	37.61	--	6	22566	买盘
09:53:21	37.61	0.01	40	150440	买盘
09:53:18	37.6	--	5	18800	买盘
09:53:15	37.6	0.04	20	75200	买盘
09:53:09	37.56	-0.04	3	11268	卖盘
09:53:06	37.6	0.05	13	48880	买盘
09:53:03	37.55	--	6	22530	卖盘
09:52:57	37.55	--	19	71345	买盘
09:52:54	37.55	--	8	30039	买盘
09:52:51	37.55	0.03	15	56324	买盘
09:52:48	37.52	-0.03	8	30016	卖盘
09:52:45	37.55	0.03	6	22530	买盘
09:52:39	37.52	--	5	18760	卖盘
09:52:36	37.52	0.06	19	71288	买盘
09:52:33	37.46	-0.02	10	37460	卖盘
09:52:30	37.48	0.02	1	3747	买盘
09:52:27	37.46	0.06	2	7492	中性盘
09:52:21	37.4	-0.06	100	374000	卖盘
09:52:15	37.46	--	2	7492	买盘
09:52:12	37.46	0.06	1	3746	买盘
09:52:09	37.4	--	2	7480	买盘
09:52:06	37.4	--	21	78540	卖盘
09:52:03	37.4	--	9	33660	卖盘
09:52:00	37.4	--	7	26180	卖盘
09:51:57	37.4	--	9	33660	卖盘
09:51:54	37.4	-0.08	2	7480	卖盘
09:51:48	37.48	--	214	802071	买盘
09:51:42	37.48	--	16	59967	卖盘
09:51:39	37.48	--	12	44975	卖盘
09:51:36	37.48	--	22	82456	卖盘
09:51:33	37.48	--	12	44975	卖盘
09:51:30	37.48	-0.02	6	22487	卖盘
09:51:27	37.5	--	18	67500	买盘
09:51:24	37.5	-0.03	105	393750	卖盘
09:51:21	37.53	0.01	4	15012	中性盘
09:51:18	37.52	--	4	15008	卖盘
09:51:15	37.52	-0.08	26	97552	卖盘
09:51:09	37.6	0.05	10	37600	买盘
09:51:06	37.55	-0.05	1	3754	卖盘
09:51:03	37.6	--	18	67680	卖盘
09:51:00	37.6	-0.05	30	112800	卖盘
09:50:57	37.65	0.04	13	48945	买盘
09:50:54	37.61	-0.04	2	7522	卖盘
09:50:45	37.65	--	7	26355	中性盘
09:50:42	37.65	-0.01	7	26355	卖盘
09:50:33	37.66	--	4	15063	买盘
09:50:30	37.66	--	26	100439	卖盘
09:50:27	37.66	-0.02	156	588738	卖盘
09:50:24	37.68	--	8	30144	买盘
09:50:21	37.68	0.02	3	11304	买盘
09:50:18	37.66	-0.01	63	237257	卖盘
09:50:15	37.67	-0.01	2	7534	卖盘
09:50:12	37.68	0.01	23	86664	买盘
09:50:06	37.67	-0.01	36	135612	卖盘
09:50:03	37.68	--	7	26376	卖盘
09:50:00	37.68	-0.01	10	37680	卖盘
09:49:57	37.69	0.01	19	71611	买盘
09:49:54	37.68	-0.02	12	45216	卖盘
09:49:51	37.7	0.01	53	199810	买盘
09:49:48	37.69	-0.01	1	3769	卖盘
09:49:42	37.7	--	22	82940	买盘
09:49:36	37.7	-0.04	51	194192	卖盘
09:49:33	37.74	--	142	535908	买盘
09:49:30	37.74	--	10	37740	买盘
09:49:27	37.74	-0.01	10	37740	中性盘
09:49:24	37.75	0.01	60	226500	买盘
09:49:21	37.74	--	9	33966	卖盘
09:49:18	37.74	-0.01	3	11322	卖盘
09:49:15	37.75	--	33	124575	买盘
09:49:09	37.75	-0.02	17	64175	卖盘
09:49:06	37.77	0.01	66	249282	买盘
09:49:03	37.76	--	3	11328	卖盘
09:49:00	37.76	-0.01	6	22656	卖盘
09:48:57	37.77	--	4	15108	买盘
09:48:54	37.77	--	5	18885	买盘
09:48:51	37.77	-0.01	21	79317	卖盘
09:48:48	37.78	--	10	37780	买盘
09:48:45	37.78	--	5	18890	买盘
09:48:42	37.78	--	3	11334	买盘
09:48:39	37.78	-0.01	13	51834	卖盘
09:48:36	37.79	0.01	1	3779	买盘
09:48:33	37.78	--	8	30224	卖盘
09:48:27	37.78	--	14	52892	卖盘
09:48:24	37.78	-0.01	9	34002	卖盘
09:48:21	37.79	0.01	9	34011	买盘
09:48:18	37.78	0.01	34	129509	买盘
09:48:12	37.77	0.02	2	7554	买盘
09:48:06	37.75	-0.01	50	188750	卖盘
09:48:03	37.76	0.01	4	15104	中性盘
09:48:00	37.75	-0.01	10	37750	卖盘
09:47:57	37.76	0.01	9	33984	买盘
09:47:54	37.75	-0.01	35	132125	卖盘
09:47:51	37.76	0.01	20	75520	买盘
09:47:48	37.75	--	1	3775	卖盘
09:47:45	37.75	--	3	11325	买盘
09:47:42	37.75	0.01	12	45300	中性盘
09:47:39	37.74	--	5	18870	卖盘
09:47:36	37.74	-0.01	19	71706	卖盘
09:47:33	37.75	0.01	57	217440	买盘
09:47:30	37.74	0.01	2	7548	买盘
09:47:27	37.73	--	1	3772	卖盘
09:47:24	37.73	--	6	22637	卖盘
09:47:21	37.73	0.02	1	3772	卖盘
09:47:18	37.71	0.01	8	32015	买盘
09:47:15	37.7	0.02	28	105560	卖盘
09:47:09	37.68	-0.02	9	33912	卖盘
09:47:06	37.7	0.02	40	150800	买盘
09:47:03	37.68	-0.02	2	7536	卖盘
09:47:00	37.7	--	1	3770	买盘
09:46:57	37.7	0.01	10	37700	买盘
09:46:54	37.69	--	9	33921	卖盘
09:46:51	37.69	-0.01	4	15076	卖盘
09:46:42	37.7	--	55	207350	买盘
09:46:39	37.7	-0.01	1	3770	中性盘
09:46:36	37.71	0.01	27	103740	中性盘
09:46:33	37.7	-0.01	74	278980	卖盘
09:46:30	37.71	0.01	6	22626	买盘
09:46:27	37.7	-0.02	17	66314	卖盘
09:46:24	37.72	0.01	53	199916	买盘
09:46:21	37.71	0.01	179	675009	买盘
09:46:18	37.7	-0.01	24	90480	卖盘
09:46:15	37.71	--	99	373329	买盘
09:46:12	37.71	--	5	18855	买盘
09:46:09	37.71	--	14	52794	买盘
09:46:06	37.71	--	3	11313	买盘
09:46:03	37.71	-0.01	34	128214	卖盘
09:46:00	37.72	0.01	51	192372	买盘
09:45:57	37.71	--	151	569421	卖盘
09:45:54	37.71	-0.01	5	18855	卖盘
09:45:51	37.72	0.01	1	3772	买盘
09:45:48	37.71	-0.04	35	131985	卖盘
09:45:45	37.75	0.03	39	147225	买盘
09:45:42	37.72	0.01	7	26404	中性盘
09:45:36	37.71	-0.04	10	37710	卖盘
09:45:33	37.75	--	14	52850	买盘
09:45:30	37.75	0.01	2	7550	买盘
09:45:27	37.74	-0.02	13	50571	卖盘
09:45:24	37.76	0.01	8	30208	买盘
09:45:21	37.75	-0.01	28	105700	卖盘
09:45:18	37.76	--	23	86848	卖盘
09:45:15	37.76	--	12	45312	卖盘
09:45:12	37.76	-0.01	27	101952	卖盘
09:45:09	37.77	--	5	18885	买盘
09:45:06	37.77	-0.01	7	26439	卖盘
09:45:03	37.78	-0.01	22	85836	卖盘
09:45:00	37.79	0.01	16	60464	中性盘
09:44:57	37.78	-0.02	49	185122	卖盘
09:44:54	37.8	-0.02	5	18900	中性盘
09:44:51	37.82	0.03	50	189100	买盘
09:44:48	37.79	-0.06	92	347668	卖盘
09:44:45	37.85	--	12	45420	买盘
09:44:42	37.85	--	21	79485	买盘
09:44:39	37.85	--	29	109765	买盘
09:44:36	37.85	--	45	170325	买盘
09:44:33	37.85	--	11	41635	买盘
09:44:30	37.85	-0.1	178	673730	卖盘
09:44:27	37.95	-0.01	51	193545	卖盘
09:44:24	37.96	--	17	64532	卖盘
09:44:21	37.96	0.01	18	68328	中性盘
09:44:18	37.95	0.04	30	113850	买盘
09:44:15	37.91	0.01	27	102356	买盘
09:44:12	37.9	--	72	272880	卖盘
09:44:09	37.9	-0.06	69	261510	卖盘
09:44:06	37.96	--	6	22776	买盘
09:44:03	37.96	0.06	17	64532	买盘
09:44:00	37.9	--	8	30320	卖盘
09:43:57	37.9	--	10	37900	卖盘
09:43:54	37.9	-0.08	245	928550	卖盘
09:43:51	37.98	0.08	30	113939	买盘
09:43:48	37.9	0.01	11	41690	买盘
09:43:45	37.89	-0.01	11	41679	中性盘
09:43:42	37.9	0.01	38	144020	买盘
09:43:39	37.89	0.02	14	53046	买盘
09:43:36	37.87	0.02	106	401422	卖盘
09:43:33	37.85	--	134	507190	卖盘
09:43:30	37.85	-0.02	82	310370	卖盘
09:43:27	37.87	0.02	10	37870	买盘
09:43:24	37.85	--	5	18925	卖盘
09:43:21	37.85	--	6	22710	卖盘
09:43:18	37.85	--	6	22710	买盘
09:43:15	37.85	-0.03	7	26495	卖盘
09:43:12	37.88	0.03	22	83336	买盘
09:43:09	37.85	--	4	15140	买盘
09:43:06	37.85	0.01	26	98977	买盘
09:43:03	37.84	0.04	5	18920	中性盘
09:43:00	37.8	--	70	264600	卖盘
09:42:57	37.8	--	37	140351	卖盘
09:42:54	37.8	-0.05	42	158760	卖盘
09:42:51	37.85	0.05	228	862980	买盘
09:42:48	37.8	0.01	45	170100	买盘
09:42:45	37.79	--	39	147381	卖盘
09:42:42	37.79	0.01	86	324994	买盘
09:42:39	37.78	--	4	15112	买盘
09:42:36	37.78	--	4	15112	卖盘
09:42:33	37.78	0.01	1	3778	卖盘
09:42:30	37.77	-0.01	29	109533	卖盘
09:42:24	37.78	0.03	46	176054	买盘
09:42:21	37.75	-0.02	5	18875	卖盘
09:42:18	37.77	0.03	3	11331	中性盘
09:42:12	37.74	0.04	51	192474	中性盘
09:42:09	37.7	-0.06	138	523653	卖盘
09:42:06	37.76	0.01	3	11328	买盘
09:42:03	37.75	0.04	12	45300	中性盘
09:42:00	37.71	-0.03	74	279054	卖盘
09:41:57	37.74	--	9	33966	买盘
09:41:54	37.74	--	11	41514	卖盘
09:41:48	37.74	--	36	135864	卖盘
09:41:45	37.74	--	12	45288	卖盘
09:41:42	37.74	--	19	71706	卖盘
09:41:39	37.74	0.01	108	407592	买盘
09:41:36	37.73	-0.01	65	245244	买盘
09:41:33	37.74	--	65	245310	买盘
09:41:27	37.74	--	23	86802	买盘
09:41:24	37.74	--	11	41514	卖盘
09:41:21	37.74	--	11	41514	买盘
09:41:18	37.74	0.04	27	101898	买盘
09:41:15	37.7	-0.05	6	22620	中性盘
09:41:12	37.75	0.05	50	188750	买盘
09:41:09	37.7	--	20	75400	卖盘
09:41:06	37.7	-0.04	11	41470	卖盘
09:41:03	37.74	0.04	24	90576	中性盘
09:40:57	37.7	--	3	11310	卖盘
09:40:54	37.7	-0.06	15	56550	卖盘
09:40:48	37.76	-0.01	152	573952	中性盘
09:40:45	37.77	0.06	51	192627	买盘
09:40:42	37.71	0.01	36	135756	买盘
09:40:39	37.7	-0.08	27	101790	卖盘
09:40:36	37.78	--	42	158676	买盘
09:40:33	37.78	--	39	147342	买盘
09:40:30	37.78	--	208	785824	买盘
09:40:27	37.78	0.08	225	850050	买盘
09:40:24	37.7	-0.08	29	109330	卖盘
09:40:21	37.78	--	5	18890	买盘
09:40:18	37.78	--	68	256904	买盘
09:40:15	37.78	--	35	132230	买盘
09:40:12	37.78	0.04	16	60448	买盘
09:40:09	37.74	-0.01	38	143412	卖盘
09:40:06	37.75	-0.04	152	573800	卖盘
09:40:03	37.79	--	30	113370	买盘
09:40:00	37.79	--	35	132265	买盘
09:39:57	37.79	0.04	58	219182	买盘
09:39:54	37.75	-0.04	20	75500	买盘
09:39:51	37.79	0.08	4	15116	买盘
09:39:48	37.71	-0.04	113	426123	卖盘
09:39:45	37.75	--	7	26425	卖盘
09:39:42	37.75	0.04	60	226500	买盘
09:39:39	37.71	--	14	52794	买盘
09:39:36	37.71	0.02	7	26397	买盘
09:39:33	37.69	--	52	195988	卖盘
09:39:30	37.69	-0.01	47	177143	卖盘
09:39:27	37.7	0.02	17	64090	买盘
09:39:24	37.68	-0.01	23	86664	卖盘
09:39:21	37.69	--	26	97994	买盘
09:39:18	37.69	0.01	42	158298	买盘
09:39:15	37.68	0.13	74	278832	买盘
09:39:12	37.55	-0.13	20	75100	卖盘
09:39:09	37.68	0.03	29	109272	买盘
09:39:06	37.65	--	30	112950	卖盘
09:39:03	37.65	0.15	56	210840	买盘
09:39:00	37.5	-0.05	22	82500	卖盘
09:38:57	37.55	0.05	12	45060	买盘
09:38:54	37.5	-0.12	6	22500	卖盘
09:38:51	37.62	0.07	29	109097	买盘
09:38:48	37.55	0.07	16	60079	买盘
09:38:45	37.48	-0.02	6	22487	卖盘
09:38:42	37.5	0.02	3	11250	买盘
09:38:39	37.48	0.13	17	63715	买盘
09:38:36	37.35	0.02	1	3735	买盘
09:38:33	37.33	--	2	7466	卖盘
09:38:30	37.33	0.04	32	122069	卖盘
09:38:27	37.29	-0.21	19	70851	卖盘
09:38:24	37.5	0.29	71	266250	买盘
09:38:21	37.21	-0.04	143	532103	卖盘
09:38:18	37.25	-0.03	19	73755	卖盘
09:38:15	37.28	0.03	29	108112	买盘
09:38:12	37.25	0.05	10	37250	买盘
09:38:09	37.2	0.01	13	48360	买盘
09:38:06	37.19	0.01	6	22314	买盘
09:38:03	37.18	0.05	11	40898	买盘
09:38:00	37.13	--	1	3713	卖盘
09:37:57	37.13	0.03	4	14852	买盘
09:37:51	37.1	0.01	12	44520	卖盘
09:37:45	37.09	0.04	14	51926	买盘
09:37:36	37.05	0.05	7	25934	买盘
09:37:33	37.0	--	20	74000	买盘
09:37:30	37.0	0.01	101	373700	买盘
09:37:27	36.99	-0.01	14	51786	卖盘
09:37:24	37.0	--	1	3700	买盘
09:37:21	37.0	0.01	27	99900	买盘
09:37:18	36.99	--	24	88776	买盘
09:37:12	36.99	--	5	18495	买盘
09:37:09	36.99	0.02	64	236736	买盘
09:37:06	36.97	0.02	14	51758	买盘
09:36:57	36.95	0.05	16	59120	买盘
09:36:51	36.9	-0.05	25	92250	中性盘
09:36:48	36.95	0.06	12	44340	买盘
09:36:45	36.89	--	14	51646	卖盘
09:36:42	36.89	0.01	27	99603	买盘
09:36:39	36.88	0.03	1	3688	买盘
09:36:36	36.85	--	3	11055	卖盘
09:36:33	36.85	--	10	36850	卖盘
09:36:24	36.85	--	22	81070	买盘
09:36:21	36.85	--	33	121605	买盘
09:36:18	36.85	0.03	9	33165	买盘
09:36:06	36.82	-0.03	10	36820	卖盘
09:36:03	36.85	0.04	43	158455	买盘
09:36:00	36.81	-0.01	8	29448	卖盘
09:35:57	36.82	0.01	3	11046	买盘
09:35:54	36.81	0.01	1	3681	买盘
09:35:51	36.8	--	6	22080	卖盘
09:35:48	36.8	--	69	255391	买盘
09:35:45	36.8	--	22	80960	买盘
09:35:42	36.8	--	40	147200	买盘
09:35:39	36.8	--	15	55199	买盘
09:35:36	36.8	--	10	36800	买盘
09:35:33	36.8	0.02	5	18400	买盘
09:35:30	36.78	-0.01	2	7356	卖盘
09:35:27	36.79	--	19	69901	卖盘
09:35:24	36.79	--	14	51506	卖盘
09:35:21	36.79	0.01	14	54412	买盘
09:35:18	36.78	0.01	9	33102	买盘
09:35:15	36.77	-0.01	1	3677	卖盘
09:35:09	36.78	0.01	10	36780	买盘
09:35:06	36.77	-0.01	1	3677	卖盘
09:35:03	36.78	--	12	44136	买盘
09:35:00	36.78	--	15	55170	卖盘
09:34:57	36.78	0.01	8	29424	买盘
09:34:54	36.77	--	3	11031	买盘
09:34:51	36.77	-0.01	5	18385	中性盘
09:34:39	36.78	0.03	99	364122	买盘
09:34:36	36.75	--	42	154350	买盘
09:34:33	36.75	--	24	88200	买盘
09:34:30	36.75	--	6	22050	买盘
09:34:27	36.75	--	41	150675	买盘
09:34:24	36.75	--	64	235200	卖盘
09:34:21	36.75	--	6	22050	卖盘
09:34:18	36.75	-0.01	2	7350	卖盘
09:34:15	36.76	--	8	29408	买盘
09:34:12	36.76	--	5	18380	买盘
09:34:09	36.76	0.01	34	124984	中性盘
09:34:03	36.75	-0.01	9	33075	卖盘
09:34:00	36.76	-0.02	10	36760	卖盘
09:33:54	36.78	0.03	10	36780	买盘
09:33:48	36.75	--	5	18375	卖盘
09:33:45	36.75	--	1	3675	卖盘
09:33:42	36.75	-0.01	2	9187	卖盘
09:33:39	36.76	0.02	68	249968	买盘
09:33:36	36.74	0.01	33	121242	买盘
09:33:30	36.73	-0.02	7	25710	中性盘
09:33:24	36.75	--	24	88200	买盘
09:33:15	36.75	0.04	50	183750	买盘
09:33:12	36.71	--	3	11013	卖盘
09:33:09	36.71	0.03	1	3671	中性盘
09:33:06	36.68	-0.07	4	14672	卖盘
09:33:03	36.75	--	3	11025	买盘
09:33:00	36.75	0.02	7	25725	买盘
09:32:54	36.73	--	16	58767	买盘
09:32:51	36.73	0.08	2	7345	买盘
09:32:45	36.65	--	2	7330	卖盘
09:32:42	36.65	0.02	3	10995	中性盘
09:32:36	36.63	--	49	179487	卖盘
09:32:33	36.63	-0.02	1	3663	卖盘
09:32:30	36.65	-0.08	6	21990	买盘
09:32:21	36.73	-0.02	56	205687	卖盘
09:32:18	36.75	0.02	67	246225	买盘
09:32:15	36.73	--	17	62440	卖盘
09:32:12	36.73	0.1	10	36730	中性盘
09:32:06	36.63	--	17	64468	买盘
09:31:54	36.63	-0.12	2	8791	卖盘
09:31:51	36.75	0.1	22	83055	买盘
09:31:48	36.65	-0.08	1	3665	卖盘
09:31:45	36.73	0.1	25	91824	买盘
09:31:42	36.63	-0.12	6	21978	卖盘
09:31:30	36.75	0.13	1	3675	买盘
09:31:24	36.62	--	11	40282	卖盘
09:31:12	36.62	-0.17	14	51268	卖盘
09:31:06	36.79	0.17	30	110370	买盘
09:31:00	36.62	-0.18	13	47606	中性盘
09:30:51	36.8	0.01	23	84640	买盘
09:30:48	36.79	0.46	2	7358	中性盘
09:30:45	36.33	--	24	87192	买盘
09:30:42	36.33	--	11	39963	买盘
09:30:39	36.33	-0.46	131	475923	卖盘
09:30:36	36.79	--	6	22074	卖盘
09:30:27	36.79	0.18	4	14716	中性盘
09:30:24	36.61	--	7	25627	买盘
09:30:18	36.61	-0.19	11	40271	卖盘
09:30:12	36.8	--	3	11040	买盘
09:30:09	36.8	0.01	121	445279	买盘
09:30:06	36.79	-0.01	31	114049	中性盘
09:30:03	36.8	-0.01	101	371680	卖盘
09:25:03	36.81	36.81	81	298161	买盘
