成交时间	成交价	价格变动	成交量(手)	成交额(元)	性质
15:00:03	23.9	-0.01	2519	6020410	卖盘
14:57:03	23.91	0.01	8	19128	买盘
14:57:00	23.9	-0.01	351	838890	卖盘
14:56:57	23.91	--	31	74121	买盘
14:56:54	23.91	0.01	93	222363	买盘
14:56:51	23.9	-0.01	8	19120	卖盘
14:56:48	23.91	--	14	33474	买盘
14:56:42	23.91	--	110	263010	买盘
14:56:39	23.91	--	191	456681	买盘
14:56:33	23.91	--	70	167370	卖盘
14:56:30	23.91	--	34	81294	卖盘
14:56:27	23.91	--	33	78903	卖盘
14:56:24	23.91	-0.01	66	157806	卖盘
14:56:21	23.92	0.01	11	26312	买盘
14:56:18	23.91	-0.01	93	222363	卖盘
14:56:15	23.92	--	26	62192	买盘
14:56:12	23.92	--	47	112424	买盘
14:56:09	23.92	0.01	143	342056	买盘
14:56:06	23.91	-0.01	91	217581	卖盘
14:56:03	23.92	0.01	92	220064	买盘
14:56:00	23.91	--	11	26301	卖盘
14:55:57	23.91	--	29	69339	卖盘
14:55:54	23.91	0.01	24	57384	中性盘
14:55:51	23.9	--	42	100380	卖盘
14:55:48	23.9	--	32	76480	卖盘
14:55:45	23.9	--	20	47800	卖盘
14:55:42	23.9	-0.01	34	81260	卖盘
14:55:39	23.91	0.01	13	31083	买盘
14:55:36	23.9	--	90	215100	卖盘
14:55:33	23.9	0.01	17	40630	买盘
14:55:30	23.89	-0.01	380	907820	卖盘
14:55:27	23.9	--	156	372840	买盘
14:55:24	23.9	--	122	291580	买盘
14:55:21	23.9	0.01	109	260509	买盘
14:55:18	23.89	--	125	298625	卖盘
14:55:15	23.89	--	277	661753	卖盘
14:55:12	23.89	--	23	54947	卖盘
14:55:09	23.89	--	1	2389	卖盘
14:55:06	23.89	--	55	131395	卖盘
14:55:03	23.89	0.02	195	465855	买盘
14:55:00	23.87	--	184	439208	卖盘
14:54:57	23.87	-0.02	136	324632	卖盘
14:54:54	23.89	0.03	539	1287671	买盘
14:54:51	23.86	--	42	100212	卖盘
14:54:48	23.86	--	68	162248	卖盘
14:54:45	23.86	-0.01	51	121686	卖盘
14:54:42	23.87	0.01	22	52514	买盘
14:54:39	23.86	--	127	303022	买盘
14:54:36	23.86	0.01	117	279162	买盘
14:54:33	23.85	-0.01	3	7155	卖盘
14:54:30	23.86	--	47	112142	买盘
14:54:24	23.86	--	81	193266	卖盘
14:54:21	23.86	-0.01	111	264846	卖盘
14:54:15	23.87	0.01	7	16709	买盘
14:54:12	23.86	-0.01	6	14316	卖盘
14:54:09	23.87	--	12	28644	买盘
14:54:06	23.87	--	39	93093	买盘
14:54:03	23.87	--	2	4774	买盘
14:54:00	23.87	--	65	155155	买盘
14:53:57	23.87	-0.01	169	403403	卖盘
14:53:54	23.88	--	1	2388	买盘
14:53:51	23.88	--	77	183876	买盘
14:53:48	23.88	--	71	169548	买盘
14:53:45	23.88	--	20	47760	卖盘
14:53:42	23.88	0.01	16	38208	中性盘
14:53:39	23.87	--	68	162316	卖盘
14:53:36	23.87	-0.01	2	4774	卖盘
14:53:33	23.88	0.01	38	90744	买盘
14:53:30	23.87	-0.03	27	64449	卖盘
14:53:27	23.9	--	6	14340	买盘
14:53:24	23.9	0.03	134	320260	买盘
14:53:21	23.87	0.01	10	23870	买盘
14:53:18	23.86	-0.02	8	19088	卖盘
14:53:15	23.88	-0.01	254	606552	卖盘
14:53:12	23.89	0.02	71	169619	买盘
14:53:09	23.87	-0.02	3	7161	卖盘
14:53:06	23.89	0.01	332	793148	买盘
14:53:03	23.88	0.01	290	692520	买盘
14:53:00	23.87	--	14	33418	卖盘
14:52:57	23.87	--	19	45353	卖盘
14:52:54	23.87	--	126	300762	买盘
14:52:51	23.87	0.01	7	16709	买盘
14:52:48	23.86	--	40	95440	卖盘
14:52:45	23.86	--	10	23860	卖盘
14:52:42	23.86	-0.02	17	40562	卖盘
14:52:39	23.88	0.02	176	420288	买盘
14:52:36	23.86	-0.01	25	59650	卖盘
14:52:33	23.87	--	42	100254	卖盘
14:52:30	23.87	-0.01	121	288827	卖盘
14:52:27	23.88	--	39	93132	卖盘
14:52:24	23.88	--	7	16716	卖盘
14:52:21	23.88	--	48	114624	卖盘
14:52:18	23.88	0.02	62	148056	买盘
14:52:15	23.86	-0.01	31	73966	买盘
14:52:12	23.87	-0.03	1010	2410870	卖盘
14:52:09	23.9	0.03	959	2292010	买盘
14:52:06	23.87	--	3	7161	买盘
14:52:03	23.87	0.02	21	50127	买盘
14:52:00	23.85	-0.03	75	178875	卖盘
14:51:54	23.88	--	1	2388	买盘
14:51:51	23.88	0.01	4	9552	买盘
14:51:48	23.87	--	50	119350	卖盘
14:51:45	23.87	-0.03	315	751905	卖盘
14:51:42	23.9	0.03	5	11950	买盘
14:51:39	23.87	--	8	19096	卖盘
14:51:36	23.87	-0.03	613	1463231	中性盘
14:51:33	23.9	0.05	357	853230	买盘
14:51:30	23.85	--	9	21465	卖盘
14:51:27	23.85	-0.02	60	143100	卖盘
14:51:24	23.87	--	17	40579	卖盘
14:51:21	23.87	0.02	37	88319	卖盘
14:51:15	23.85	-0.04	60	143100	卖盘
14:51:09	23.89	-0.01	21	50169	买盘
14:51:06	23.9	0.01	300	717000	买盘
14:51:00	23.89	-0.01	4	9556	中性盘
14:50:57	23.9	0.05	66	157740	买盘
14:50:54	23.85	-0.05	102	243270	卖盘
14:50:51	23.9	0.01	38	90820	买盘
14:50:48	23.89	-0.01	54	129316	卖盘
14:50:45	23.9	--	48	114720	买盘
14:50:42	23.9	-0.01	1173	2803470	卖盘
14:50:39	23.91	--	1	2391	卖盘
14:50:36	23.91	--	37	88467	卖盘
14:50:33	23.91	-0.01	2	4782	卖盘
14:50:24	23.92	0.01	52	124384	买盘
14:50:21	23.91	0.01	4	9564	买盘
14:50:18	23.9	-0.01	3	7170	卖盘
14:50:15	23.91	-0.01	28	66948	卖盘
14:50:12	23.92	0.01	90	215280	买盘
14:50:09	23.91	-0.01	9	21519	卖盘
14:50:06	23.92	--	52	124384	买盘
14:50:03	23.92	0.01	50	119600	买盘
14:50:00	23.91	-0.01	17	40647	卖盘
14:49:57	23.92	0.01	55	131560	买盘
14:49:51	23.91	-0.01	25	59775	卖盘
14:49:48	23.92	0.01	54	129168	买盘
14:49:45	23.91	-0.01	17	40647	卖盘
14:49:42	23.92	-0.01	5	11960	中性盘
14:49:33	23.93	0.02	47	112471	买盘
14:49:30	23.91	-0.02	131	313221	卖盘
14:49:24	23.93	0.02	88	210584	买盘
14:49:21	23.91	--	48	114768	卖盘
14:49:18	23.91	--	41	98031	卖盘
14:49:15	23.91	--	11	26301	卖盘
14:49:12	23.91	--	62	148242	卖盘
14:49:09	23.91	--	81	193671	卖盘
14:49:06	23.91	--	11	26301	卖盘
14:49:03	23.91	--	5	11955	买盘
14:49:00	23.91	-0.02	51	121941	卖盘
14:48:54	23.93	--	4	9572	买盘
14:48:51	23.93	-0.01	1	2393	买盘
14:48:48	23.94	--	22	52668	卖盘
14:48:45	23.94	-0.01	126	301644	卖盘
14:48:42	23.95	--	52	124540	卖盘
14:48:39	23.95	-0.01	36	86220	中性盘
14:48:36	23.96	0.02	102	244392	买盘
14:48:33	23.94	-0.02	3	7182	卖盘
14:48:30	23.96	0.01	30	71880	买盘
14:48:27	23.95	-0.01	3	7185	中性盘
14:48:24	23.96	0.01	51	122196	买盘
14:48:21	23.95	--	2	4790	买盘
14:48:18	23.95	-0.01	52	126623	卖盘
14:48:15	23.96	--	71	170116	卖盘
14:48:12	23.96	-0.01	29	69484	卖盘
14:48:09	23.97	0.02	50	119850	买盘
14:48:06	23.95	-0.01	51	122145	卖盘
14:48:03	23.96	--	22	52712	买盘
14:48:00	23.96	0.01	46	110216	中性盘
14:47:57	23.95	-0.01	47	112565	卖盘
14:47:54	23.96	--	16	38336	卖盘
14:47:51	23.96	--	54	129384	买盘
14:47:48	23.96	--	4	9584	买盘
14:47:45	23.96	--	1	2396	买盘
14:47:42	23.96	0.01	15	35940	买盘
14:47:39	23.95	-0.01	5	11975	卖盘
14:47:36	23.96	--	37	88652	卖盘
14:47:33	23.96	-0.02	64	153344	卖盘
14:47:30	23.98	0.02	98	235004	买盘
14:47:27	23.96	--	18	43128	卖盘
14:47:24	23.96	0.01	20	47920	买盘
14:47:21	23.95	--	163	390385	卖盘
14:47:18	23.95	-0.03	22	52690	卖盘
14:47:15	23.98	0.03	39	93522	买盘
14:47:12	23.95	--	14	33530	卖盘
14:47:06	23.95	-0.01	48	114960	卖盘
14:47:03	23.96	0.01	26	62296	卖盘
14:47:00	23.95	-0.04	246	589170	卖盘
14:46:57	23.99	0.04	93	223107	买盘
14:46:54	23.95	-0.04	40	95800	卖盘
14:46:51	23.99	0.03	52	124747	买盘
14:46:48	23.96	-0.03	38	91048	卖盘
14:46:45	23.99	0.04	770	1847229	买盘
14:46:42	23.95	--	54	129330	卖盘
14:46:39	23.95	--	1	2395	卖盘
14:46:36	23.95	--	1	2395	卖盘
14:46:33	23.95	0.01	563	1348696	买盘
14:46:30	23.94	--	2	4788	卖盘
14:46:27	23.94	--	15	35910	卖盘
14:46:24	23.94	0.04	558	1335852	买盘
14:46:21	23.9	--	272	650080	卖盘
14:46:18	23.9	--	15	35850	卖盘
14:46:15	23.9	--	10	23900	卖盘
14:46:12	23.9	0.01	436	1042039	买盘
14:46:09	23.89	--	3	7167	卖盘
14:46:06	23.89	-0.01	154	367906	卖盘
14:46:03	23.9	--	94	224660	买盘
14:46:00	23.9	0.01	357	853230	买盘
14:45:57	23.89	--	16	38224	卖盘
14:45:54	23.89	--	12	28668	卖盘
14:45:51	23.89	0.01	49	117061	买盘
14:45:48	23.88	--	3	7164	卖盘
14:45:45	23.88	0.02	386	921768	买盘
14:45:42	23.86	--	132	314952	卖盘
14:45:39	23.86	--	2	4772	卖盘
14:45:36	23.86	--	7	16702	卖盘
14:45:33	23.86	0.01	55	131230	买盘
14:45:30	23.85	--	15	35775	卖盘
14:45:27	23.85	--	47	112095	买盘
14:45:24	23.85	-0.01	107	255195	买盘
14:45:21	23.86	0.03	381	909066	买盘
14:45:18	23.83	-0.01	2	4766	卖盘
14:45:09	23.84	0.01	53	126352	中性盘
14:45:06	23.83	-0.01	113	269279	卖盘
14:45:03	23.84	--	43	102512	卖盘
14:45:00	23.84	--	2	4768	卖盘
14:44:57	23.84	0.01	80	190720	买盘
14:44:51	23.83	-0.01	54	128681	卖盘
14:44:48	23.84	0.01	22	52448	买盘
14:44:45	23.83	--	25	59574	卖盘
14:44:42	23.83	--	21	50043	卖盘
14:44:39	23.83	--	90	214469	卖盘
14:44:36	23.83	-0.02	42	100086	卖盘
14:44:33	23.85	0.01	13	31005	买盘
14:44:30	23.84	-0.01	2	4768	中性盘
14:44:27	23.85	0.02	307	732195	买盘
14:44:18	23.83	-0.02	18	42894	卖盘
14:44:09	23.85	-0.01	398	949230	卖盘
14:44:06	23.86	--	1	2386	买盘
14:44:03	23.86	-0.01	33	78738	卖盘
14:43:57	23.87	0.01	7	16709	买盘
14:43:54	23.86	-0.01	30	71580	卖盘
14:43:48	23.87	--	38	90706	买盘
14:43:45	23.87	--	3	7161	买盘
14:43:42	23.87	--	24	57288	卖盘
14:43:39	23.87	--	100	238700	卖盘
14:43:36	23.87	--	205	489335	卖盘
14:43:33	23.87	-0.02	50	119350	卖盘
14:43:30	23.89	--	9	21501	买盘
14:43:27	23.89	0.01	14	33446	买盘
14:43:24	23.88	-0.01	16	38208	卖盘
14:43:21	23.89	--	2	4778	买盘
14:43:18	23.89	-0.01	18	43002	卖盘
14:43:12	23.9	--	83	198370	卖盘
14:43:09	23.9	--	23	54970	卖盘
14:43:06	23.9	--	54	129059	卖盘
14:43:03	23.9	-0.01	52	124279	卖盘
14:43:00	23.91	--	80	191280	买盘
14:42:57	23.91	0.01	2	4782	买盘
14:42:54	23.9	--	132	315480	卖盘
14:42:51	23.9	--	337	805430	卖盘
14:42:48	23.9	--	26	62139	卖盘
14:42:42	23.9	--	19	45410	卖盘
14:42:39	23.9	--	2	4780	卖盘
14:42:36	23.9	-0.02	12	28680	卖盘
14:42:33	23.92	--	21	50232	卖盘
14:42:30	23.92	0.02	4	9568	中性盘
14:42:27	23.9	-0.01	100	239000	卖盘
14:42:24	23.91	-0.01	21	50211	卖盘
14:42:21	23.92	0.01	16	38272	中性盘
14:42:18	23.91	-0.01	39	93249	卖盘
14:42:15	23.92	0.01	10	23920	买盘
14:42:12	23.91	--	12	28692	卖盘
14:42:09	23.91	--	3	7173	卖盘
14:42:06	23.91	-0.01	3	7173	卖盘
14:41:57	23.92	0.01	217	519064	中性盘
14:41:54	23.91	--	30	71730	卖盘
14:41:51	23.91	--	73	174543	卖盘
14:41:45	23.91	--	2	4782	卖盘
14:41:42	23.91	--	19	45429	中性盘
14:41:39	23.91	0.01	25	59775	买盘
14:41:36	23.9	--	2	4780	卖盘
14:41:33	23.9	--	7	16730	卖盘
14:41:30	23.9	--	2	4780	卖盘
14:41:27	23.9	--	6	14340	卖盘
14:41:24	23.9	--	236	564040	买盘
14:41:21	23.9	0.02	522	1247580	买盘
14:41:18	23.88	--	17	40596	卖盘
14:41:15	23.88	--	4	9552	卖盘
14:41:12	23.88	-0.01	2	4776	卖盘
14:41:09	23.89	--	12	28668	买盘
14:41:06	23.89	--	36	86004	卖盘
14:41:03	23.89	--	4	9556	卖盘
14:40:57	23.89	-0.03	5	11945	中性盘
14:40:54	23.92	0.04	302	722384	买盘
14:40:48	23.88	-0.01	1	2388	卖盘
14:40:45	23.89	--	5	11945	买盘
14:40:42	23.89	-0.01	2	4778	中性盘
14:40:36	23.9	0.02	328	783920	买盘
14:40:33	23.88	-0.02	20	47760	卖盘
14:40:30	23.9	--	246	587940	卖盘
14:40:24	23.9	--	15	35850	卖盘
14:40:21	23.9	--	50	119500	卖盘
14:40:18	23.9	--	10	23900	卖盘
14:40:15	23.9	--	185	442150	买盘
14:40:12	23.9	--	160	382400	买盘
14:40:06	23.9	--	104	248559	买盘
14:40:00	23.9	--	7	16730	买盘
14:39:57	23.9	--	71	169690	卖盘
14:39:54	23.9	-0.04	2	4780	卖盘
14:39:51	23.94	0.04	5	11970	买盘
14:39:42	23.9	-0.04	10	23900	卖盘
14:39:39	23.94	--	19	45486	卖盘
14:39:36	23.94	--	6	14364	卖盘
14:39:33	23.94	--	13	31122	卖盘
14:39:30	23.94	0.04	462	1106028	买盘
14:39:27	23.9	--	27	64529	卖盘
14:39:21	23.9	--	12	28680	卖盘
14:39:15	23.9	--	1	2390	卖盘
14:39:12	23.9	-0.01	5	11950	卖盘
14:39:09	23.91	--	3	7173	买盘
14:39:06	23.91	--	31	74121	卖盘
14:39:03	23.91	--	10	23910	卖盘
14:39:00	23.91	--	10	23910	卖盘
14:38:57	23.91	-0.01	3	7173	卖盘
14:38:51	23.92	--	19	45448	买盘
14:38:48	23.92	0.01	7	16744	买盘
14:38:45	23.91	-0.01	87	208017	卖盘
14:38:39	23.92	--	5	11960	买盘
14:38:36	23.92	--	78	186576	买盘
14:38:33	23.92	0.01	1	2392	买盘
14:38:30	23.91	-0.01	39	93249	卖盘
14:38:27	23.92	-0.01	36	86112	卖盘
14:38:18	23.93	0.01	2	4786	买盘
14:38:15	23.92	--	30	71760	卖盘
14:38:12	23.92	-0.02	1	2392	卖盘
14:38:09	23.94	0.01	29	69426	买盘
14:38:06	23.93	--	24	57432	买盘
14:38:03	23.93	--	2	4786	买盘
14:37:54	23.93	--	26	62218	买盘
14:37:51	23.93	-0.02	70	169591	卖盘
14:37:48	23.95	--	2	4790	买盘
14:37:45	23.95	0.01	41	98195	买盘
14:37:42	23.94	0.01	17	41009	买盘
14:37:33	23.93	-0.01	9	21537	卖盘
14:37:30	23.94	-0.01	99	239088	卖盘
14:37:27	23.95	0.01	254	608641	买盘
14:37:24	23.94	0.01	10	23940	卖盘
14:37:21	23.93	--	10	23930	卖盘
14:37:18	23.93	-0.01	20	47860	卖盘
14:37:15	23.94	--	12	28728	卖盘
14:37:12	23.94	--	82	196308	买盘
14:37:06	23.94	0.01	10	23940	买盘
14:37:03	23.93	-0.01	28	67004	卖盘
14:37:00	23.94	0.01	30	71820	买盘
14:36:54	23.93	-0.01	5	11965	买盘
14:36:51	23.94	-0.01	4	9576	中性盘
14:36:48	23.95	0.01	500	1197500	买盘
14:36:45	23.94	0.01	26	62244	买盘
14:36:42	23.93	--	47	114385	卖盘
14:36:36	23.93	-0.01	29	69397	卖盘
14:36:33	23.94	0.01	33	79002	买盘
14:36:30	23.93	-0.01	14	33502	卖盘
14:36:24	23.94	--	46	110124	买盘
14:36:21	23.94	0.01	54	129276	买盘
14:36:18	23.93	--	34	81362	卖盘
14:36:15	23.93	--	14	33502	卖盘
14:36:12	23.93	--	10	23930	卖盘
14:36:06	23.93	0.02	179	428347	买盘
14:36:03	23.91	--	1	2391	卖盘
14:36:00	23.91	--	10	23910	卖盘
14:35:57	23.91	0.01	53	126723	卖盘
14:35:48	23.9	-0.05	60	143400	卖盘
14:35:42	23.95	--	3	7185	买盘
14:35:39	23.95	--	7	16765	买盘
14:35:36	23.95	--	103	246685	买盘
14:35:33	23.95	0.02	133	318535	买盘
14:35:30	23.93	-0.02	0	2249	卖盘
14:35:27	23.95	-0.01	60	143867	卖盘
14:35:24	23.96	--	82	196472	卖盘
14:35:21	23.96	--	59	141364	卖盘
14:35:18	23.96	0.01	197	472012	买盘
14:35:15	23.95	--	51	122145	卖盘
14:35:12	23.95	--	30	71850	卖盘
14:35:09	23.95	--	7	16765	卖盘
14:35:06	23.95	--	7	16765	卖盘
14:35:03	23.95	--	18	43110	卖盘
14:35:00	23.95	--	69	165255	卖盘
14:34:57	23.95	-0.01	25	59875	卖盘
14:34:54	23.96	--	33	79068	买盘
14:34:48	23.96	-0.01	1	2396	买盘
14:34:42	23.97	0.02	58	139026	买盘
14:34:39	23.95	-0.02	103	246685	卖盘
14:34:36	23.97	0.01	24	57528	买盘
14:34:33	23.96	--	20	47920	卖盘
14:34:30	23.96	--	13	31148	卖盘
14:34:27	23.96	--	22	52712	卖盘
14:34:18	23.96	--	6	15190	卖盘
14:34:12	23.96	--	290	694840	卖盘
14:34:09	23.96	--	74	177304	买盘
14:34:06	23.96	0.01	1	2396	买盘
14:34:03	23.95	--	1	2395	卖盘
14:34:00	23.95	-0.01	30	74077	卖盘
14:33:57	23.96	--	15	35940	买盘
14:33:54	23.96	0.01	22	52712	买盘
14:33:48	23.95	-0.01	4	9580	卖盘
14:33:45	23.96	0.01	27	64692	买盘
14:33:42	23.95	-0.01	23	55085	卖盘
14:33:39	23.96	0.01	27	64692	买盘
14:33:36	23.95	--	3	7185	卖盘
14:33:33	23.95	0.02	147	352065	买盘
14:33:30	23.93	--	1	2393	卖盘
14:33:27	23.93	0.01	13	31109	卖盘
14:33:24	23.92	-0.01	403	963976	卖盘
14:33:21	23.93	0.01	135	323055	买盘
14:33:15	23.92	--	31	74152	卖盘
14:33:12	23.92	0.03	46	110653	买盘
14:33:09	23.89	-0.03	2	4778	卖盘
14:33:06	23.92	0.02	212	507104	买盘
14:33:03	23.9	0.01	66	157740	买盘
14:33:00	23.89	-0.03	3	7167	买盘
14:32:54	23.92	0.02	130	310960	买盘
14:32:48	23.9	--	15	35850	买盘
14:32:45	23.9	0.02	4	9560	买盘
14:32:42	23.88	-0.03	9	21492	卖盘
14:32:39	23.91	0.01	152	363432	买盘
14:32:36	23.9	0.01	28	66920	买盘
14:32:30	23.89	--	20	47780	卖盘
14:32:27	23.89	0.01	7	16723	中性盘
14:32:24	23.88	-0.02	30	71640	卖盘
14:32:21	23.9	0.01	90	215100	买盘
14:32:18	23.89	-0.01	1	2389	卖盘
14:32:15	23.9	--	3	7170	买盘
14:32:12	23.9	--	29	69310	买盘
14:32:09	23.9	--	1	2390	买盘
14:32:06	23.9	--	209	499509	买盘
14:32:03	23.9	0.01	112	267680	买盘
14:32:00	23.89	-0.01	29	69281	卖盘
14:31:57	23.9	--	56	133840	买盘
14:31:54	23.9	--	56	133840	买盘
14:31:51	23.9	--	58	138620	买盘
14:31:48	23.9	0.03	524	1252360	买盘
14:31:45	23.87	-0.01	4	9548	中性盘
14:31:42	23.88	0.02	13	31044	买盘
14:31:39	23.86	-0.02	33	78738	卖盘
14:31:36	23.88	0.01	2	4776	买盘
14:31:33	23.87	--	5	11935	卖盘
14:31:30	23.87	0.01	60	143220	买盘
14:31:27	23.86	--	29	69194	卖盘
14:31:24	23.86	--	205	489130	卖盘
14:31:21	23.86	0.02	12	28632	买盘
14:31:15	23.84	--	64	152576	买盘
14:31:12	23.84	--	31	73904	买盘
14:31:09	23.84	--	5	11920	买盘
14:31:06	23.84	0.01	28	66752	买盘
14:31:03	23.83	--	65	154895	卖盘
14:31:00	23.83	-0.02	9	21447	卖盘
14:30:51	23.85	--	125	298125	买盘
14:30:48	23.85	--	5	11925	买盘
14:30:42	23.85	0.02	35	83475	买盘
14:30:39	23.83	-0.02	20	47660	卖盘
14:30:33	23.85	--	11	26235	买盘
14:30:24	23.85	-0.02	111	264735	卖盘
14:30:21	23.87	--	123	293601	买盘
14:30:12	23.87	0.02	31	73997	买盘
14:30:09	23.85	--	4	9540	卖盘
14:30:03	23.85	--	8	19080	卖盘
14:30:00	23.85	0.02	207	493695	买盘
14:29:57	23.83	0.01	5	11915	买盘
14:29:54	23.82	--	7	16674	卖盘
14:29:51	23.82	--	29	69078	卖盘
14:29:48	23.82	--	2	4764	卖盘
14:29:45	23.82	0.01	52	123864	买盘
14:29:39	23.81	-0.01	35	83335	卖盘
14:29:36	23.82	0.01	100	238200	买盘
14:29:33	23.81	--	50	119050	卖盘
14:29:30	23.81	-0.01	68	161908	卖盘
14:29:27	23.82	0.01	69	164358	买盘
14:29:24	23.81	--	8	19048	卖盘
14:29:18	23.81	--	15	35715	卖盘
14:29:15	23.81	--	24	57144	卖盘
14:29:12	23.81	--	81	192861	卖盘
14:29:09	23.81	-0.01	7	16667	卖盘
14:29:06	23.82	--	2	4764	买盘
14:29:00	23.82	--	1	2382	买盘
14:28:57	23.82	--	6	14292	买盘
14:28:54	23.82	-0.01	263	626466	卖盘
14:28:51	23.83	0.01	3	7148	买盘
14:28:48	23.82	--	11	26202	卖盘
14:28:45	23.82	-0.01	1	2382	卖盘
14:28:42	23.83	0.01	10	23830	买盘
14:28:39	23.82	-0.01	13	30966	卖盘
14:28:36	23.83	--	16	38128	买盘
14:28:33	23.83	--	12	28595	买盘
14:28:24	23.83	--	2	4766	买盘
14:28:18	23.83	--	1	2383	买盘
14:28:15	23.83	--	40	95320	买盘
14:28:12	23.83	--	30	71490	卖盘
14:28:09	23.83	-0.02	13	30978	卖盘
14:28:06	23.85	0.02	2	4770	买盘
14:28:00	23.83	--	56	133448	卖盘
14:27:45	23.83	--	250	595750	卖盘
14:27:39	23.83	--	1	2383	卖盘
14:27:36	23.83	-0.05	2	4766	中性盘
14:27:33	23.88	0.05	500	1194000	买盘
14:27:27	23.83	--	33	78639	卖盘
14:27:24	23.83	--	15	35745	卖盘
14:27:21	23.83	-0.01	17	40511	卖盘
14:27:18	23.84	0.01	1	2384	中性盘
14:27:12	23.83	-0.02	12	28595	卖盘
14:27:09	23.85	0.01	22	52470	买盘
14:27:03	23.84	0.02	5	11920	买盘
14:27:00	23.82	--	20	47640	卖盘
14:26:57	23.82	-0.01	41	97662	卖盘
14:26:54	23.83	--	6	14297	买盘
14:26:51	23.83	--	25	59574	买盘
14:26:48	23.83	0.01	3	7148	买盘
14:26:45	23.82	-0.01	50	119100	卖盘
14:26:42	23.83	0.01	13	30978	买盘
14:26:39	23.82	-0.01	5	11910	卖盘
14:26:36	23.83	0.01	16	38128	买盘
14:26:33	23.82	-0.01	5	11910	卖盘
14:26:27	23.83	0.01	2	4766	买盘
14:26:21	23.82	-0.01	1	2382	卖盘
14:26:18	23.83	--	2	4766	买盘
14:26:15	23.83	0.01	6	14297	买盘
14:26:12	23.82	-0.01	24	57168	卖盘
14:26:09	23.83	0.01	37	88171	买盘
14:26:06	23.82	-0.01	2	4764	卖盘
14:26:00	23.83	--	1	2383	买盘
14:25:51	23.83	--	7	16681	买盘
14:25:48	23.83	-0.01	123	293109	卖盘
14:25:42	23.84	--	5	11920	卖盘
14:25:39	23.84	-0.01	35	83440	卖盘
14:25:30	23.85	-0.01	8	19080	卖盘
14:25:24	23.86	--	2	4772	买盘
14:25:18	23.86	-0.01	12	28632	中性盘
14:25:12	23.87	0.02	6	14322	买盘
14:25:09	23.85	-0.02	11	26235	卖盘
14:25:06	23.87	--	8	19096	买盘
14:25:00	23.87	--	10	23870	买盘
14:24:57	23.87	--	19	45353	买盘
14:24:51	23.87	--	30	71610	买盘
14:24:48	23.87	--	4	9548	买盘
14:24:45	23.87	--	34	81158	卖盘
14:24:42	23.87	--	143	341341	卖盘
14:24:39	23.87	--	9	21483	卖盘
14:24:33	23.87	--	18	42966	卖盘
14:24:30	23.87	--	5	11935	卖盘
14:24:27	23.87	--	10	23870	卖盘
14:24:24	23.87	-0.01	3	7161	卖盘
14:24:21	23.88	0.01	43	102684	买盘
14:24:18	23.87	-0.01	12	28644	卖盘
14:24:15	23.88	0.01	32	76416	买盘
14:24:12	23.87	-0.01	11	26257	卖盘
14:24:09	23.88	--	4	9552	买盘
14:24:06	23.88	--	2	4776	买盘
14:24:03	23.88	0.01	14	33432	买盘
14:24:00	23.87	--	3	7161	卖盘
14:23:54	23.87	-0.01	60	143220	卖盘
14:23:48	23.88	--	7	16716	卖盘
14:23:45	23.88	0.01	16	38208	卖盘
14:23:42	23.87	-0.01	1	2387	卖盘
14:23:39	23.88	0.01	5	11940	中性盘
14:23:36	23.87	--	24	57288	卖盘
14:23:33	23.87	-0.02	5	11935	卖盘
14:23:30	23.89	0.02	101	241289	买盘
14:23:27	23.87	-0.01	2	4774	卖盘
14:23:18	23.88	-0.01	277	661476	卖盘
14:23:15	23.89	--	5	11945	卖盘
14:23:12	23.89	--	9	21501	买盘
14:23:09	23.89	-0.01	1	2389	买盘
14:23:06	23.9	0.01	10	23900	买盘
14:23:03	23.89	--	8	19112	买盘
14:22:57	23.89	--	259	618751	卖盘
14:22:54	23.89	-0.01	31	74059	卖盘
14:22:51	23.9	--	102	243780	买盘
14:22:48	23.9	0.01	5	11950	买盘
14:22:39	23.89	--	6	14334	买盘
14:22:36	23.89	-0.01	24	57336	卖盘
14:22:33	23.9	0.01	40	95600	买盘
14:22:27	23.89	0.01	8	19112	中性盘
14:22:21	23.88	-0.01	75	179100	卖盘
14:22:18	23.89	0.01	70	167230	买盘
14:22:12	23.88	-0.01	38	90744	卖盘
14:22:09	23.89	--	13	31057	买盘
14:22:06	23.89	0.01	25	59725	买盘
14:22:03	23.88	-0.01	30	71640	卖盘
14:22:00	23.89	0.01	20	47780	买盘
14:21:57	23.88	-0.01	5	11940	卖盘
14:21:54	23.89	--	15	35835	买盘
14:21:51	23.89	0.01	100	238900	买盘
14:21:48	23.88	--	10	23880	卖盘
14:21:45	23.88	-0.01	16	38208	卖盘
14:21:42	23.89	--	1	2389	买盘
14:21:39	23.89	--	26	62114	卖盘
14:21:36	23.89	--	2	4778	卖盘
14:21:33	23.89	-0.01	5	11945	卖盘
14:21:30	23.9	--	17	40630	买盘
14:21:27	23.9	--	3	7170	买盘
14:21:24	23.9	--	137	327430	买盘
14:21:21	23.9	0.02	100	239000	买盘
14:21:12	23.88	--	218	520584	卖盘
14:21:09	23.88	--	30	71640	卖盘
14:21:06	23.88	--	2	4776	卖盘
14:21:00	23.88	--	17	40596	卖盘
14:20:57	23.88	--	40	95520	卖盘
14:20:54	23.88	--	4	9552	卖盘
14:20:51	23.88	0.01	10	23880	卖盘
14:20:48	23.87	-0.01	66	157542	卖盘
14:20:45	23.88	--	4	9552	买盘
14:20:42	23.88	--	14	33432	买盘
14:20:36	23.88	--	53	126564	买盘
14:20:33	23.88	--	65	155220	买盘
14:20:30	23.88	0.01	26	62088	买盘
14:20:21	23.87	-0.01	2	4774	卖盘
14:20:18	23.88	0.01	7	16716	买盘
14:20:15	23.87	--	56	133672	买盘
14:20:12	23.87	0.01	50	119350	买盘
14:20:09	23.86	--	25	59650	卖盘
14:20:06	23.86	--	2	4772	卖盘
14:20:03	23.86	-0.01	3	7158	卖盘
14:20:00	23.87	0.01	10	23870	买盘
14:19:57	23.86	--	20	47720	卖盘
14:19:54	23.86	-0.01	91	217126	卖盘
14:19:51	23.87	0.01	27	64449	买盘
14:19:48	23.86	--	19	45334	卖盘
14:19:42	23.86	--	304	725344	卖盘
14:19:36	23.86	--	10	23860	卖盘
14:19:33	23.86	--	5	11930	卖盘
14:19:24	23.86	-0.01	6	14316	卖盘
14:19:21	23.87	0.02	3	7161	买盘
14:19:15	23.85	--	82	197382	卖盘
14:19:12	23.85	-0.01	55	131175	卖盘
14:19:09	23.86	--	2	4772	买盘
14:19:06	23.86	0.01	32	76352	买盘
14:19:03	23.85	--	10	23850	卖盘
14:18:57	23.85	--	10	23850	卖盘
14:18:54	23.85	--	3	7155	卖盘
14:18:51	23.85	--	114	271890	买盘
14:18:48	23.85	--	2	4770	买盘
14:18:45	23.85	0.01	2	4770	买盘
14:18:39	23.84	--	5	11920	卖盘
14:18:36	23.84	-0.01	13	30992	卖盘
14:18:33	23.85	--	2	4770	买盘
14:18:30	23.85	0.01	5	11925	买盘
14:18:27	23.84	-0.01	12	28608	卖盘
14:18:24	23.85	0.01	6	14310	买盘
14:18:21	23.84	--	2	4768	买盘
14:18:18	23.84	--	2	4768	买盘
14:18:15	23.84	--	34	81056	买盘
14:18:12	23.84	--	471	1122864	买盘
14:18:09	23.84	--	10	23840	买盘
14:18:06	23.84	--	26	61984	买盘
14:18:03	23.84	--	33	78672	买盘
14:18:00	23.84	--	32	76288	买盘
14:17:57	23.84	0.01	11	26224	买盘
14:17:54	23.83	--	31	73873	卖盘
14:17:51	23.83	--	10	23830	卖盘
14:17:48	23.83	--	33	78639	卖盘
14:17:45	23.83	0.01	61	145363	买盘
14:17:42	23.82	-0.01	295	702690	卖盘
14:17:39	23.83	--	2	4766	买盘
14:17:36	23.83	--	24	57191	买盘
14:17:30	23.83	0.01	2	4766	买盘
14:17:27	23.82	--	203	483546	买盘
14:17:24	23.82	--	11	26202	买盘
14:17:21	23.82	--	17	40494	买盘
14:17:18	23.82	0.01	11	26202	买盘
14:17:15	23.81	--	14	34524	卖盘
14:17:12	23.81	--	52	123812	卖盘
14:17:09	23.81	--	50	119050	卖盘
14:17:06	23.81	--	8	19048	卖盘
14:17:03	23.81	--	6	14286	卖盘
14:17:00	23.81	--	23	54763	卖盘
14:16:57	23.81	0.01	85	202385	买盘
14:16:54	23.8	--	3	7140	卖盘
14:16:51	23.8	--	173	411740	卖盘
14:16:48	23.8	-0.01	60	142800	卖盘
14:16:45	23.81	0.01	7	16667	买盘
14:16:42	23.8	-0.01	9	21420	卖盘
14:16:36	23.81	--	5	11905	买盘
14:16:33	23.81	--	40	95240	买盘
14:16:30	23.81	--	89	211909	卖盘
14:16:27	23.81	-0.01	116	276196	卖盘
14:16:21	23.82	--	163	388266	买盘
14:16:12	23.82	--	196	466872	卖盘
14:16:09	23.82	-0.01	21	50022	卖盘
14:16:06	23.83	0.01	13	30978	买盘
14:16:03	23.82	-0.01	109	259638	卖盘
14:16:00	23.83	0.01	2	4766	卖盘
14:15:57	23.82	--	105	250110	卖盘
14:15:54	23.82	-0.01	57	135774	卖盘
14:15:51	23.83	0.01	68	162044	买盘
14:15:48	23.82	-0.01	19	45258	卖盘
14:15:45	23.83	0.01	24	57191	买盘
14:15:42	23.82	--	28	66696	卖盘
14:15:36	23.82	-0.01	33	78606	卖盘
14:15:33	23.83	--	37	88171	卖盘
14:15:30	23.83	--	52	123915	卖盘
14:15:27	23.83	-0.02	10	23830	卖盘
14:15:21	23.85	0.02	8	19080	买盘
14:15:15	23.83	-0.01	36	85788	卖盘
14:15:09	23.84	-0.01	5	11920	卖盘
14:15:06	23.85	--	16	38160	卖盘
14:15:03	23.85	--	51	121635	卖盘
14:14:57	23.85	--	5	11925	卖盘
14:14:54	23.85	-0.01	15	35775	卖盘
14:14:51	23.86	--	28	66808	卖盘
14:14:45	23.86	--	25	59650	卖盘
14:14:42	23.86	-0.01	7	16702	卖盘
14:14:36	23.87	0.01	8	19096	买盘
14:14:30	23.86	-0.01	7	16702	卖盘
14:14:24	23.87	--	16	38192	买盘
14:14:21	23.87	--	7	16709	卖盘
14:14:18	23.87	-0.01	5	11935	卖盘
14:14:09	23.88	--	97	233594	卖盘
14:14:00	23.88	--	4	9552	卖盘
14:13:57	23.88	-0.01	8	19104	卖盘
14:13:51	23.89	--	17	40613	买盘
14:13:48	23.89	--	1	2389	买盘
14:13:42	23.89	--	18	43002	卖盘
14:13:39	23.89	--	97	231733	卖盘
14:13:36	23.89	--	51	121839	卖盘
14:13:30	23.89	--	64	152896	卖盘
14:13:21	23.89	--	5	11945	卖盘
14:13:18	23.89	-0.01	6	14334	卖盘
14:13:15	23.9	0.01	2	4780	买盘
14:13:12	23.89	-0.01	41	97949	卖盘
14:13:06	23.9	0.01	92	219880	买盘
14:13:03	23.89	--	10	23890	卖盘
14:12:54	23.89	--	29	69281	卖盘
14:12:42	23.89	--	6	14334	卖盘
14:12:36	23.89	-0.01	23	54947	卖盘
14:12:33	23.9	--	2	4780	买盘
14:12:30	23.9	--	10	23900	买盘
14:12:27	23.9	--	10	23900	买盘
14:12:24	23.9	--	42	102148	卖盘
14:12:21	23.9	--	52	124279	卖盘
14:12:18	23.9	--	55	131450	卖盘
14:12:12	23.9	--	9	21510	卖盘
14:12:03	23.9	--	40	95600	卖盘
14:11:51	23.9	--	7	16730	卖盘
14:11:48	23.9	--	15	35850	卖盘
14:11:42	23.9	-0.02	7	16730	卖盘
14:11:36	23.92	0.02	16	38272	买盘
14:11:30	23.9	--	30	71700	卖盘
14:11:27	23.9	-0.01	1	2390	卖盘
14:11:24	23.91	-0.01	16	38782	卖盘
14:11:21	23.92	0.01	4	11481	买盘
14:11:18	23.91	0.01	110	264898	买盘
14:11:15	23.9	--	1	2390	卖盘
14:11:12	23.9	--	9	21510	卖盘
14:11:09	23.9	--	15	35850	卖盘
14:11:06	23.9	-0.01	2	4780	卖盘
14:11:03	23.91	0.01	20	47820	买盘
14:11:00	23.9	--	7	16730	卖盘
14:10:57	23.9	--	5	11950	卖盘
14:10:54	23.9	-0.01	2	4780	卖盘
14:10:51	23.91	--	44	105204	买盘
14:10:48	23.91	0.01	3	7173	买盘
14:10:42	23.9	-0.02	7	16730	卖盘
14:10:39	23.92	--	89	213366	卖盘
14:10:36	23.92	0.01	110	265033	买盘
14:10:27	23.91	--	21	50211	卖盘
14:10:24	23.91	--	10	23910	卖盘
14:10:21	23.91	-0.01	30	71730	卖盘
14:10:18	23.92	0.01	14	33488	买盘
14:10:15	23.91	--	20	47820	卖盘
14:10:12	23.91	--	58	138678	卖盘
14:10:09	23.91	-0.01	10	23910	卖盘
14:10:06	23.92	0.01	43	102856	买盘
14:10:00	23.91	--	56	133896	卖盘
14:09:57	23.91	--	30	71730	卖盘
14:09:54	23.91	-0.01	5	11955	卖盘
14:09:51	23.92	0.01	5	11960	买盘
14:09:48	23.91	--	55	131505	卖盘
14:09:42	23.91	--	19	45429	卖盘
14:09:39	23.91	--	2	4782	卖盘
14:09:36	23.91	--	83	198453	卖盘
14:09:33	23.91	--	8	19128	卖盘
14:09:30	23.91	0.01	68	162588	买盘
14:09:27	23.9	--	10	23900	卖盘
14:09:24	23.9	-0.01	20	47800	卖盘
14:09:21	23.91	--	7	16737	买盘
14:09:15	23.91	--	14	33474	买盘
14:09:12	23.91	--	50	119550	卖盘
14:09:06	23.91	--	13	31083	卖盘
14:09:03	23.91	--	33	78903	卖盘
14:08:57	23.91	--	8	19128	卖盘
14:08:54	23.91	--	5	11955	卖盘
14:08:51	23.91	--	10	23910	卖盘
14:08:48	23.91	--	6	14346	买盘
14:08:45	23.91	-0.01	6	14346	中性盘
14:08:42	23.92	--	30	71760	买盘
14:08:36	23.92	--	19	45448	买盘
14:08:30	23.92	0.01	5	11960	买盘
14:08:27	23.91	-0.01	10	23910	卖盘
14:08:24	23.92	0.01	2	4784	买盘
14:08:21	23.91	--	19	45429	卖盘
14:08:18	23.91	-0.01	40	95640	卖盘
14:08:15	23.92	--	40	96158	卖盘
14:08:12	23.92	--	16	38272	卖盘
14:08:09	23.92	--	128	306176	卖盘
14:08:06	23.92	--	23	55016	卖盘
14:07:57	23.92	-0.01	24	57408	卖盘
14:07:54	23.93	--	10	23930	买盘
14:07:51	23.93	-0.01	7	16751	买盘
14:07:45	23.94	0.02	8	19152	买盘
14:07:42	23.92	-0.01	1	2392	卖盘
14:07:39	23.93	0.01	2	4786	中性盘
14:07:36	23.92	--	3	7176	卖盘
14:07:33	23.92	-0.02	65	155480	卖盘
14:07:30	23.94	--	22	52668	卖盘
14:07:27	23.94	--	12	28728	卖盘
14:07:18	23.94	--	2	4788	卖盘
14:07:15	23.94	--	7	16758	卖盘
14:07:12	23.94	--	11	26334	卖盘
14:07:09	23.94	--	13	31122	买盘
14:07:06	23.94	--	38	90972	买盘
14:07:03	23.94	0.01	52	124488	买盘
14:07:00	23.93	-0.03	3	7179	中性盘
14:06:54	23.96	0.03	187	448052	买盘
14:06:51	23.93	-0.01	1	2393	中性盘
14:06:48	23.94	0.02	11	26334	买盘
14:06:45	23.92	-0.01	6	14352	卖盘
14:06:42	23.93	--	36	86148	卖盘
14:06:39	23.93	--	10	23930	卖盘
14:06:36	23.93	--	1	2393	卖盘
14:06:33	23.93	--	13	31109	卖盘
14:06:30	23.93	--	179	430261	买盘
14:06:27	23.93	--	10	23930	买盘
14:06:21	23.93	--	1	2393	买盘
14:06:18	23.93	--	10	23930	买盘
14:06:15	23.93	-0.01	35	83755	卖盘
14:06:09	23.94	--	2	4788	买盘
14:06:06	23.94	--	19	45964	卖盘
14:06:03	23.94	--	8	19152	卖盘
14:06:00	23.94	--	12	30643	买盘
14:05:57	23.94	--	20	48358	卖盘
14:05:45	23.94	--	202	483588	卖盘
14:05:42	23.94	--	1	2394	卖盘
14:05:39	23.94	--	3	7182	卖盘
14:05:36	23.94	--	66	158004	卖盘
14:05:33	23.94	--	34	81396	卖盘
14:05:27	23.94	0.02	442	1060063	买盘
14:05:24	23.92	-0.01	20	47840	卖盘
14:05:21	23.93	0.01	1	2393	买盘
14:05:15	23.92	--	51	121992	买盘
14:05:06	23.92	--	11	26312	买盘
14:05:03	23.92	--	20	47840	卖盘
14:05:00	23.92	--	2	4784	卖盘
14:04:51	23.92	0.01	19	45448	买盘
14:04:48	23.91	0.01	1	2391	买盘
14:04:42	23.9	-0.01	38	90820	卖盘
14:04:36	23.91	0.01	57	136287	买盘
14:04:33	23.9	-0.01	16	38240	卖盘
14:04:30	23.91	0.01	200	478200	买盘
14:04:27	23.9	--	9	21510	卖盘
14:04:24	23.9	--	13	31069	卖盘
14:04:21	23.9	0.01	92	220955	买盘
14:04:15	23.89	--	60	143340	卖盘
14:04:12	23.89	--	101	241289	卖盘
14:04:09	23.89	--	1	2389	卖盘
14:04:03	23.89	--	200	477800	卖盘
14:04:00	23.89	--	31	74059	卖盘
14:03:57	23.89	0.01	3	7167	买盘
14:03:54	23.88	--	20	47760	卖盘
14:03:51	23.88	-0.01	15	35820	卖盘
14:03:48	23.89	0.01	8	19112	买盘
14:03:45	23.88	-0.01	163	389244	卖盘
14:03:39	23.89	--	25	59725	买盘
14:03:30	23.89	0.01	1	2389	买盘
14:03:27	23.88	--	7	17145	买盘
14:03:24	23.88	--	68	162384	买盘
14:03:21	23.88	--	5	11940	买盘
14:03:18	23.88	--	17	40596	买盘
14:03:15	23.88	0.02	107	255516	买盘
14:03:12	23.86	-0.02	6	14316	卖盘
14:03:09	23.88	0.02	3	7164	买盘
14:03:06	23.86	--	17	40562	卖盘
14:03:00	23.86	-0.02	20	47720	卖盘
14:02:57	23.88	--	56	133728	买盘
14:02:54	23.88	--	52	124176	买盘
14:02:51	23.88	0.04	530	1265640	买盘
14:02:48	23.84	-0.01	63	152146	卖盘
14:02:45	23.85	--	20	47700	卖盘
14:02:42	23.85	--	5	11925	卖盘
14:02:39	23.85	-0.01	53	126405	卖盘
14:02:33	23.86	0.01	10	23860	买盘
14:02:30	23.85	0.01	11	26235	买盘
14:02:27	23.84	-0.01	1	2384	卖盘
14:02:24	23.85	--	23	54855	卖盘
14:02:21	23.85	--	52	124020	买盘
14:02:15	23.85	0.01	2	4770	买盘
14:02:12	23.84	--	34	81056	卖盘
14:02:06	23.84	--	5	11920	卖盘
14:01:54	23.84	-0.01	2	4768	卖盘
14:01:51	23.85	--	15	35775	卖盘
14:01:48	23.85	--	12	28620	买盘
14:01:45	23.85	--	3	7155	卖盘
14:01:42	23.85	--	8	19080	买盘
14:01:36	23.85	--	4	9540	卖盘
14:01:33	23.85	--	1	2385	卖盘
14:01:27	23.85	--	35	83475	卖盘
14:01:21	23.85	--	4	9540	卖盘
14:01:18	23.85	--	13	31005	卖盘
14:01:15	23.85	--	5	11925	卖盘
14:01:09	23.85	-0.01	45	107325	中性盘
14:01:06	23.86	0.02	2	4772	买盘
14:01:03	23.84	-0.01	65	155389	卖盘
14:01:00	23.85	--	50	119250	买盘
14:00:57	23.85	--	72	171720	买盘
14:00:51	23.85	--	11	26235	买盘
14:00:48	23.85	--	35	83475	买盘
14:00:45	23.85	--	43	102555	买盘
14:00:42	23.85	--	45	109280	卖盘
14:00:36	23.85	--	30	71550	卖盘
14:00:33	23.85	-0.01	10	23850	卖盘
14:00:27	23.86	0.01	40	95440	买盘
14:00:24	23.85	--	9	21465	卖盘
14:00:18	23.85	-0.01	28	66780	卖盘
14:00:12	23.86	0.01	2	4772	买盘
14:00:06	23.85	--	50	119250	卖盘
14:00:03	23.85	-0.01	67	159795	卖盘
13:59:54	23.86	0.01	26	62036	买盘
13:59:51	23.85	-0.01	20	47700	卖盘
13:59:45	23.86	0.01	41	97826	买盘
13:59:39	23.85	-0.01	1	2385	卖盘
13:59:36	23.86	--	10	23860	买盘
13:59:30	23.86	0.01	9	21474	买盘
13:59:27	23.85	--	3	7155	卖盘
13:59:21	23.85	--	13	31005	卖盘
13:59:18	23.85	--	5	11925	卖盘
13:59:15	23.85	--	5	11925	卖盘
13:59:09	23.85	0.01	84	200769	买盘
13:59:06	23.84	0.01	1	2384	中性盘
13:59:03	23.83	0.01	10	23830	中性盘
13:59:00	23.82	-0.03	8	19056	卖盘
13:58:57	23.85	0.03	18	42930	买盘
13:58:54	23.82	-0.03	2	4764	卖盘
13:58:48	23.85	0.04	10	23850	买盘
13:58:42	23.81	-0.04	2	4762	卖盘
13:58:39	23.85	-0.03	25	59625	卖盘
13:58:33	23.88	--	16	38208	买盘
13:58:21	23.88	0.08	30	71640	买盘
13:58:18	23.8	-0.08	512	1218560	卖盘
13:58:15	23.88	--	2	4776	买盘
13:58:12	23.88	--	61	145668	卖盘
13:58:09	23.88	-0.01	5	11940	卖盘
13:58:06	23.89	--	5	11945	买盘
13:58:03	23.89	--	5	11945	买盘
13:58:00	23.89	--	90	216108	卖盘
13:57:54	23.89	-0.01	1	2389	卖盘
13:57:51	23.9	0.01	6	14340	买盘
13:57:45	23.89	-0.01	80	191120	卖盘
13:57:42	23.9	--	10	23900	买盘
13:57:39	23.9	--	116	279606	卖盘
13:57:36	23.9	--	10	23900	卖盘
13:57:33	23.9	--	63	150570	卖盘
13:57:30	23.9	--	278	664420	卖盘
13:57:27	23.9	--	10	23900	卖盘
13:57:24	23.9	--	2	4780	卖盘
13:57:21	23.9	--	9	21510	卖盘
13:57:18	23.9	-0.01	3	7170	卖盘
13:57:12	23.91	0.01	20	47820	买盘
13:57:09	23.9	--	85	203150	卖盘
13:57:06	23.9	-0.02	10	23900	卖盘
13:57:03	23.92	0.02	12	28704	买盘
13:57:00	23.9	-0.01	68	162520	卖盘
13:56:54	23.91	0.01	10	23910	卖盘
13:56:48	23.9	--	50	119500	卖盘
13:56:45	23.9	-0.01	24	57360	卖盘
13:56:42	23.91	0.01	66	157829	买盘
13:56:36	23.9	-0.01	4	9560	卖盘
13:56:30	23.91	--	21	50211	买盘
13:56:21	23.91	--	4	9564	买盘
13:56:18	23.91	0.01	12	28692	买盘
13:56:15	23.9	-0.01	11	26290	卖盘
13:56:03	23.91	-0.01	88	212775	卖盘
13:56:00	23.92	0.01	13	31096	中性盘
13:55:48	23.91	--	12	28692	卖盘
13:55:45	23.91	-0.02	54	129114	卖盘
13:55:42	23.93	0.01	4	9572	买盘
13:55:39	23.92	--	35	83720	买盘
13:55:36	23.92	0.01	5	11960	买盘
13:55:33	23.91	-0.02	5	11955	卖盘
13:55:30	23.93	--	2	4786	买盘
13:55:27	23.93	0.01	13	31109	买盘
13:55:21	23.92	-0.01	10	23920	中性盘
13:55:18	23.93	0.02	6	14358	买盘
13:55:15	23.91	-0.02	133	318003	卖盘
13:55:12	23.93	0.01	2	4786	买盘
13:55:09	23.92	-0.01	5	11960	卖盘
13:55:03	23.93	--	18	43074	买盘
13:55:00	23.93	0.02	1	2393	买盘
13:54:57	23.91	-0.02	95	227145	卖盘
13:54:51	23.93	0.01	3	7179	买盘
13:54:48	23.92	0.01	4	9568	买盘
13:54:45	23.91	-0.02	6	14346	卖盘
13:54:42	23.93	0.02	17	40681	买盘
13:54:39	23.91	--	5	11955	卖盘
13:54:36	23.91	--	21	50234	卖盘
13:54:30	23.91	--	21	50211	卖盘
13:54:27	23.91	--	19	45429	卖盘
13:54:24	23.91	--	9	21519	卖盘
13:54:21	23.91	--	362	865542	卖盘
13:54:18	23.91	0.02	197	471027	买盘
13:54:15	23.89	--	1	2389	卖盘
13:54:12	23.89	-0.02	12	28668	卖盘
13:54:09	23.91	0.01	58	138678	买盘
13:54:03	23.9	--	54	129059	卖盘
13:54:00	23.9	--	75	179250	卖盘
13:53:57	23.9	-0.01	21	50190	卖盘
13:53:54	23.91	0.01	28	66948	买盘
13:53:51	23.9	-0.01	4	9560	卖盘
13:53:48	23.91	0.01	14	33474	买盘
13:53:45	23.9	-0.01	27	64529	卖盘
13:53:42	23.91	0.01	24	57384	买盘
13:53:39	23.9	--	14	33460	卖盘
13:53:36	23.9	-0.02	39	93210	卖盘
13:53:30	23.92	--	50	119600	买盘
13:53:27	23.92	--	23	55016	买盘
13:53:21	23.92	0.02	4	9568	买盘
13:53:18	23.9	-0.02	161	384933	卖盘
13:53:15	23.92	0.01	40	97928	买盘
13:53:12	23.91	--	14	33474	卖盘
13:53:09	23.91	--	10	23910	卖盘
13:53:06	23.91	-0.01	5	11955	卖盘
13:53:03	23.92	--	21	50232	卖盘
13:53:00	23.92	-0.01	5	11960	卖盘
13:52:57	23.93	0.01	120	287160	买盘
13:52:54	23.92	-0.01	33	78936	卖盘
13:52:51	23.93	0.01	2	4786	买盘
13:52:48	23.92	--	7	16744	卖盘
13:52:45	23.92	--	5	11960	卖盘
13:52:42	23.92	-0.01	128	306176	卖盘
13:52:39	23.93	--	6	14358	买盘
13:52:36	23.93	--	20	47860	买盘
13:52:33	23.93	--	41	98448	卖盘
13:52:30	23.93	-0.01	310	741830	卖盘
13:52:27	23.94	--	16	38304	买盘
13:52:24	23.94	0.01	15	35910	买盘
13:52:21	23.93	--	14	33502	卖盘
13:52:18	23.93	--	21	50253	卖盘
13:52:12	23.93	-0.01	6	16415	卖盘
13:52:09	23.94	0.01	12	28728	买盘
13:52:03	23.93	--	15	35895	卖盘
13:51:57	23.93	--	17	40681	卖盘
13:51:54	23.93	--	5	11965	卖盘
13:51:51	23.93	--	35	83755	卖盘
13:51:48	23.93	--	1	2393	卖盘
13:51:45	23.93	0.01	66	157938	买盘
13:51:42	23.92	--	7	16744	卖盘
13:51:39	23.92	-0.01	10	23920	卖盘
13:51:36	23.93	0.01	15	35895	买盘
13:51:33	23.92	-0.01	200	478400	卖盘
13:51:30	23.93	--	14	33502	买盘
13:51:21	23.93	0.01	17	40681	买盘
13:51:12	23.92	-0.01	43	102856	卖盘
13:51:06	23.93	--	130	311090	卖盘
13:51:03	23.93	0.01	10	23930	卖盘
13:51:00	23.92	-0.01	18	43056	卖盘
13:50:57	23.93	0.01	45	107685	卖盘
13:50:54	23.92	-0.02	100	239200	卖盘
13:50:51	23.94	0.01	52	124488	买盘
13:50:45	23.93	0.01	7	16751	买盘
13:50:39	23.92	--	10	23920	卖盘
13:50:36	23.92	-0.03	28	66976	卖盘
13:50:33	23.95	0.03	10	23950	买盘
13:50:30	23.92	-0.01	10	23920	卖盘
13:50:27	23.93	-0.02	11	26323	卖盘
13:50:21	23.95	--	29	69455	卖盘
13:50:18	23.95	--	171	409545	卖盘
13:50:15	23.95	--	8	19160	卖盘
13:50:12	23.95	-0.01	50	119750	卖盘
13:50:09	23.96	--	5	11980	买盘
13:50:06	23.96	--	72	172512	买盘
13:50:03	23.96	--	10	23960	买盘
13:50:00	23.96	-0.02	64	153344	卖盘
13:49:57	23.98	-0.02	29	69542	卖盘
13:49:54	24.0	--	43	103200	买盘
13:49:51	24.0	--	100	240000	买盘
13:49:45	24.0	--	7	16800	买盘
13:49:42	24.0	--	6	14400	买盘
13:49:39	24.0	--	187	448800	卖盘
13:49:36	24.0	--	93	223200	卖盘
13:49:33	24.0	--	100	240000	卖盘
13:49:30	24.0	--	60	144000	卖盘
13:49:27	24.0	--	52	124800	卖盘
13:49:24	24.0	--	44	105600	卖盘
13:49:21	24.0	--	38	91200	买盘
13:49:18	24.0	--	54	129600	买盘
13:49:15	24.0	0.01	5	12000	买盘
13:49:12	23.99	--	15	35985	买盘
13:49:09	23.99	-0.02	104	249495	卖盘
13:49:06	24.01	0.01	45	108045	买盘
13:49:03	24.0	--	44	105600	买盘
13:49:00	24.0	--	154	369600	卖盘
13:48:57	24.0	-0.01	10	24000	卖盘
13:48:54	24.01	0.01	86	206486	买盘
13:48:51	24.0	--	107	256800	卖盘
13:48:48	24.0	--	64	153600	卖盘
13:48:45	24.0	--	33	79200	卖盘
13:48:42	24.0	-0.01	125	300000	卖盘
13:48:39	24.01	--	56	134456	卖盘
13:48:36	24.01	--	48	115248	卖盘
13:48:33	24.01	--	46	110446	卖盘
13:48:30	24.01	-0.03	34	81634	卖盘
13:48:27	24.04	0.03	227	545708	买盘
13:48:24	24.01	-0.03	26	62426	卖盘
13:48:18	24.04	0.01	16	38464	买盘
13:48:15	24.03	-0.01	29	69687	中性盘
13:48:12	24.04	--	12	28848	买盘
13:48:09	24.04	--	15	36060	买盘
13:48:06	24.04	-0.01	15	36060	卖盘
13:48:03	24.05	0.01	25	60125	买盘
13:48:00	24.04	-0.04	43	103372	卖盘
13:47:57	24.08	0.01	159	382872	买盘
13:47:54	24.07	-0.01	8	19256	卖盘
13:47:51	24.08	--	99	238391	卖盘
13:47:48	24.08	-0.02	205	493639	卖盘
13:47:45	24.1	--	22	53020	买盘
13:47:42	24.1	--	113	272330	买盘
13:47:39	24.1	-0.01	745	1796775	卖盘
13:47:36	24.11	-0.01	321	773931	卖盘
13:47:33	24.12	--	114	276053	买盘
13:47:30	24.12	0.01	217	523404	买盘
13:47:27	24.11	-0.02	174	419514	卖盘
13:47:24	24.13	0.01	211	509143	买盘
13:47:21	24.12	-0.01	367	885204	中性盘
13:47:18	24.13	0.02	177	427101	买盘
13:47:15	24.11	-0.01	215	518365	卖盘
13:47:12	24.12	-0.02	306	738072	卖盘
13:47:09	24.14	0.02	211	509354	买盘
13:47:06	24.12	-0.03	151	364212	卖盘
13:47:03	24.15	0.02	182	439530	买盘
13:47:00	24.13	0.02	139	335407	买盘
13:46:57	24.11	-0.01	180	433980	卖盘
13:46:54	24.12	0.01	78	188136	买盘
13:46:51	24.11	0.01	497	1198267	买盘
13:46:48	24.1	--	222	535020	买盘
13:46:45	24.1	0.03	307	739870	买盘
13:46:42	24.07	-0.01	158	380306	卖盘
13:46:39	24.08	--	75	180600	买盘
13:46:36	24.08	0.01	49	117991	买盘
13:46:33	24.07	0.04	252	606564	买盘
13:46:30	24.03	0.03	380	914822	买盘
13:46:27	24.0	--	383	919200	买盘
13:46:24	24.0	0.05	5291	12700488	买盘
13:46:21	23.95	--	70	167650	买盘
13:46:18	23.95	0.02	103	246685	买盘
13:46:15	23.93	-0.02	21	50253	卖盘
13:46:12	23.95	0.01	170	407150	买盘
13:46:09	23.94	0.03	969	2319786	买盘
13:46:06	23.91	0.01	1505	3598455	买盘
13:46:03	23.9	0.01	417	996629	买盘
13:46:00	23.89	-0.01	3	7167	卖盘
13:45:57	23.9	0.01	603	1441170	买盘
13:45:54	23.89	0.05	868	2074942	买盘
13:45:51	23.84	-0.02	80	190720	卖盘
13:45:48	23.86	-0.03	5	13981	中性盘
13:45:42	23.89	0.04	200	477800	买盘
13:45:39	23.85	0.02	5	11925	卖盘
13:45:36	23.83	-0.05	2	4766	卖盘
13:45:33	23.88	0.04	201	479988	买盘
13:45:30	23.84	-0.01	5	11920	中性盘
13:45:24	23.85	0.01	1	2385	买盘
13:45:18	23.84	--	6	14304	卖盘
13:45:15	23.84	0.01	1	2384	中性盘
13:45:12	23.83	-0.03	2	4766	卖盘
13:45:03	23.86	0.02	230	548780	买盘
13:45:00	23.84	--	18	42912	买盘
13:44:57	23.84	--	11	26224	买盘
13:44:54	23.84	--	7	17784	卖盘
13:44:48	23.84	--	0	2121	卖盘
13:44:45	23.84	0.01	11	27773	买盘
13:44:42	23.83	-0.01	14	33362	卖盘
13:44:33	23.84	0.01	4	9536	买盘
13:44:30	23.83	-0.01	13	30978	卖盘
13:44:24	23.84	0.01	7	16688	买盘
13:44:21	23.83	--	2	4766	中性盘
13:44:06	23.83	0.01	1	2383	买盘
13:44:03	23.82	--	11	26202	卖盘
13:44:00	23.82	-0.01	1	2382	卖盘
13:43:51	23.83	0.01	1	2383	买盘
13:43:48	23.82	-0.04	9	21438	卖盘
13:43:42	23.86	0.02	29	69194	买盘
13:43:39	23.84	--	10	23840	买盘
13:43:30	23.84	0.02	15	35760	买盘
13:43:27	23.82	--	7	16674	卖盘
13:43:24	23.82	-0.02	3	7146	卖盘
13:43:21	23.84	0.02	2	4768	中性盘
13:43:15	23.82	-0.03	44	104808	卖盘
13:43:12	23.85	0.03	324	772740	买盘
13:43:09	23.82	--	12	28584	买盘
13:43:06	23.82	--	3	7146	买盘
13:43:03	23.82	--	5	11910	买盘
13:43:00	23.82	-0.01	7	16674	卖盘
13:42:57	23.83	--	2	4766	买盘
13:42:54	23.83	0.01	50	119149	买盘
13:42:51	23.82	0.01	4	9528	买盘
13:42:48	23.81	0.01	8	20857	卖盘
13:42:45	23.8	--	7	16660	卖盘
13:42:39	23.8	-0.01	108	257040	卖盘
13:42:36	23.81	-0.01	4	9524	中性盘
13:42:30	23.82	0.02	74	176268	买盘
13:42:27	23.8	--	12	28560	卖盘
13:42:24	23.8	--	8	19040	卖盘
13:42:21	23.8	--	41	97580	卖盘
13:42:15	23.8	--	15	37746	买盘
13:42:12	23.8	--	33	78540	买盘
13:42:09	23.8	--	61	145180	买盘
13:42:03	23.8	0.01	29	69020	买盘
13:42:00	23.79	0.02	1	2379	买盘
13:41:57	23.77	-0.02	5	11885	卖盘
13:41:54	23.79	-0.01	28	66612	买盘
13:41:51	23.8	0.04	50	119000	买盘
13:41:48	23.76	-0.04	20	47520	卖盘
13:41:45	23.8	0.04	43	102340	买盘
13:41:42	23.76	--	10	23760	卖盘
13:41:39	23.76	-0.04	15	35640	卖盘
13:41:36	23.8	--	13	30940	买盘
13:41:33	23.8	0.04	44	104720	买盘
13:41:27	23.76	--	6	14256	卖盘
13:41:24	23.76	--	29	68904	卖盘
13:41:21	23.76	0.01	1	2376	卖盘
13:41:18	23.75	-0.01	96	228000	卖盘
13:41:15	23.76	--	9	21384	买盘
13:41:12	23.76	--	11	26136	买盘
13:41:09	23.76	--	5	11880	买盘
13:41:03	23.76	-0.04	18	42768	中性盘
13:40:57	23.8	0.06	9	21420	买盘
13:40:51	23.74	-0.06	49	116325	卖盘
13:40:48	23.8	--	151	359380	买盘
13:40:39	23.8	0.04	10	23800	买盘
13:40:36	23.76	--	8	19008	买盘
13:40:33	23.76	--	16	38016	买盘
13:40:30	23.76	--	10	23760	买盘
13:40:27	23.76	0.01	45	106920	买盘
13:40:24	23.75	-0.05	39	92981	卖盘
13:40:21	23.8	--	104	247520	卖盘
13:40:18	23.8	--	26	61880	卖盘
13:40:12	23.8	--	11	26180	卖盘
13:40:09	23.8	0.06	831	1979803	买盘
13:40:06	23.74	-0.01	31	73594	卖盘
13:40:03	23.75	--	9	21375	卖盘
13:40:00	23.75	0.01	13	30875	买盘
13:39:57	23.74	--	1	2374	买盘
13:39:54	23.74	0.04	4	9496	中性盘
13:39:48	23.7	-0.01	31	73470	卖盘
13:39:45	23.71	0.01	57	135147	中性盘
13:39:42	23.7	--	114	270180	卖盘
13:39:39	23.7	-0.04	10	23700	卖盘
13:39:36	23.74	0.04	1	2374	买盘
13:39:33	23.7	--	22	52140	买盘
13:39:30	23.7	--	10	23700	买盘
13:39:27	23.7	--	13	30810	买盘
13:39:24	23.7	-0.05	461	1092570	卖盘
13:39:21	23.75	--	33	78375	卖盘
13:39:18	23.75	-0.04	10	23750	卖盘
13:39:15	23.79	0.04	33	78507	买盘
13:39:12	23.75	--	26	61750	卖盘
13:39:09	23.75	--	14	33250	卖盘
13:39:06	23.75	-0.04	109	258875	中性盘
13:38:57	23.79	0.04	33	78507	买盘
13:38:54	23.75	--	1	2375	卖盘
13:38:51	23.75	--	1	2375	卖盘
13:38:48	23.75	-0.05	3	7125	卖盘
13:38:39	23.8	0.05	30	71400	买盘
13:38:33	23.75	-0.05	529	1256731	卖盘
13:38:30	23.8	--	6	14280	卖盘
13:38:27	23.8	-0.01	3	7140	卖盘
13:38:24	23.81	--	11	26191	买盘
13:38:21	23.81	--	17	40477	卖盘
13:38:18	23.81	--	4	9524	卖盘
13:38:15	23.81	--	15	35715	卖盘
13:38:12	23.81	--	13	30953	卖盘
13:38:09	23.81	--	20	47620	卖盘
13:38:06	23.81	-0.01	34	80954	卖盘
13:38:03	23.82	0.01	1	2382	中性盘
13:38:00	23.81	0.01	2	4762	买盘
13:37:54	23.8	-0.03	149	356619	卖盘
13:37:42	23.83	-0.01	11	26212	卖盘
13:37:39	23.84	0.01	24	57216	买盘
13:37:36	23.83	--	4	9532	卖盘
13:37:33	23.83	--	2	4766	卖盘
13:37:30	23.83	--	13	30978	卖盘
13:37:27	23.83	-0.01	5	11915	卖盘
13:37:24	23.84	0.01	2	4768	买盘
13:37:18	23.83	0.03	36	85788	买盘
13:37:12	23.8	-0.04	7	16660	卖盘
13:37:09	23.84	--	35	83440	买盘
13:37:06	23.84	0.01	522	1244448	买盘
13:36:57	23.83	--	1	2383	卖盘
13:36:54	23.83	0.01	2	4766	中性盘
13:36:51	23.82	-0.02	28	66696	卖盘
13:36:42	23.84	--	12	28608	卖盘
13:36:39	23.84	--	58	138272	卖盘
13:36:36	23.84	-0.01	9	21456	卖盘
13:36:27	23.85	--	13	31005	买盘
13:36:24	23.85	0.01	4	9540	中性盘
13:36:21	23.84	-0.01	107	255088	卖盘
13:36:18	23.85	--	8	19080	卖盘
13:36:15	23.85	--	106	252810	卖盘
13:36:12	23.85	--	2	4770	卖盘
13:36:09	23.85	--	65	155025	卖盘
13:36:06	23.85	--	2	4770	卖盘
13:36:03	23.85	--	10	23850	卖盘
13:36:00	23.85	--	26	62010	卖盘
13:35:57	23.85	--	10	23850	卖盘
13:35:54	23.85	--	9	21465	卖盘
13:35:51	23.85	--	1	2385	卖盘
13:35:48	23.85	-0.02	20	47700	卖盘
13:35:42	23.87	0.01	35	83545	买盘
13:35:39	23.86	-0.01	12	28632	卖盘
13:35:36	23.87	--	1	2387	买盘
13:35:27	23.87	-0.01	67	160740	卖盘
13:35:24	23.88	0.01	102	243576	买盘
13:35:21	23.87	-0.01	69	164703	卖盘
13:35:15	23.88	--	6	14328	卖盘
13:35:12	23.88	--	223	532524	卖盘
13:35:09	23.88	-0.01	7	16716	卖盘
13:35:06	23.89	0.01	87	207843	买盘
13:35:03	23.88	-0.01	6	14328	卖盘
13:35:00	23.89	--	7	16723	买盘
13:34:57	23.89	0.01	20	47780	买盘
13:34:54	23.88	-0.01	45	107460	卖盘
13:34:51	23.89	-0.01	39	93171	卖盘
13:34:48	23.9	0.01	7	16730	买盘
13:34:45	23.89	--	111	265179	卖盘
13:34:42	23.89	--	10	23890	卖盘
13:34:39	23.89	--	1	2389	卖盘
13:34:36	23.89	-0.01	4	9556	卖盘
13:34:33	23.9	0.01	54	129059	买盘
13:34:30	23.89	--	20	47780	卖盘
13:34:27	23.89	--	256	611584	卖盘
13:34:24	23.89	--	24	57336	卖盘
13:34:21	23.89	-0.01	10	23890	卖盘
13:34:18	23.9	--	94	224660	买盘
13:34:15	23.9	0.01	64	152960	买盘
13:34:12	23.89	-0.01	120	286680	卖盘
13:34:09	23.9	--	55	131450	买盘
13:34:06	23.9	0.01	39	93210	买盘
13:34:03	23.89	--	81	193509	卖盘
13:34:00	23.89	--	32	76448	卖盘
13:33:54	23.89	--	10	23890	卖盘
13:33:51	23.89	--	57	136173	卖盘
13:33:48	23.89	-0.01	17	40613	卖盘
13:33:45	23.9	0.02	184	439760	买盘
13:33:42	23.88	-0.01	13	31044	卖盘
13:33:39	23.89	--	21	50169	买盘
13:33:36	23.89	--	8	19112	买盘
13:33:33	23.89	0.01	5	11945	买盘
13:33:30	23.88	--	10	23880	卖盘
13:33:27	23.88	--	3	7164	卖盘
13:33:24	23.88	-0.01	6	14328	卖盘
13:33:15	23.89	0.01	77	183953	买盘
13:33:12	23.88	--	5	11940	卖盘
13:33:06	23.88	--	24	57312	卖盘
13:33:03	23.88	0.01	312	745056	买盘
13:33:00	23.87	--	552	1317624	卖盘
13:32:57	23.87	-0.01	25	59675	卖盘
13:32:54	23.88	0.01	36	85968	买盘
13:32:51	23.87	--	150	358050	卖盘
13:32:48	23.87	--	5	11935	卖盘
13:32:45	23.87	--	12	28644	卖盘
13:32:42	23.87	--	26	62062	卖盘
13:32:39	23.87	--	2	4774	卖盘
13:32:36	23.87	-0.01	11	26257	卖盘
13:32:33	23.88	0.01	55	131340	买盘
13:32:30	23.87	--	26	63637	卖盘
13:32:24	23.87	--	88	210056	卖盘
13:32:21	23.87	0.01	748	1785476	买盘
13:32:18	23.86	--	5	11930	买盘
13:32:15	23.86	--	2	4772	买盘
13:32:12	23.86	--	53	126458	买盘
13:32:09	23.86	-0.01	9	21474	买盘
13:32:03	23.87	0.01	102	243474	买盘
13:32:00	23.86	--	5	11930	买盘
13:31:57	23.86	--	83	198038	卖盘
13:31:54	23.86	--	17	40562	卖盘
13:31:51	23.86	--	59	140774	卖盘
13:31:48	23.86	--	57	136002	卖盘
13:31:45	23.86	--	27	64422	卖盘
13:31:42	23.86	--	10	23860	卖盘
13:31:39	23.86	--	52	124072	卖盘
13:31:36	23.86	--	46	109756	卖盘
13:31:33	23.86	--	41	97826	卖盘
13:31:30	23.86	--	3	7158	卖盘
13:31:27	23.86	--	29	69194	卖盘
13:31:24	23.86	-0.01	10	23860	卖盘
13:31:21	23.87	--	45	107415	买盘
13:31:18	23.87	0.01	10	23870	买盘
13:31:15	23.86	--	8	19088	卖盘
13:31:12	23.86	-0.01	14	33404	卖盘
13:31:09	23.87	0.01	28	66836	买盘
13:31:03	23.86	-0.01	20	47720	卖盘
13:31:00	23.87	0.01	66	157542	中性盘
13:30:51	23.86	-0.01	10	23860	卖盘
13:30:45	23.87	--	3	7161	卖盘
13:30:42	23.87	--	41	97867	买盘
13:30:39	23.87	--	22	52514	买盘
13:30:36	23.87	-0.01	6	14322	买盘
13:30:33	23.88	0.02	171	408348	买盘
13:30:30	23.86	--	10	23860	卖盘
13:30:24	23.86	--	13	31018	卖盘
13:30:21	23.86	-0.01	10	23860	卖盘
13:30:18	23.87	--	33	78771	买盘
13:30:15	23.87	0.01	10	23870	买盘
13:30:12	23.86	-0.01	4	9544	卖盘
13:30:06	23.87	--	11	26257	买盘
13:30:03	23.87	--	31	73997	买盘
13:30:00	23.87	0.01	10	23870	买盘
13:29:57	23.86	-0.01	23	54878	卖盘
13:29:54	23.87	--	20	47740	买盘
13:29:51	23.87	--	11	26257	买盘
13:29:42	23.87	0.01	2	4774	中性盘
13:29:39	23.86	-0.01	42	100212	卖盘
13:29:36	23.87	--	201	479787	买盘
13:29:33	23.87	0.01	6	14322	买盘
13:29:30	23.86	--	2	4772	卖盘
13:29:27	23.86	--	36	85896	卖盘
13:29:24	23.86	-0.01	13	31018	卖盘
13:29:21	23.87	0.01	67	159929	买盘
13:29:18	23.86	--	3	7158	卖盘
13:29:15	23.86	--	10	23860	卖盘
13:29:12	23.86	--	76	181336	卖盘
13:29:09	23.86	0.01	433	1033138	买盘
13:29:06	23.85	--	4	9540	买盘
13:29:03	23.85	0.01	49	116865	买盘
13:29:00	23.84	--	2	4768	卖盘
13:28:54	23.84	0.01	34	81056	买盘
13:28:51	23.83	--	30	71490	卖盘
13:28:48	23.83	-0.02	2	4766	卖盘
13:28:45	23.85	0.02	380	906300	买盘
13:28:42	23.83	--	81	193023	卖盘
13:28:39	23.83	--	9	21447	卖盘
13:28:33	23.83	--	50	119149	卖盘
13:28:30	23.83	0.01	78	185874	买盘
13:28:27	23.82	--	61	145302	卖盘
13:28:24	23.82	--	87	207234	卖盘
13:28:21	23.82	--	6	14292	卖盘
13:28:18	23.82	--	28	66696	卖盘
13:28:15	23.82	--	4	9528	卖盘
13:28:12	23.82	-0.01	123	292986	卖盘
13:28:09	23.83	0.01	65	154895	买盘
13:28:06	23.82	0.02	45	107190	买盘
13:28:03	23.8	-0.01	47	111860	卖盘
13:28:00	23.81	--	160	380960	卖盘
13:27:54	23.81	-0.01	8	19048	卖盘
13:27:51	23.82	0.01	11	26202	买盘
13:27:48	23.81	--	38	90478	卖盘
13:27:45	23.81	--	19	45239	卖盘
13:27:42	23.81	-0.01	5	11905	卖盘
13:27:39	23.82	--	1	2382	买盘
13:27:36	23.82	--	1	2382	买盘
13:27:33	23.82	--	108	257256	卖盘
13:27:30	23.82	--	66	157212	卖盘
13:27:24	23.82	-0.03	104	247728	卖盘
13:27:21	23.85	--	4	9540	买盘
13:27:18	23.85	0.03	10	23850	买盘
13:27:15	23.82	-0.03	2	4764	卖盘
13:27:12	23.85	--	2	4770	买盘
13:27:09	23.85	--	20	47700	买盘
13:27:06	23.85	0.03	41	97785	买盘
13:27:03	23.82	-0.03	56	133392	卖盘
13:27:00	23.85	--	164	391140	卖盘
13:26:57	23.85	--	61	145485	卖盘
13:26:54	23.85	--	45	107325	卖盘
13:26:51	23.85	0.03	117	279045	买盘
13:26:45	23.82	--	7	16674	卖盘
13:26:42	23.82	-0.03	20	47640	卖盘
13:26:39	23.85	--	4	9540	买盘
13:26:36	23.85	--	2	4770	买盘
13:26:33	23.85	0.03	47	112095	买盘
13:26:30	23.82	0.01	100	238200	中性盘
13:26:24	23.81	-0.01	47	111907	卖盘
13:26:21	23.82	-0.03	2	4764	卖盘
13:26:18	23.85	0.03	447	1066095	买盘
13:26:15	23.82	0.01	32	76224	买盘
13:26:12	23.81	--	32	76192	买盘
13:26:09	23.81	-0.01	261	621441	卖盘
13:26:06	23.82	--	4	9528	卖盘
13:26:03	23.82	-0.01	11	26202	卖盘
13:26:00	23.83	0.03	45	107234	买盘
13:25:57	23.8	-0.01	54	128543	卖盘
13:25:54	23.81	-0.01	1	2381	卖盘
13:25:51	23.82	--	60	142920	买盘
13:25:48	23.82	0.01	110	262020	买盘
13:25:45	23.81	0.02	165	392865	买盘
13:25:42	23.79	--	13	30927	卖盘
13:25:39	23.79	-0.02	3	7137	卖盘
13:25:36	23.81	--	11	26191	买盘
13:25:33	23.81	0.03	221	526201	买盘
13:25:30	23.78	--	29	68962	卖盘
13:25:27	23.78	--	12	28536	卖盘
13:25:24	23.78	--	58	137924	卖盘
13:25:21	23.78	0.01	400	951200	买盘
13:25:18	23.77	0.01	574	1365158	买盘
13:25:15	23.76	-0.01	2	6890	卖盘
13:25:12	23.77	0.01	69	164013	买盘
13:25:09	23.76	-0.01	108	256608	卖盘
13:25:00	23.77	--	4	9508	买盘
13:24:57	23.77	-0.01	194	462992	卖盘
13:24:54	23.78	--	8	19024	买盘
13:24:51	23.78	0.01	188	447064	买盘
13:24:48	23.77	-0.01	27	64179	卖盘
13:24:45	23.78	0.01	44	104632	买盘
13:24:42	23.77	0.01	195	464037	买盘
13:24:39	23.76	--	119	282981	卖盘
13:24:36	23.76	--	5	11880	卖盘
13:24:33	23.76	--	1	2376	卖盘
13:24:30	23.76	-0.01	14	33264	卖盘
13:24:27	23.77	0.01	497	1181369	买盘
13:24:24	23.76	-0.01	3	7128	卖盘
13:24:21	23.77	--	124	294748	卖盘
13:24:18	23.77	--	9	21393	卖盘
13:24:15	23.77	--	3	7131	买盘
13:24:12	23.77	--	123	292371	卖盘
13:24:09	23.77	--	14	33278	卖盘
13:24:06	23.77	-0.01	29	68933	卖盘
13:24:03	23.78	--	31	73718	买盘
13:24:00	23.78	0.01	59	140302	买盘
13:23:57	23.77	--	18	42786	卖盘
13:23:54	23.77	--	1	2377	卖盘
13:23:51	23.77	-0.01	90	213930	卖盘
13:23:48	23.78	--	13	30914	买盘
13:23:45	23.78	--	1	2378	买盘
13:23:42	23.78	--	595	1414910	卖盘
13:23:39	23.78	--	22	52316	卖盘
13:23:36	23.78	--	19	45182	卖盘
13:23:33	23.78	--	73	173594	卖盘
13:23:30	23.78	--	11	26158	卖盘
13:23:27	23.78	--	15	35670	卖盘
13:23:24	23.78	-0.02	17	40426	卖盘
13:23:21	23.8	0.02	41	97580	买盘
13:23:18	23.78	-0.01	495	1177110	卖盘
13:23:12	23.79	--	25	59475	卖盘
13:23:09	23.79	-0.01	20	47580	卖盘
13:23:06	23.8	--	11	26180	买盘
13:23:03	23.8	--	21	49980	买盘
13:22:54	23.8	-0.01	407	971016	卖盘
13:22:48	23.81	0.01	98	233338	买盘
13:22:45	23.8	--	100	238000	卖盘
13:22:42	23.8	-0.01	20	47600	卖盘
13:22:39	23.81	--	4	9524	买盘
13:22:36	23.81	--	3	7143	卖盘
13:22:33	23.81	-0.01	15	35715	卖盘
13:22:30	23.82	0.01	4	9528	买盘
13:22:27	23.81	-0.01	9	21429	中性盘
13:22:24	23.82	0.02	100	238200	买盘
13:22:21	23.8	-0.03	2	4760	卖盘
13:22:18	23.83	0.01	165	393195	买盘
13:22:15	23.82	0.02	2	4764	买盘
13:22:12	23.8	-0.03	109	259420	卖盘
13:22:09	23.83	--	2	4766	买盘
13:22:06	23.83	--	4	9532	买盘
13:22:03	23.83	--	2	4766	买盘
13:22:00	23.83	--	114	271662	卖盘
13:21:57	23.83	--	5	11915	卖盘
13:21:54	23.83	--	65	154895	卖盘
13:21:51	23.83	--	4	9532	卖盘
13:21:48	23.83	--	1	2383	卖盘
13:21:42	23.83	--	77	183491	卖盘
13:21:39	23.83	-0.01	6	14297	卖盘
13:21:36	23.84	0.01	16	38144	卖盘
13:21:33	23.83	-0.01	116	276428	卖盘
13:21:30	23.84	--	28	66752	卖盘
13:21:27	23.84	-0.01	17	40528	卖盘
13:21:24	23.85	0.01	5	11925	买盘
13:21:21	23.84	--	50	119200	卖盘
13:21:18	23.84	-0.01	105	250320	卖盘
13:21:15	23.85	--	27	64395	买盘
13:21:06	23.85	--	5	11925	买盘
13:21:03	23.85	--	92	219420	卖盘
13:21:00	23.85	--	106	252810	卖盘
13:20:57	23.85	--	22	52470	卖盘
13:20:54	23.85	-0.01	1	2385	卖盘
13:20:42	23.86	--	9	21474	卖盘
13:20:39	23.86	--	5	11930	卖盘
13:20:36	23.86	--	76	181336	卖盘
13:20:33	23.86	--	6	14316	卖盘
13:20:30	23.86	-0.01	3	7158	卖盘
13:20:27	23.87	--	21	50127	买盘
13:20:21	23.87	--	7	16709	买盘
13:20:15	23.87	--	13	31031	卖盘
13:20:12	23.87	--	28	66836	卖盘
13:20:09	23.87	--	22	52514	卖盘
13:20:06	23.87	--	41	97867	卖盘
13:20:03	23.87	--	65	155155	卖盘
13:20:00	23.87	-0.01	15	35805	卖盘
13:19:57	23.88	0.01	294	702072	买盘
13:19:54	23.87	-0.01	10	23870	卖盘
13:19:51	23.88	0.02	12	28656	买盘
13:19:45	23.86	-0.02	135	322110	卖盘
13:19:42	23.88	0.01	34	81192	买盘
13:19:39	23.87	--	100	238700	买盘
13:19:36	23.87	0.01	2	4774	买盘
13:19:33	23.86	-0.01	11	26246	卖盘
13:19:30	23.87	--	70	167090	买盘
13:19:27	23.87	--	30	71610	买盘
13:19:24	23.87	0.01	67	159929	买盘
13:19:21	23.86	--	38	90668	卖盘
13:19:18	23.86	-0.01	2	4772	卖盘
13:19:15	23.87	0.01	13	31031	买盘
13:19:12	23.86	-0.01	5	11930	卖盘
13:19:03	23.87	0.01	3	7161	买盘
13:19:00	23.86	0.01	13	31018	买盘
13:18:57	23.85	--	10	23850	卖盘
13:18:54	23.85	-0.02	23	54855	买盘
13:18:51	23.87	0.01	115	274505	买盘
13:18:48	23.86	0.01	120	286320	买盘
13:18:45	23.85	--	20	47700	买盘
13:18:42	23.85	--	9	21465	卖盘
13:18:39	23.85	--	15	35775	卖盘
13:18:36	23.85	--	6	14310	卖盘
13:18:33	23.85	--	53	126405	卖盘
13:18:30	23.85	--	13	31005	买盘
13:18:27	23.85	--	98	233730	买盘
13:18:24	23.85	0.02	3	7155	买盘
13:18:21	23.83	-0.02	40	95320	卖盘
13:18:18	23.85	0.02	105	250425	买盘
13:18:15	23.83	-0.01	122	290726	卖盘
13:18:12	23.84	--	20	47680	卖盘
13:18:09	23.84	--	19	45296	买盘
13:18:06	23.84	0.01	38	90592	买盘
13:18:03	23.83	-0.01	182	433705	卖盘
13:18:00	23.84	0.01	15	35760	买盘
13:17:57	23.83	-0.01	21	50043	卖盘
13:17:54	23.84	--	30	71520	买盘
13:17:51	23.84	--	1	2384	买盘
13:17:48	23.84	0.02	1	2384	买盘
13:17:45	23.82	-0.01	52	123864	卖盘
13:17:42	23.83	-0.01	25	59574	卖盘
13:17:39	23.84	0.01	26	61984	买盘
13:17:36	23.83	--	23	54808	卖盘
13:17:33	23.83	0.01	48	114383	买盘
13:17:30	23.82	--	6	14292	卖盘
13:17:27	23.82	--	296	705072	卖盘
13:17:24	23.82	--	69	164358	卖盘
13:17:21	23.82	--	105	250110	卖盘
13:17:18	23.82	--	248	590736	卖盘
13:17:15	23.82	0.02	343	817026	买盘
13:17:12	23.8	-0.01	53	126140	卖盘
13:17:09	23.81	--	54	128574	买盘
13:17:06	23.81	0.01	221	526201	买盘
13:17:03	23.8	--	39	92843	卖盘
13:17:00	23.8	--	72	171360	卖盘
13:16:57	23.8	--	93	221340	卖盘
13:16:54	23.8	-0.02	27	64260	卖盘
13:16:51	23.82	--	117	278694	买盘
13:16:45	23.82	0.01	114	271548	买盘
13:16:42	23.81	-0.01	13	30953	买盘
13:16:39	23.82	--	53	126246	买盘
13:16:36	23.82	--	202	481164	买盘
13:16:30	23.82	--	7	16674	买盘
13:16:27	23.82	--	40	95280	卖盘
13:16:24	23.82	-0.01	148	352536	卖盘
13:16:21	23.83	0.01	46	109617	买盘
13:16:18	23.82	--	57	135774	卖盘
13:16:15	23.82	--	15	35730	卖盘
13:16:12	23.82	--	4	9528	卖盘
13:16:09	23.82	0.02	632	1505424	买盘
13:16:06	23.8	-0.03	1792	4264960	卖盘
13:16:03	23.83	0.01	241	574303	买盘
13:16:00	23.82	--	108	257256	卖盘
13:15:54	23.82	--	6	14292	卖盘
13:15:51	23.82	-0.02	5	11910	卖盘
13:15:42	23.84	-0.01	8	19072	中性盘
13:15:39	23.85	0.01	98	233730	买盘
13:15:36	23.84	-0.01	25	59600	中性盘
13:15:33	23.85	0.01	113	269505	买盘
13:15:30	23.84	-0.01	14	33376	卖盘
13:15:27	23.85	--	121	288585	买盘
13:15:24	23.85	--	32	76320	买盘
13:15:21	23.85	--	1	2385	买盘
13:15:18	23.85	--	25	59625	卖盘
13:15:15	23.85	-0.01	15	35775	卖盘
13:15:06	23.86	-0.01	16	38176	买盘
13:15:03	23.87	--	57	136059	买盘
13:15:00	23.87	0.01	5	11935	买盘
13:14:57	23.86	--	200	477200	卖盘
13:14:54	23.86	-0.01	26	62036	卖盘
13:14:51	23.87	-0.01	86	205282	卖盘
13:14:48	23.88	--	39	93132	买盘
13:14:45	23.88	--	8	19104	买盘
13:14:42	23.88	0.01	166	396408	买盘
13:14:39	23.87	--	19	45353	卖盘
13:14:36	23.87	-0.01	130	310310	卖盘
13:14:30	23.88	--	9	21492	买盘
13:14:27	23.88	--	94	224472	卖盘
13:14:24	23.88	--	42	100296	卖盘
13:14:21	23.88	--	11	26268	卖盘
13:14:18	23.88	-0.01	34	81192	卖盘
13:14:15	23.89	0.01	1	2389	买盘
13:14:12	23.88	--	3	7164	卖盘
13:14:09	23.88	--	5	11940	卖盘
13:14:06	23.88	--	52	124176	卖盘
13:14:03	23.88	--	45	107460	卖盘
13:14:00	23.88	--	27	64476	卖盘
13:13:57	23.88	0.01	103	245964	买盘
13:13:54	23.87	--	22	52514	卖盘
13:13:51	23.87	--	520	1241240	卖盘
13:13:48	23.87	-0.01	70	167090	卖盘
13:13:45	23.88	--	165	394020	买盘
13:13:42	23.88	-0.01	26	62088	中性盘
13:13:39	23.89	--	11	26279	买盘
13:13:36	23.89	0.02	92	219788	买盘
13:13:33	23.87	-0.01	28	66836	卖盘
13:13:30	23.88	--	48	116773	卖盘
13:13:27	23.88	-0.01	2	4776	卖盘
13:13:24	23.89	--	23	54947	买盘
13:13:21	23.89	0.01	14	33446	买盘
13:13:18	23.88	--	45	107460	卖盘
13:13:15	23.88	-0.01	2	4776	卖盘
13:13:12	23.89	--	324	774036	买盘
13:13:09	23.89	--	12	28668	买盘
13:13:06	23.89	--	8	19112	买盘
13:13:03	23.89	0.01	1	2389	买盘
13:13:00	23.88	--	10	23880	卖盘
13:12:57	23.88	--	6	14328	卖盘
13:12:54	23.88	-0.01	50	119400	卖盘
13:12:51	23.89	--	23	54947	买盘
13:12:48	23.89	--	22	52558	卖盘
13:12:45	23.89	0.01	88	210232	买盘
13:12:42	23.88	-0.01	21	50148	卖盘
13:12:39	23.89	--	11	26279	买盘
13:12:36	23.89	--	8	19112	买盘
13:12:33	23.89	--	52	124228	买盘
13:12:30	23.89	0.01	8	19112	买盘
13:12:27	23.88	-0.02	18	42984	卖盘
13:12:24	23.9	0.01	46	109940	买盘
13:12:21	23.89	0.01	82	195898	买盘
13:12:18	23.88	-0.01	105	250740	卖盘
13:12:15	23.89	--	22	52558	买盘
13:12:12	23.89	--	2	4778	买盘
13:12:09	23.89	--	18	43002	买盘
13:12:06	23.89	0.01	25	59725	中性盘
13:12:00	23.88	-0.02	28	66864	卖盘
13:11:57	23.9	0.01	87	207930	买盘
13:11:54	23.89	-0.01	425	1015325	中性盘
13:11:51	23.9	--	2	4780	买盘
13:11:48	23.9	0.02	25	59750	买盘
13:11:45	23.88	-0.02	994	2373672	卖盘
13:11:42	23.9	--	216	516239	买盘
13:11:39	23.9	--	14	33460	买盘
13:11:36	23.9	--	33	78870	买盘
13:11:33	23.9	--	10	23900	买盘
13:11:30	23.9	--	33	78870	买盘
13:11:24	23.9	--	1	2390	买盘
13:11:21	23.9	-0.01	76	181640	卖盘
13:11:18	23.91	0.01	33	78903	买盘
13:11:15	23.9	--	12	28680	卖盘
13:11:12	23.9	--	5	11950	卖盘
13:11:09	23.9	-0.01	21	50190	卖盘
13:11:06	23.91	0.01	4	9564	买盘
13:11:03	23.9	--	39	93210	买盘
13:11:00	23.9	--	19	45410	买盘
13:10:57	23.9	-0.01	88	210320	卖盘
13:10:54	23.91	--	182	435162	卖盘
13:10:51	23.91	--	46	109986	卖盘
13:10:48	23.91	0.01	34	81294	买盘
13:10:45	23.9	--	13	31069	卖盘
13:10:42	23.9	--	26	62139	卖盘
13:10:39	23.9	-0.01	30	71700	卖盘
13:10:36	23.91	0.01	79	188889	买盘
13:10:33	23.9	--	22	52580	卖盘
13:10:27	23.9	--	12	28680	卖盘
13:10:24	23.9	--	22	52580	买盘
13:10:21	23.9	0.01	1	2390	买盘
13:10:18	23.89	-0.01	17	40613	卖盘
13:10:15	23.9	-0.01	15	35850	卖盘
13:10:12	23.91	--	8	19128	买盘
13:10:09	23.91	0.03	33	78903	买盘
13:10:03	23.88	-0.02	64	152832	卖盘
13:10:00	23.9	-0.01	10	23900	卖盘
13:09:57	23.91	0.02	240	573840	买盘
13:09:54	23.89	0.01	2	4778	买盘
13:09:51	23.88	-0.01	60	143280	卖盘
13:09:45	23.89	--	2	4778	买盘
13:09:42	23.89	--	8	19112	买盘
13:09:39	23.89	--	23	54947	买盘
13:09:36	23.89	--	4	9556	买盘
13:09:33	23.89	-0.01	62	148118	卖盘
13:09:30	23.9	--	40	95600	买盘
13:09:27	23.9	0.02	10	23900	买盘
13:09:24	23.88	--	3	7164	卖盘
13:09:21	23.88	-0.02	22	52536	卖盘
13:09:18	23.9	--	16	38240	买盘
13:09:15	23.9	--	7	16730	买盘
13:09:12	23.9	0.02	18	43020	买盘
13:09:09	23.88	-0.03	9	21492	卖盘
13:09:06	23.91	0.01	45	107834	买盘
13:09:03	23.9	-0.01	42	102531	卖盘
13:08:57	23.91	0.01	42	100422	买盘
13:08:51	23.9	--	138	329820	卖盘
13:08:48	23.9	0.02	330	788939	买盘
13:08:45	23.88	0.01	2	4776	买盘
13:08:42	23.87	--	100	238700	卖盘
13:08:39	23.87	-0.03	7	16709	卖盘
13:08:33	23.9	0.02	101	241390	买盘
13:08:30	23.88	--	12	28656	买盘
13:08:24	23.88	-0.02	7	16716	卖盘
13:08:21	23.9	0.01	1749	4180109	买盘
13:08:18	23.89	-0.01	58	138562	卖盘
13:08:12	23.9	--	31	74090	买盘
13:08:09	23.9	--	2	4780	买盘
13:08:06	23.9	-0.03	57	138381	卖盘
13:08:03	23.93	0.03	1010	2416930	买盘
13:08:00	23.9	--	45	107550	卖盘
13:07:57	23.9	--	1	2390	卖盘
13:07:54	23.9	--	4	9560	卖盘
13:07:51	23.9	-0.02	226	540140	卖盘
13:07:48	23.92	-0.01	206	492752	中性盘
13:07:45	23.93	--	116	277588	买盘
13:07:42	23.93	0.03	5	11965	买盘
13:07:39	23.9	-0.03	30	71700	卖盘
13:07:36	23.93	--	99	236907	买盘
13:07:33	23.93	--	6	14358	买盘
13:07:27	23.93	0.02	43	102899	买盘
13:07:24	23.91	-0.04	4	9564	卖盘
13:07:21	23.95	0.05	61	146095	买盘
13:07:18	23.9	--	25	59750	卖盘
13:07:15	23.9	-0.03	104	248559	卖盘
13:07:12	23.93	0.01	4	9572	卖盘
13:07:09	23.92	-0.01	207	495144	中性盘
13:07:06	23.93	--	55	131615	买盘
13:07:03	23.93	-0.01	54	129222	买盘
13:07:00	23.94	0.01	120	287280	买盘
13:06:57	23.93	-0.01	23	55039	卖盘
13:06:54	23.94	--	81	193914	卖盘
13:06:51	23.94	--	334	799596	买盘
13:06:48	23.94	--	18	43092	买盘
13:06:45	23.94	--	7	16758	买盘
13:06:42	23.94	0.01	87	208278	买盘
13:06:39	23.93	-0.01	25	59825	卖盘
13:06:36	23.94	0.01	3	7182	买盘
13:06:33	23.93	-0.02	174	416382	卖盘
13:06:30	23.95	--	12	28740	买盘
13:06:27	23.95	--	59	141305	买盘
13:06:24	23.95	0.02	8	19160	买盘
13:06:21	23.93	-0.01	55	131615	卖盘
13:06:18	23.94	0.01	142	339948	买盘
13:06:15	23.93	-0.01	40	95720	卖盘
13:06:12	23.94	0.01	38	90972	中性盘
13:06:09	23.93	-0.01	185	442705	卖盘
13:06:06	23.94	--	250	598500	买盘
13:06:03	23.94	--	52	124488	买盘
13:06:00	23.94	0.01	34	81396	买盘
13:05:57	23.93	--	60	143580	卖盘
13:05:54	23.93	0.01	4	9572	中性盘
13:05:51	23.92	-0.02	31	74152	中性盘
13:05:45	23.94	0.02	68	162792	买盘
13:05:42	23.92	0.01	12	28704	买盘
13:05:39	23.91	--	24	57384	卖盘
13:05:36	23.91	--	44	105204	卖盘
13:05:33	23.91	0.01	405	968594	买盘
13:05:30	23.9	--	3	7170	买盘
13:05:27	23.9	0.02	108	258119	买盘
13:05:15	23.88	-0.01	20	47760	卖盘
13:05:12	23.89	0.01	68	162452	买盘
13:05:09	23.88	--	7	16716	卖盘
13:05:03	23.88	--	64	152832	卖盘
13:05:00	23.88	--	8	19104	卖盘
13:04:57	23.88	0.02	392	936096	买盘
13:04:54	23.86	0.01	169	403234	买盘
13:04:51	23.85	--	5	11925	卖盘
13:04:48	23.85	-0.02	27	64395	卖盘
13:04:42	23.87	--	2	4774	买盘
13:04:39	23.87	0.02	9	21483	买盘
13:04:36	23.85	-0.01	69	164565	卖盘
13:04:33	23.86	--	15	35790	卖盘
13:04:30	23.86	--	22	52492	买盘
13:04:27	23.86	--	3	7158	卖盘
13:04:24	23.86	--	68	162248	卖盘
13:04:21	23.86	0.01	41	97826	买盘
13:04:18	23.85	--	28	66780	买盘
13:04:15	23.85	--	45	107325	卖盘
13:04:12	23.85	-0.01	14	33390	卖盘
13:04:09	23.86	0.01	5	11930	买盘
13:04:06	23.85	--	39	93015	卖盘
13:04:03	23.85	-0.01	21	50085	卖盘
13:04:00	23.86	-0.02	29	69194	卖盘
13:03:57	23.88	0.01	5	11940	买盘
13:03:54	23.87	-0.01	3	7161	中性盘
13:03:51	23.88	--	2	4776	买盘
13:03:48	23.88	0.02	105	250740	买盘
13:03:45	23.86	-0.04	8	19088	卖盘
13:03:42	23.9	--	3	7170	买盘
13:03:39	23.9	--	118	282020	买盘
13:03:36	23.9	--	238	568820	买盘
13:03:33	23.9	--	464	1108960	买盘
13:03:30	23.9	-0.03	2864	6844960	卖盘
13:03:27	23.93	-0.01	19	45467	中性盘
13:03:24	23.94	--	23	55062	买盘
13:03:21	23.94	-0.01	21	50274	卖盘
13:03:18	23.95	0.01	123	294585	买盘
13:03:12	23.94	0.01	96	229824	买盘
13:03:09	23.93	-0.02	8	19144	卖盘
13:03:03	23.95	--	17	40715	买盘
13:03:00	23.95	0.01	60	143700	买盘
13:02:57	23.94	--	168	402192	买盘
13:02:54	23.94	0.02	25	59850	买盘
13:02:51	23.92	--	28	66976	卖盘
13:02:48	23.92	--	3	7176	卖盘
13:02:45	23.92	-0.02	163	389896	卖盘
13:02:42	23.94	0.02	7	16758	买盘
13:02:36	23.92	-0.03	37	88504	卖盘
13:02:33	23.95	0.03	50	119750	买盘
13:02:30	23.92	--	30	71760	卖盘
13:02:27	23.92	-0.03	4	9568	卖盘
13:02:24	23.95	0.04	30	71850	买盘
13:02:21	23.91	-0.01	192	459072	卖盘
13:02:18	23.92	--	291	696072	买盘
13:02:15	23.92	--	71	169832	买盘
13:02:12	23.92	0.01	84	200928	买盘
13:02:09	23.91	-0.01	4	9564	卖盘
13:02:06	23.92	--	1	2392	买盘
13:02:00	23.92	0.01	115	275080	买盘
13:01:57	23.91	-0.02	31	74121	卖盘
13:01:54	23.93	-0.02	20	47860	中性盘
13:01:51	23.95	0.03	20	47900	买盘
13:01:48	23.92	-0.03	22	52624	卖盘
13:01:45	23.95	--	1	2395	买盘
13:01:42	23.95	--	3	7185	买盘
13:01:39	23.95	0.01	64	153280	买盘
13:01:36	23.94	-0.04	51	122094	卖盘
13:01:33	23.98	0.01	56	134288	买盘
13:01:30	23.97	--	33	79101	买盘
13:01:27	23.97	-0.01	157	376329	卖盘
13:01:24	23.98	--	45	107910	卖盘
13:01:21	23.98	--	20	47960	卖盘
13:01:18	23.98	-0.01	59	141482	卖盘
13:01:15	23.99	--	1	2399	买盘
13:01:12	23.99	--	58	139142	买盘
13:01:09	23.99	0.01	205	491794	买盘
13:01:06	23.98	0.01	600	1438800	买盘
13:01:03	23.97	--	128	306816	卖盘
13:01:00	23.97	-0.01	138	330786	卖盘
13:00:57	23.98	--	16	38368	买盘
13:00:54	23.98	0.01	189	453222	买盘
13:00:51	23.97	-0.01	53	127041	卖盘
13:00:48	23.98	--	101	242198	买盘
13:00:45	23.98	0.01	19	45562	买盘
13:00:42	23.97	0.01	221	529737	买盘
13:00:39	23.96	0.01	108	258768	买盘
13:00:36	23.95	0.04	523	1252585	买盘
13:00:30	23.91	-0.04	43	102813	卖盘
13:00:27	23.95	--	105	251475	买盘
13:00:24	23.95	--	12	28740	买盘
13:00:21	23.95	--	22	52690	买盘
13:00:18	23.95	0.05	120	287400	买盘
13:00:15	23.9	--	7	16730	卖盘
13:00:12	23.9	--	94	224660	卖盘
13:00:09	23.9	0.05	2861	6837790	买盘
13:00:06	23.85	0.05	1670	3983140	买盘
13:00:03	23.8	--	1371	3263503	买盘
11:30:03	23.8	0.02	158	376040	买盘
11:30:00	23.78	0.01	172	409016	卖盘
11:29:54	23.77	--	30	71310	卖盘
11:29:51	23.77	-0.01	775	1842175	卖盘
11:29:48	23.78	0.01	55	130790	买盘
11:29:45	23.77	--	12	28524	卖盘
11:29:42	23.77	--	15	35655	卖盘
11:29:39	23.77	-0.01	2	4754	卖盘
11:29:36	23.78	0.02	68	161704	买盘
11:29:33	23.76	--	5	11880	卖盘
11:29:27	23.76	--	13	30888	卖盘
11:29:21	23.76	0.02	16	38016	买盘
11:29:18	23.74	--	11	26114	买盘
11:29:15	23.74	0.01	10	23740	买盘
11:29:12	23.73	-0.01	14	33222	卖盘
11:29:09	23.74	-0.01	9	21366	卖盘
11:29:06	23.75	--	1	2375	卖盘
11:29:03	23.75	0.01	132	313500	买盘
11:29:00	23.74	--	35	83090	买盘
11:28:57	23.74	--	8	18992	买盘
11:28:54	23.74	--	9	21366	买盘
11:28:51	23.74	--	15	35610	买盘
11:28:48	23.74	-0.01	254	602996	卖盘
11:28:45	23.75	0.01	37	87875	买盘
11:28:42	23.74	--	53	125821	卖盘
11:28:39	23.74	--	14	33236	卖盘
11:28:36	23.74	-0.01	82	194668	卖盘
11:28:33	23.75	--	15	35625	买盘
11:28:30	23.75	0.01	11	26125	买盘
11:28:27	23.74	--	31	73594	卖盘
11:28:24	23.74	--	5	11870	卖盘
11:28:21	23.74	-0.01	1	2374	中性盘
11:28:18	23.75	0.02	56	133000	买盘
11:28:15	23.73	-0.01	10	23730	卖盘
11:28:12	23.74	0.01	6	14243	中性盘
11:28:09	23.73	--	53	125769	卖盘
11:28:06	23.73	-0.01	32	75936	卖盘
11:27:57	23.74	0.01	31	73594	买盘
11:27:54	23.73	-0.01	5	11865	卖盘
11:27:51	23.74	-0.01	85	201790	卖盘
11:27:48	23.75	--	13	30875	买盘
11:27:45	23.75	--	20	47500	买盘
11:27:42	23.75	--	64	152000	买盘
11:27:33	23.75	--	136	323000	卖盘
11:27:30	23.75	--	5	11875	卖盘
11:27:27	23.75	--	50	118750	卖盘
11:27:24	23.75	-0.02	13	30875	卖盘
11:27:21	23.77	--	1	2377	买盘
11:27:18	23.77	--	60	142620	买盘
11:27:15	23.77	--	11	26147	买盘
11:27:12	23.77	0.01	43	102211	买盘
11:27:09	23.76	--	6	14256	买盘
11:27:06	23.76	-0.01	68	161568	卖盘
11:27:00	23.77	--	3	7131	买盘
11:26:57	23.77	-0.01	6	14262	卖盘
11:26:54	23.78	--	16	38048	卖盘
11:26:48	23.78	0.01	5	11890	买盘
11:26:45	23.77	-0.01	3	7131	中性盘
11:26:42	23.78	--	2	4756	中性盘
11:26:39	23.78	0.01	200	475600	买盘
11:26:36	23.77	0.01	1	2377	买盘
11:26:33	23.76	-0.01	10	23760	卖盘
11:26:30	23.77	0.01	61	144997	买盘
11:26:27	23.76	--	10	23760	卖盘
11:26:21	23.76	-0.01	5	11880	卖盘
11:26:18	23.77	-0.01	1	2377	中性盘
11:26:15	23.78	--	94	223532	买盘
11:26:09	23.78	0.03	81	192618	买盘
11:26:06	23.75	--	21	49875	买盘
11:26:03	23.75	-0.03	32	76000	中性盘
11:26:00	23.78	--	52	123656	买盘
11:25:57	23.78	--	56	133168	买盘
11:25:54	23.78	0.02	28	66584	买盘
11:25:48	23.76	0.02	146	346896	买盘
11:25:45	23.74	--	38	90212	卖盘
11:25:42	23.74	-0.01	1	2374	卖盘
11:25:39	23.75	--	19	45125	买盘
11:25:33	23.75	--	35	83125	买盘
11:25:30	23.75	--	115	273125	买盘
11:25:27	23.75	-0.01	431	1023625	卖盘
11:25:24	23.76	0.01	49	116424	买盘
11:25:21	23.75	-0.01	14	33250	卖盘
11:25:18	23.76	0.01	4	9504	买盘
11:25:15	23.75	-0.01	5	11875	卖盘
11:25:09	23.76	--	94	223344	卖盘
11:25:06	23.76	--	10	23760	卖盘
11:25:03	23.76	--	5	11880	卖盘
11:25:00	23.76	--	52	123552	卖盘
11:24:57	23.76	--	20	47520	卖盘
11:24:51	23.76	--	2	4752	卖盘
11:24:48	23.76	--	4	9504	卖盘
11:24:45	23.76	--	1	2376	买盘
11:24:42	23.76	0.01	1	2376	买盘
11:24:39	23.75	-0.02	12	28500	卖盘
11:24:36	23.77	--	3	7131	卖盘
11:24:33	23.77	0.01	58	137866	买盘
11:24:30	23.76	-0.01	10	23760	买盘
11:24:27	23.77	0.01	10	23770	买盘
11:24:24	23.76	--	38	90288	卖盘
11:24:21	23.76	--	30	71280	卖盘
11:24:15	23.76	--	12	28512	卖盘
11:24:12	23.76	-0.01	4	9504	卖盘
11:24:09	23.77	0.01	11	26147	买盘
11:24:06	23.76	-0.01	56	133056	卖盘
11:24:03	23.77	--	12	28524	买盘
11:24:00	23.77	--	25	59425	买盘
11:23:57	23.77	--	1	2377	买盘
11:23:54	23.77	-0.02	47	111719	卖盘
11:23:48	23.79	--	43	102297	卖盘
11:23:45	23.79	--	13	30927	卖盘
11:23:39	23.79	--	152	361608	买盘
11:23:36	23.79	0.01	300	713700	买盘
11:23:30	23.78	--	125	297250	卖盘
11:23:24	23.78	--	8	19024	卖盘
11:23:12	23.78	--	2	4756	卖盘
11:23:09	23.78	0.02	249	592122	买盘
11:23:06	23.76	-0.01	10	23760	卖盘
11:23:00	23.77	--	3	7131	买盘
11:22:57	23.77	-0.02	74	175898	卖盘
11:22:54	23.79	--	191	454389	卖盘
11:22:51	23.79	0.02	338	804102	买盘
11:22:48	23.77	-0.01	20	47540	卖盘
11:22:42	23.78	--	6	14268	卖盘
11:22:39	23.78	-0.01	56	133168	中性盘
11:22:33	23.79	--	115	273585	买盘
11:22:30	23.79	--	57	135603	买盘
11:22:27	23.79	--	158	375882	买盘
11:22:24	23.79	--	9	21411	买盘
11:22:21	23.79	--	20	47580	买盘
11:22:18	23.79	-0.01	79	187941	卖盘
11:22:15	23.8	0.01	4	9520	买盘
11:22:09	23.79	-0.01	5	11895	卖盘
11:22:06	23.8	0.03	20	47600	买盘
11:22:03	23.77	--	46	109342	卖盘
11:22:00	23.77	-0.01	80	190160	卖盘
11:21:57	23.78	-0.01	9	21402	中性盘
11:21:54	23.79	0.01	103	245037	买盘
11:21:51	23.78	--	59	140302	买盘
11:21:48	23.78	--	1	2378	中性盘
11:21:45	23.78	-0.01	11	26158	卖盘
11:21:42	23.79	--	10	23790	买盘
11:21:39	23.79	0.02	46	109434	买盘
11:21:27	23.77	-0.02	7	16639	卖盘
11:21:24	23.79	0.02	102	242658	买盘
11:21:21	23.77	0.01	5	11885	中性盘
11:21:15	23.76	--	2	4752	卖盘
11:21:12	23.76	--	10	23760	卖盘
11:21:09	23.76	--	30	71280	卖盘
11:21:06	23.76	0.02	15	35640	买盘
11:21:03	23.74	-0.02	44	104456	卖盘
11:21:00	23.76	0.02	82	194832	买盘
11:20:57	23.74	-0.01	240	569760	卖盘
11:20:54	23.75	0.01	5	11875	中性盘
11:20:51	23.74	-0.03	4	9496	卖盘
11:20:48	23.77	0.03	112	266224	买盘
11:20:45	23.74	-0.02	24	56975	卖盘
11:20:42	23.76	--	7	16632	卖盘
11:20:39	23.76	--	76	180576	卖盘
11:20:36	23.76	0.01	54	128304	买盘
11:20:30	23.75	-0.02	4	9500	卖盘
11:20:27	23.77	0.02	64	152128	买盘
11:20:24	23.75	--	16	38000	卖盘
11:20:15	23.75	-0.01	131	311125	卖盘
11:20:12	23.76	-0.01	5	11880	买盘
11:20:09	23.77	--	7	16639	买盘
11:20:03	23.77	0.02	39	92703	买盘
11:20:00	23.75	-0.01	10	23750	卖盘
11:19:57	23.76	0.01	56	133056	买盘
11:19:54	23.75	--	32	76000	买盘
11:19:51	23.75	0.01	28	66500	买盘
11:19:48	23.74	-0.01	10	23740	卖盘
11:19:45	23.75	-0.02	13	30875	卖盘
11:19:42	23.77	0.03	77	183029	买盘
11:19:36	23.74	-0.03	39	92586	卖盘
11:19:33	23.77	0.02	32	76064	买盘
11:19:30	23.75	-0.01	13	30875	卖盘
11:19:27	23.76	-0.01	12	28512	卖盘
11:19:24	23.77	--	6	14262	卖盘
11:19:21	23.77	0.02	43	102211	买盘
11:19:18	23.75	-0.01	34	80750	中性盘
11:19:12	23.76	0.01	11	26136	买盘
11:19:09	23.75	--	6	14250	卖盘
11:19:06	23.75	--	81	192375	卖盘
11:19:03	23.75	--	6	14250	卖盘
11:19:00	23.75	--	41	97375	卖盘
11:18:51	23.75	-0.02	17	40375	卖盘
11:18:48	23.77	-0.01	55	130735	中性盘
11:18:42	23.78	--	15	35670	买盘
11:18:39	23.78	--	51	121278	卖盘
11:18:36	23.78	-0.01	15	35670	卖盘
11:18:33	23.79	--	35	83265	买盘
11:18:30	23.79	0.01	35	83265	买盘
11:18:27	23.78	--	2	4756	卖盘
11:18:24	23.78	-0.01	11	26158	卖盘
11:18:21	23.79	0.01	33	78507	中性盘
11:18:18	23.78	-0.01	42	99876	卖盘
11:18:15	23.79	-0.01	66	157014	卖盘
11:18:12	23.8	0.01	3	7140	买盘
11:18:09	23.79	--	22	52338	卖盘
11:18:06	23.79	--	30	71370	卖盘
11:18:03	23.79	0.01	19	45201	买盘
11:18:00	23.78	--	7	16646	卖盘
11:17:57	23.78	--	25	59450	卖盘
11:17:54	23.78	0.01	72	171216	买盘
11:17:51	23.77	-0.01	23	54671	卖盘
11:17:48	23.78	-0.01	5	11890	卖盘
11:17:42	23.79	-0.01	5	11895	中性盘
11:17:39	23.8	0.02	296	704480	买盘
11:17:36	23.78	--	135	321030	买盘
11:17:30	23.78	--	157	373346	买盘
11:17:27	23.78	0.01	31	73718	买盘
11:17:24	23.77	--	240	570480	卖盘
11:17:21	23.77	0.02	336	798672	买盘
11:17:15	23.75	--	54	128250	买盘
11:17:12	23.75	--	22	52250	买盘
11:17:03	23.75	--	22	52250	买盘
11:17:00	23.75	-0.02	573	1360875	卖盘
11:16:57	23.77	0.01	33	78441	买盘
11:16:54	23.76	--	20	47520	卖盘
11:16:51	23.76	0.01	5	11880	中性盘
11:16:45	23.75	-0.03	2	4750	卖盘
11:16:42	23.78	0.03	106	252068	买盘
11:16:39	23.75	--	15	35625	卖盘
11:16:36	23.75	-0.03	19	45125	中性盘
11:16:33	23.78	0.04	48	114144	买盘
11:16:30	23.74	--	10	23740	卖盘
11:16:27	23.74	--	1	2374	卖盘
11:16:21	23.74	-0.04	5	11870	中性盘
11:16:15	23.78	-0.02	12	28536	中性盘
11:16:12	23.8	0.07	4	9520	买盘
11:16:09	23.73	--	8	18984	卖盘
11:16:06	23.73	-0.08	211	500703	卖盘
11:16:03	23.81	0.01	20	47620	买盘
11:16:00	23.8	-0.01	85	202300	卖盘
11:15:57	23.81	--	174	414294	卖盘
11:15:54	23.81	--	149	354769	卖盘
11:15:51	23.81	-0.01	48	114288	卖盘
11:15:48	23.82	--	1	2382	买盘
11:15:45	23.82	0.01	2	4764	中性盘
11:15:42	23.81	-0.01	50	119050	卖盘
11:15:39	23.82	-0.01	11	26202	卖盘
11:15:36	23.83	--	238	567154	卖盘
11:15:33	23.83	--	17	40511	卖盘
11:15:30	23.83	-0.01	207	493280	卖盘
11:15:27	23.84	-0.01	95	226480	买盘
11:15:24	23.85	0.01	233	555705	买盘
11:15:21	23.84	0.01	123	293232	买盘
11:15:18	23.83	-0.02	31	73873	卖盘
11:15:15	23.85	0.01	149	355365	买盘
11:15:12	23.84	--	152	362368	卖盘
11:15:09	23.84	--	162	386208	卖盘
11:15:06	23.84	0.01	731	1742704	买盘
11:15:03	23.83	-0.01	247	588601	卖盘
11:15:00	23.84	--	100	238400	买盘
11:14:57	23.84	--	51	121584	买盘
11:14:54	23.84	0.01	53	126352	买盘
11:14:51	23.83	--	35	83405	买盘
11:14:48	23.83	-0.01	20	47660	中性盘
11:14:45	23.84	0.03	74	176416	买盘
11:14:42	23.81	-0.01	455	1083355	卖盘
11:14:39	23.82	0.01	86	204852	买盘
11:14:36	23.81	--	261	621441	卖盘
11:14:33	23.81	0.01	101	240481	买盘
11:14:30	23.8	--	196	466480	卖盘
11:14:27	23.8	--	40	95200	卖盘
11:14:24	23.8	--	7	16660	卖盘
11:14:21	23.8	--	45	107100	卖盘
11:14:18	23.8	--	888	2113440	买盘
11:14:15	23.8	0.05	202	480760	买盘
11:14:12	23.75	--	11	26125	买盘
11:14:09	23.75	-0.05	7	16625	中性盘
11:14:06	23.8	0.04	3010	7163800	买盘
11:14:03	23.76	--	30	71280	买盘
11:14:00	23.76	0.01	159	377784	买盘
11:13:57	23.75	--	52	123500	卖盘
11:13:54	23.75	--	54	128250	卖盘
11:13:51	23.75	0.01	311	738625	买盘
11:13:48	23.74	--	313	743062	买盘
11:13:45	23.74	0.01	4	9496	买盘
11:13:42	23.73	-0.01	72	170856	卖盘
11:13:39	23.74	-0.01	107	254017	买盘
11:13:36	23.75	0.02	100	237500	买盘
11:13:33	23.73	-0.02	39	92547	卖盘
11:13:30	23.75	0.01	63	149625	买盘
11:13:27	23.74	--	15	35610	买盘
11:13:24	23.74	0.01	56	132944	买盘
11:13:21	23.73	-0.02	20	47460	卖盘
11:13:18	23.75	--	117	277875	买盘
11:13:15	23.75	--	85	201875	买盘
11:13:12	23.75	0.01	19	45125	买盘
11:13:09	23.74	-0.01	80	189920	卖盘
11:13:06	23.75	0.01	107	254125	买盘
11:13:03	23.74	-0.01	1	2374	卖盘
11:13:00	23.75	--	192	456000	买盘
11:12:57	23.75	0.01	168	399000	买盘
11:12:54	23.74	-0.01	26	61723	中性盘
11:12:51	23.75	0.01	412	978500	买盘
11:12:48	23.74	0.02	137	325238	卖盘
11:12:45	23.72	-0.02	130	308360	卖盘
11:12:42	23.74	0.01	51	121073	买盘
11:12:39	23.73	--	16	37968	卖盘
11:12:36	23.73	-0.01	290	688170	卖盘
11:12:33	23.74	0.02	214	508035	买盘
11:12:30	23.72	--	151	358172	卖盘
11:12:27	23.72	--	86	203992	卖盘
11:12:24	23.72	0.04	1125	2668500	买盘
11:12:21	23.68	0.01	229	542272	买盘
11:12:18	23.67	-0.01	23	54441	卖盘
11:12:15	23.68	--	19	44992	买盘
11:12:12	23.68	0.01	30	71040	买盘
11:12:09	23.67	-0.01	8	18936	卖盘
11:12:06	23.68	--	30	71040	买盘
11:12:03	23.68	--	105	248640	买盘
11:12:00	23.68	--	9	21312	买盘
11:11:54	23.68	0.01	7	16576	买盘
11:11:51	23.67	-0.01	60	142020	卖盘
11:11:48	23.68	--	24	56832	卖盘
11:11:45	23.68	-0.02	23	54464	卖盘
11:11:42	23.7	0.01	50	118500	买盘
11:11:39	23.69	0.01	156	369564	买盘
11:11:36	23.68	--	4	9472	卖盘
11:11:33	23.68	--	3	7104	卖盘
11:11:30	23.68	--	35	82880	卖盘
11:11:27	23.68	-0.02	15	35520	卖盘
11:11:24	23.7	--	29	68730	买盘
11:11:18	23.7	--	39	92430	买盘
11:11:15	23.7	--	131	310470	卖盘
11:11:12	23.7	--	49	116130	卖盘
11:11:09	23.7	--	118	279660	卖盘
11:11:06	23.7	--	22	52140	卖盘
11:11:03	23.7	--	17	40290	卖盘
11:11:00	23.7	--	91	215670	卖盘
11:10:57	23.7	0.03	578	1369860	买盘
11:10:54	23.67	-0.02	10	23670	卖盘
11:10:48	23.69	--	2	4738	买盘
11:10:45	23.69	--	143	338767	卖盘
11:10:42	23.69	--	122	289018	卖盘
11:10:39	23.69	--	212	502228	卖盘
11:10:33	23.69	-0.01	23	54487	卖盘
11:10:30	23.7	--	16	37920	买盘
11:10:27	23.7	--	69	163530	卖盘
11:10:24	23.7	--	123	291510	卖盘
11:10:21	23.7	--	97	229890	卖盘
11:10:18	23.7	--	138	327060	卖盘
11:10:15	23.7	-0.01	68	161160	卖盘
11:10:12	23.71	0.01	52	123292	买盘
11:10:09	23.7	--	90	213300	卖盘
11:10:06	23.7	--	5	11850	卖盘
11:10:03	23.7	--	11	26070	卖盘
11:10:00	23.7	-0.01	68	161160	买盘
11:09:57	23.71	0.01	118	279778	买盘
11:09:51	23.7	-0.01	200	474000	卖盘
11:09:48	23.71	--	5	11855	卖盘
11:09:45	23.71	0.01	26	61646	买盘
11:09:42	23.7	0.01	474	1123380	买盘
11:09:36	23.69	--	106	251114	买盘
11:09:33	23.69	--	1	2369	买盘
11:09:30	23.69	0.03	8	18952	买盘
11:09:27	23.66	-0.03	29	68614	卖盘
11:09:24	23.69	--	50	118450	买盘
11:09:21	23.69	0.03	522	1236618	买盘
11:09:18	23.66	--	61	144326	卖盘
11:09:15	23.66	--	61	144326	卖盘
11:09:12	23.66	0.03	651	1541945	买盘
11:09:09	23.63	--	127	300101	卖盘
11:09:06	23.63	-0.01	21	49623	卖盘
11:09:03	23.64	0.01	26	61464	买盘
11:09:00	23.63	--	44	103972	买盘
11:08:57	23.63	-0.02	22	51986	卖盘
11:08:54	23.65	--	21	49665	买盘
11:08:51	23.65	--	159	376035	买盘
11:08:48	23.65	--	1	2365	买盘
11:08:45	23.65	0.02	10	23650	买盘
11:08:42	23.63	-0.02	38	90479	卖盘
11:08:39	23.65	--	20	47300	卖盘
11:08:36	23.65	-0.01	31	73315	卖盘
11:08:33	23.66	-0.01	9	21294	中性盘
11:08:27	23.67	0.01	22	52074	买盘
11:08:24	23.66	--	2	4732	卖盘
11:08:21	23.66	--	26	61516	卖盘
11:08:18	23.66	--	36	85176	卖盘
11:08:15	23.66	-0.01	152	359632	卖盘
11:08:12	23.67	--	34	80478	卖盘
11:08:06	23.67	0.01	55	130185	中性盘
11:08:03	23.66	-0.01	34	80444	卖盘
11:08:00	23.67	--	11	26037	卖盘
11:07:54	23.67	0.01	214	506538	买盘
11:07:51	23.66	-0.02	22	52052	卖盘
11:07:48	23.68	--	25	59200	买盘
11:07:45	23.68	0.02	14	33152	买盘
11:07:42	23.66	--	9	21294	卖盘
11:07:39	23.66	-0.04	31	73346	卖盘
11:07:36	23.7	0.02	27	63990	买盘
11:07:33	23.68	-0.02	56	132608	买盘
11:07:30	23.7	0.03	38	90060	买盘
11:07:27	23.67	--	36	85212	卖盘
11:07:24	23.67	-0.03	15	35505	卖盘
11:07:18	23.7	--	29	68730	买盘
11:07:15	23.7	--	17	40290	买盘
11:07:12	23.7	-0.03	142	336540	卖盘
11:07:09	23.73	--	20	47460	买盘
11:07:06	23.73	--	83	196959	买盘
11:07:03	23.73	--	466	1105818	卖盘
11:07:00	23.73	-0.01	384	911232	卖盘
11:06:57	23.74	--	122	289628	卖盘
11:06:54	23.74	--	238	565012	买盘
11:06:51	23.74	-0.01	154	365596	中性盘
11:06:48	23.75	0.02	261	619875	买盘
11:06:45	23.73	-0.02	381	904113	卖盘
11:06:42	23.75	0.02	55	130625	买盘
11:06:39	23.73	-0.02	192	455616	卖盘
11:06:36	23.75	-0.01	127	301625	卖盘
11:06:33	23.76	0.01	218	517968	买盘
11:06:30	23.75	--	382	907250	卖盘
11:06:27	23.75	-0.01	48	114000	卖盘
11:06:24	23.76	-0.01	348	826848	卖盘
11:06:21	23.77	--	120	285240	买盘
11:06:18	23.77	0.02	86	204422	中性盘
11:06:15	23.75	-0.03	120	285000	卖盘
11:06:12	23.78	0.05	440	1046320	买盘
11:06:09	23.73	-0.02	386	915978	卖盘
11:06:06	23.75	0.02	185	439375	买盘
11:06:03	23.73	-0.01	122	289506	卖盘
11:06:00	23.74	0.01	58	137692	买盘
11:05:57	23.73	0.07	1449	3438477	买盘
11:05:54	23.66	-0.01	677	1601782	卖盘
11:05:51	23.67	0.01	246	582282	中性盘
11:05:48	23.66	0.01	338	799708	中性盘
11:05:45	23.65	--	3009	7116285	卖盘
11:05:42	23.65	--	141	333465	卖盘
11:05:39	23.65	--	32	75680	卖盘
11:05:36	23.65	--	50	118250	卖盘
11:05:33	23.65	--	5	11825	卖盘
11:05:27	23.65	-0.01	294	695310	卖盘
11:05:24	23.66	0.01	197	466102	买盘
11:05:21	23.65	--	27	63854	卖盘
11:05:18	23.65	0.05	1283	3035974	买盘
11:05:12	23.6	-0.03	8	18880	买盘
11:05:09	23.63	0.03	406	959378	买盘
11:05:06	23.6	-0.02	4	9440	买盘
11:05:03	23.62	0.02	528	1247136	买盘
11:05:00	23.6	--	70	165200	买盘
11:04:57	23.6	0.01	2	4720	买盘
11:04:54	23.59	-0.01	73	172207	中性盘
11:04:48	23.6	--	12	28320	买盘
11:04:45	23.6	--	52	122720	买盘
11:04:39	23.6	-0.01	84	198240	卖盘
11:04:33	23.61	--	4	9444	买盘
11:04:27	23.61	--	9	21249	卖盘
11:04:24	23.61	--	50	118050	卖盘
11:04:21	23.61	-0.01	10	23610	卖盘
11:04:18	23.62	0.01	42	99204	买盘
11:04:15	23.61	--	72	169992	卖盘
11:04:12	23.61	0.01	7	16527	卖盘
11:04:09	23.6	-0.01	10	23600	卖盘
11:04:06	23.61	0.01	45	106245	买盘
11:04:03	23.6	--	13	30680	卖盘
11:04:00	23.6	--	12	28320	卖盘
11:03:57	23.6	--	3	7080	卖盘
11:03:54	23.6	--	103	243080	卖盘
11:03:51	23.6	0.02	448	1057280	买盘
11:03:48	23.58	--	3	7073	卖盘
11:03:45	23.58	--	22	51875	卖盘
11:03:42	23.58	--	234	551772	买盘
11:03:39	23.58	--	53	124973	买盘
11:03:33	23.58	--	7	16506	买盘
11:03:30	23.58	--	39	91962	买盘
11:03:27	23.58	-0.01	30	70740	买盘
11:03:24	23.59	--	4	9436	买盘
11:03:21	23.59	0.01	78	184002	买盘
11:03:18	23.58	--	10	23580	卖盘
11:03:15	23.58	0.01	10	23580	卖盘
11:03:06	23.57	-0.02	8	18856	买盘
11:03:03	23.59	0.01	30	70770	买盘
11:03:00	23.58	0.02	52	122615	买盘
11:02:57	23.56	--	21	49476	卖盘
11:02:51	23.56	--	1	2356	卖盘
11:02:48	23.56	-0.01	15	35340	卖盘
11:02:45	23.57	--	11	25927	卖盘
11:02:42	23.57	0.02	39	91923	买盘
11:02:39	23.55	-0.02	11	25905	卖盘
11:02:33	23.57	--	8	18856	买盘
11:02:30	23.57	--	26	61282	买盘
11:02:27	23.57	--	41	96637	买盘
11:02:24	23.57	-0.01	5	11785	中性盘
11:02:18	23.58	0.02	32	75456	买盘
11:02:15	23.56	-0.02	45	106020	卖盘
11:02:12	23.58	-0.01	86	202787	卖盘
11:02:09	23.59	-0.01	5	11795	中性盘
11:02:06	23.6	--	18	42480	买盘
11:02:03	23.6	--	35	82600	买盘
11:02:00	23.6	--	1	2360	买盘
11:01:57	23.6	--	157	370520	卖盘
11:01:54	23.6	-0.01	22	51920	卖盘
11:01:51	23.61	--	5	11805	买盘
11:01:48	23.61	0.01	15	35415	买盘
11:01:45	23.6	-0.01	5	11800	卖盘
11:01:42	23.61	--	16	37776	买盘
11:01:39	23.61	0.01	17	40137	中性盘
11:01:36	23.6	-0.03	66	155760	卖盘
11:01:33	23.63	--	154	363902	卖盘
11:01:30	23.63	--	8	18904	卖盘
11:01:27	23.63	0.02	153	361539	买盘
11:01:24	23.61	--	20	47220	买盘
11:01:21	23.61	--	23	54303	买盘
11:01:18	23.61	-0.01	1954	4613394	卖盘
11:01:15	23.62	--	3	7086	卖盘
11:01:12	23.62	--	15	35430	卖盘
11:01:09	23.62	--	67	158254	买盘
11:01:06	23.62	--	258	609396	买盘
11:01:03	23.62	0.01	82	193684	买盘
11:01:00	23.61	--	10	23610	卖盘
11:00:57	23.61	--	114	269154	卖盘
11:00:54	23.61	--	90	212490	卖盘
11:00:51	23.61	--	39	92079	卖盘
11:00:48	23.61	--	20	47220	卖盘
11:00:45	23.61	0.01	520	1227720	买盘
11:00:42	23.6	--	61	143960	卖盘
11:00:39	23.6	--	46	108560	卖盘
11:00:36	23.6	--	65	153400	卖盘
11:00:33	23.6	--	80	188800	卖盘
11:00:30	23.6	--	101	238360	卖盘
11:00:27	23.6	-0.02	1	2360	卖盘
11:00:21	23.62	0.02	114	269268	买盘
11:00:18	23.6	--	102	240720	买盘
11:00:15	23.6	--	36	84960	买盘
11:00:12	23.6	-0.02	79	186440	卖盘
11:00:09	23.62	0.01	34	80308	买盘
11:00:06	23.61	--	61	144021	买盘
11:00:03	23.61	--	3	7083	买盘
11:00:00	23.61	-0.01	46	108606	卖盘
10:59:57	23.62	0.01	22	51964	买盘
10:59:54	23.61	--	17	40137	卖盘
10:59:51	23.61	--	92	217212	卖盘
10:59:48	23.61	0.01	221	521781	买盘
10:59:42	23.6	-0.01	31	73160	卖盘
10:59:39	23.61	0.01	875	2065875	买盘
10:59:36	23.6	--	9	21240	买盘
10:59:33	23.6	-0.01	12	28320	买盘
10:59:30	23.61	0.01	75	177075	买盘
10:59:27	23.6	-0.01	32	76204	卖盘
10:59:24	23.61	-0.01	11	25971	买盘
10:59:21	23.62	--	206	486572	买盘
10:59:18	23.62	0.01	206	486572	买盘
10:59:15	23.61	0.01	36	84996	买盘
10:59:12	23.6	-0.01	12	28320	卖盘
10:59:09	23.61	--	16	37776	买盘
10:59:06	23.61	0.01	71	167631	买盘
10:59:03	23.6	--	24	56640	卖盘
10:59:00	23.6	0.01	523	1235955	买盘
10:58:57	23.59	-0.01	27	63693	卖盘
10:58:54	23.6	--	12	28320	买盘
10:58:51	23.6	--	13	30680	买盘
10:58:48	23.6	0.01	22	51920	买盘
10:58:45	23.59	-0.01	5	11795	卖盘
10:58:42	23.6	0.01	35	82600	买盘
10:58:39	23.59	--	121	285439	卖盘
10:58:36	23.59	--	35	82565	卖盘
10:58:33	23.59	0.01	11	25949	买盘
10:58:30	23.58	--	48	113183	卖盘
10:58:27	23.58	--	26	61307	卖盘
10:58:24	23.58	-0.01	45	106109	买盘
10:58:21	23.59	0.02	2	4718	中性盘
10:58:18	23.57	--	7	16499	卖盘
10:58:15	23.57	--	507	1194999	卖盘
10:58:06	23.57	--	71	167347	卖盘
10:58:03	23.57	--	117	275769	买盘
10:58:00	23.57	--	28	65996	买盘
10:57:57	23.57	--	37	87209	买盘
10:57:54	23.57	0.02	148	348836	买盘
10:57:51	23.55	--	5	11775	卖盘
10:57:48	23.55	-0.01	54	127170	卖盘
10:57:45	23.56	--	31	73036	买盘
10:57:42	23.56	0.01	55	129580	买盘
10:57:39	23.55	0.01	37	87629	买盘
10:57:36	23.54	-0.01	152	357808	卖盘
10:57:33	23.55	--	12	28260	买盘
10:57:30	23.55	0.01	6	14130	买盘
10:57:27	23.54	--	13	30602	卖盘
10:57:24	23.54	--	10	23540	卖盘
10:57:21	23.54	0.01	113	266002	买盘
10:57:15	23.53	--	55	129415	买盘
10:57:12	23.53	--	2	4706	买盘
10:57:09	23.53	-0.01	30	70590	卖盘
10:57:06	23.54	0.01	2	4708	买盘
10:57:03	23.53	-0.01	35	82355	卖盘
10:56:54	23.54	-0.01	40	94160	买盘
10:56:51	23.55	0.01	51	120105	买盘
10:56:48	23.54	--	3	7062	卖盘
10:56:45	23.54	--	256	602624	卖盘
10:56:42	23.54	-0.01	5	11770	卖盘
10:56:39	23.55	0.01	14	32970	买盘
10:56:36	23.54	--	29	68266	卖盘
10:56:33	23.54	--	11	25894	买盘
10:56:30	23.54	0.01	32	75328	买盘
10:56:27	23.53	--	60	141180	买盘
10:56:24	23.53	--	40	94120	卖盘
10:56:21	23.53	-0.01	59	138827	卖盘
10:56:18	23.54	0.01	67	157718	买盘
10:56:15	23.53	-0.01	46	108238	卖盘
10:56:12	23.54	0.01	57	134178	买盘
10:56:06	23.53	--	1	2353	卖盘
10:56:03	23.53	--	31	72943	卖盘
10:56:00	23.53	--	13	30589	卖盘
10:55:51	23.53	--	5	11765	卖盘
10:55:45	23.53	--	67	157651	卖盘
10:55:42	23.53	--	1	2353	卖盘
10:55:39	23.53	-0.01	55	129415	卖盘
10:55:36	23.54	0.01	65	153010	买盘
10:55:33	23.53	-0.01	12	28236	卖盘
10:55:30	23.54	0.01	67	157718	买盘
10:55:27	23.53	--	2	4706	卖盘
10:55:24	23.53	--	14	32942	卖盘
10:55:21	23.53	-0.01	15	35295	卖盘
10:55:18	23.54	--	13	30602	买盘
10:55:12	23.54	-0.01	35	82390	卖盘
10:55:09	23.55	--	10	23550	买盘
10:55:06	23.55	--	2	4710	买盘
10:55:03	23.55	--	7	16485	买盘
10:55:00	23.55	-0.02	5	11775	中性盘
10:54:57	23.57	0.02	30	70710	买盘
10:54:48	23.55	--	20	47100	卖盘
10:54:45	23.55	-0.02	235	553425	卖盘
10:54:42	23.57	--	55	129635	卖盘
10:54:39	23.57	-0.02	34	80138	中性盘
10:54:33	23.59	0.03	73	172207	买盘
10:54:30	23.56	-0.02	233	548948	卖盘
10:54:24	23.58	0.01	104	245231	买盘
10:54:21	23.57	--	166	391262	买盘
10:54:18	23.57	-0.01	29	68353	卖盘
10:54:15	23.58	0.01	78	183924	买盘
10:54:12	23.57	--	30	70710	卖盘
10:54:09	23.57	--	73	172061	卖盘
10:54:06	23.57	--	27	63639	卖盘
10:54:03	23.57	0.01	18	42426	买盘
10:54:00	23.56	--	18	42408	卖盘
10:53:57	23.56	--	20	47120	卖盘
10:53:54	23.56	--	12	28272	卖盘
10:53:51	23.56	--	13	30628	卖盘
10:53:48	23.56	--	63	148428	买盘
10:53:45	23.56	0.04	13	30628	买盘
10:53:42	23.52	-0.03	20	47040	卖盘
10:53:39	23.55	--	13	30615	卖盘
10:53:36	23.55	--	61	143655	买盘
10:53:33	23.55	0.05	26	61230	买盘
10:53:27	23.5	-0.05	28	65800	卖盘
10:53:24	23.55	0.05	32	75360	买盘
10:53:21	23.5	-0.05	4	9400	中性盘
10:53:15	23.55	0.07	3	7065	买盘
10:53:09	23.48	--	31	72788	买盘
10:53:06	23.48	--	114	267672	买盘
10:53:03	23.48	--	55	129140	买盘
10:53:00	23.48	0.05	112	262976	买盘
10:52:57	23.43	--	7	16401	卖盘
10:52:51	23.43	-0.05	4	9372	中性盘
10:52:48	23.48	0.06	106	248888	买盘
10:52:45	23.42	--	116	271672	买盘
10:52:42	23.42	--	112	262304	买盘
10:52:39	23.42	--	43	100706	买盘
10:52:36	23.42	-0.18	460	1077320	卖盘
10:52:33	23.6	-0.02	223	526280	卖盘
10:52:30	23.62	0.01	274	647188	买盘
10:52:27	23.61	0.01	165	389565	买盘
10:52:24	23.6	--	490	1156400	卖盘
10:52:21	23.6	--	343	809480	卖盘
10:52:18	23.6	-0.01	66	155760	卖盘
10:52:15	23.61	-0.01	156	368316	卖盘
10:52:12	23.62	-0.01	65	153530	卖盘
10:52:09	23.63	0.01	124	293012	买盘
10:52:06	23.62	-0.01	209	493658	卖盘
10:52:03	23.63	--	12	28356	买盘
10:52:00	23.63	--	22	51986	买盘
10:51:57	23.63	--	175	413525	买盘
10:51:54	23.63	--	78	184314	卖盘
10:51:51	23.63	-0.01	2108	4981204	卖盘
10:51:48	23.64	--	132	312048	买盘
10:51:45	23.64	--	45	106380	买盘
10:51:42	23.64	--	244	576816	卖盘
10:51:39	23.64	--	241	569724	卖盘
10:51:36	23.64	-0.01	156	368784	卖盘
10:51:33	23.65	0.01	659	1558535	买盘
10:51:30	23.64	--	84	198576	买盘
10:51:27	23.64	0.02	5	11820	买盘
10:51:24	23.62	-0.03	156	368472	卖盘
10:51:21	23.65	0.03	147	347655	买盘
10:51:18	23.62	-0.02	122	288164	卖盘
10:51:15	23.64	-0.01	250	591000	卖盘
10:51:12	23.65	0.01	280	662200	买盘
10:51:09	23.64	-0.01	224	529536	卖盘
10:51:06	23.65	0.01	408	964920	买盘
10:51:03	23.64	0.03	314	742296	买盘
10:51:00	23.61	0.01	113	266793	中性盘
10:50:57	23.6	--	288	679680	买盘
10:50:54	23.6	--	338	797680	买盘
10:50:51	23.6	0.03	334	788240	买盘
10:50:48	23.57	-0.03	75	176775	卖盘
10:50:45	23.6	0.02	281	663160	买盘
10:50:42	23.58	--	235	554130	买盘
10:50:39	23.58	0.03	639	1507162	买盘
10:50:36	23.55	0.01	535	1259925	买盘
10:50:33	23.54	-0.01	396	932184	中性盘
10:50:30	23.55	0.01	200	471000	买盘
10:50:27	23.54	0.02	214	503756	买盘
10:50:24	23.52	0.01	179	421878	买盘
10:50:21	23.51	0.01	209	491359	买盘
10:50:18	23.5	-0.01	20	47000	中性盘
10:50:15	23.51	--	102	239802	买盘
10:50:12	23.51	0.03	100	235100	买盘
10:50:06	23.48	-0.03	5	11740	卖盘
10:50:03	23.51	0.03	500	1175500	买盘
10:50:00	23.48	--	11	25828	买盘
10:49:57	23.48	--	11	25828	买盘
10:49:51	23.48	-0.01	23	54004	卖盘
10:49:48	23.49	--	4	9396	买盘
10:49:45	23.49	--	15	35235	买盘
10:49:42	23.49	--	26	61073	买盘
10:49:39	23.49	--	28	65772	卖盘
10:49:36	23.49	--	52	122147	卖盘
10:49:33	23.49	--	54	126845	卖盘
10:49:27	23.49	-0.01	35	82215	卖盘
10:49:24	23.5	--	1	2350	买盘
10:49:21	23.5	0.01	84	197400	买盘
10:49:18	23.49	-0.01	2	4698	卖盘
10:49:15	23.5	--	3	7050	买盘
10:49:12	23.5	--	1	2350	买盘
10:49:06	23.5	--	60	141000	卖盘
10:49:00	23.5	--	49	115150	卖盘
10:48:57	23.5	-0.01	250	587500	卖盘
10:48:54	23.51	0.01	387	909837	买盘
10:48:51	23.5	--	128	300800	卖盘
10:48:48	23.5	--	13	30550	卖盘
10:48:45	23.5	--	4	9400	卖盘
10:48:42	23.5	--	31	72850	卖盘
10:48:39	23.5	--	24	56400	卖盘
10:48:36	23.5	--	54	126900	卖盘
10:48:33	23.5	--	11	25850	卖盘
10:48:30	23.5	0.01	322	756700	买盘
10:48:27	23.49	--	10	23490	中性盘
10:48:21	23.49	-0.01	5	11745	卖盘
10:48:18	23.5	--	48	112800	卖盘
10:48:15	23.5	--	65	152750	买盘
10:48:12	23.5	0.01	31	72850	买盘
10:48:09	23.49	-0.01	8	18792	卖盘
10:48:06	23.5	--	2	4700	买盘
10:48:03	23.5	-0.02	7	16450	中性盘
10:47:54	23.52	0.02	291	684432	买盘
10:47:48	23.5	-0.01	34	79900	卖盘
10:47:45	23.51	0.01	106	249206	买盘
10:47:42	23.5	--	25	58750	卖盘
10:47:39	23.5	--	20	47000	卖盘
10:47:36	23.5	--	55	129250	卖盘
10:47:33	23.5	--	10	23500	卖盘
10:47:30	23.5	0.01	215	505250	买盘
10:47:27	23.49	0.01	36	84564	买盘
10:47:24	23.48	-0.01	37	86876	卖盘
10:47:21	23.49	-0.01	3	7046	卖盘
10:47:18	23.5	--	9	21150	买盘
10:47:15	23.5	0.01	20	47000	买盘
10:47:12	23.49	-0.01	30	70470	卖盘
10:47:09	23.5	--	1	2350	买盘
10:46:57	23.5	0.04	1107	2601450	买盘
10:46:54	23.46	--	10	23460	卖盘
10:46:51	23.46	--	5	11730	卖盘
10:46:48	23.46	0.01	40	93840	买盘
10:46:42	23.45	--	23	53935	卖盘
10:46:30	23.45	--	52	121940	卖盘
10:46:27	23.45	0.01	629	1475005	买盘
10:46:24	23.44	0.01	32	75008	中性盘
10:46:21	23.43	--	6	14058	卖盘
10:46:09	23.43	--	2	4686	卖盘
10:46:06	23.43	0.01	5	11715	买盘
10:46:03	23.42	-0.01	20	46840	卖盘
10:45:57	23.43	--	10	23430	买盘
10:45:51	23.43	--	15	35145	买盘
10:45:48	23.43	--	2	4686	买盘
10:45:45	23.43	--	75	175725	卖盘
10:45:42	23.43	-0.01	35	82005	卖盘
10:45:39	23.44	0.01	1	2344	中性盘
10:45:36	23.43	--	52	121836	卖盘
10:45:30	23.43	--	55	128865	卖盘
10:45:24	23.43	-0.02	10	23430	卖盘
10:45:18	23.45	0.02	62	145390	买盘
10:45:15	23.43	--	20	46860	卖盘
10:45:12	23.43	-0.02	28	65604	卖盘
10:45:06	23.45	0.03	103	241535	买盘
10:45:03	23.42	--	135	316170	卖盘
10:45:00	23.42	--	13	30446	卖盘
10:44:57	23.42	--	53	124126	卖盘
10:44:54	23.42	--	28	65576	卖盘
10:44:42	23.42	-0.03	32	74944	卖盘
10:44:39	23.45	--	170	398650	卖盘
10:44:33	23.45	-0.03	59	138355	卖盘
10:44:30	23.48	--	40	93920	买盘
10:44:27	23.48	--	463	1087124	买盘
10:44:21	23.48	--	95	223060	卖盘
10:44:18	23.48	--	24	56352	卖盘
10:44:15	23.48	--	159	373332	卖盘
10:44:12	23.48	--	4	9392	卖盘
10:44:09	23.48	-0.01	42	98616	卖盘
10:44:06	23.49	0.01	1	2349	买盘
10:44:03	23.48	--	59	138532	卖盘
10:43:57	23.48	-0.01	88	206624	卖盘
10:43:54	23.49	0.01	10	23490	买盘
10:43:51	23.48	-0.02	16	37568	卖盘
10:43:42	23.5	--	15	35250	买盘
10:43:39	23.5	0.01	104	244400	买盘
10:43:33	23.49	-0.01	107	251342	卖盘
10:43:30	23.5	--	23	54050	买盘
10:43:27	23.5	--	11	25850	买盘
10:43:24	23.5	0.01	36	84600	买盘
10:43:21	23.49	-0.01	3	7046	卖盘
10:43:15	23.5	--	128	300800	卖盘
10:43:12	23.5	--	5	11750	卖盘
10:43:09	23.5	--	14	32900	卖盘
10:43:06	23.5	-0.01	10	23500	卖盘
10:43:03	23.51	-0.01	52	122252	卖盘
10:43:00	23.52	0.01	12	28224	买盘
10:42:57	23.51	--	38	89338	卖盘
10:42:54	23.51	0.01	33	77583	买盘
10:42:51	23.5	-0.01	136	319600	卖盘
10:42:48	23.51	--	12	28212	卖盘
10:42:45	23.51	--	25	58775	卖盘
10:42:42	23.51	-0.01	50	117550	卖盘
10:42:36	23.52	--	13	30576	买盘
10:42:33	23.52	-0.01	64	152009	卖盘
10:42:30	23.53	0.01	6	14118	买盘
10:42:27	23.52	-0.02	15	35280	卖盘
10:42:21	23.54	0.02	65	153010	买盘
10:42:18	23.52	--	5	11760	卖盘
10:42:15	23.52	--	22	51744	卖盘
10:42:12	23.52	--	51	119952	卖盘
10:42:09	23.52	-0.02	5	11760	卖盘
10:42:03	23.54	0.02	100	235400	买盘
10:42:00	23.52	--	41	96432	卖盘
10:41:57	23.52	-0.01	111	261072	卖盘
10:41:54	23.53	--	65	152945	卖盘
10:41:51	23.53	--	35	82355	卖盘
10:41:48	23.53	-0.01	10	23530	卖盘
10:41:45	23.54	0.01	25	58850	买盘
10:41:42	23.53	--	3	7059	卖盘
10:41:39	23.53	-0.01	45	105885	卖盘
10:41:36	23.54	0.01	2	4708	买盘
10:41:33	23.53	0.02	120	283230	买盘
10:41:30	23.51	-0.01	19	46150	卖盘
10:41:27	23.52	-0.02	8	18816	卖盘
10:41:24	23.54	0.01	114	268356	买盘
10:41:18	23.53	0.01	64	150592	买盘
10:41:15	23.52	--	2	4704	卖盘
10:41:12	23.52	--	10	23520	卖盘
10:41:09	23.52	0.02	507	1193334	买盘
10:41:06	23.5	--	35	82250	卖盘
10:41:03	23.5	0.02	516	1212600	买盘
10:41:00	23.48	-0.01	42	98616	卖盘
10:40:57	23.49	0.01	170	399330	买盘
10:40:54	23.48	-0.01	42	98616	卖盘
10:40:51	23.49	--	4	9396	买盘
10:40:48	23.49	0.01	15	35235	买盘
10:40:45	23.48	-0.01	93	218364	卖盘
10:40:42	23.49	-0.01	14	32886	中性盘
10:40:39	23.5	0.01	55	129250	买盘
10:40:36	23.49	--	47	110402	买盘
10:40:33	23.49	--	12	28187	买盘
10:40:30	23.49	0.01	46	108054	买盘
10:40:27	23.48	-0.01	45	105660	卖盘
10:40:24	23.49	0.01	1	2349	买盘
10:40:21	23.48	--	26	61048	买盘
10:40:18	23.48	-0.01	8	18784	中性盘
10:40:09	23.49	0.01	100	234899	买盘
10:40:06	23.48	--	10	23480	买盘
10:40:03	23.48	--	15	35220	卖盘
10:40:00	23.48	-0.01	20	46960	卖盘
10:39:57	23.49	--	111	260738	买盘
10:39:54	23.49	--	70	164430	买盘
10:39:51	23.49	-0.01	138	324162	卖盘
10:39:48	23.5	0.01	20	47000	买盘
10:39:45	23.49	-0.01	74	173826	卖盘
10:39:42	23.5	--	166	390100	卖盘
10:39:39	23.5	-0.01	31	72850	卖盘
10:39:33	23.51	0.01	29	68179	买盘
10:39:30	23.5	-0.01	23	54050	卖盘
10:39:27	23.51	0.01	3	7053	买盘
10:39:24	23.5	0.01	55	129250	中性盘
10:39:21	23.49	-0.03	216	507383	卖盘
10:39:18	23.52	0.02	20	47040	买盘
10:39:15	23.5	0.01	234	549900	买盘
10:39:12	23.49	--	5	11745	卖盘
10:39:06	23.49	-0.01	5	11745	卖盘
10:39:03	23.5	0.01	37	86950	中性盘
10:39:00	23.49	-0.02	218	512081	卖盘
10:38:57	23.51	0.01	245	575995	买盘
10:38:54	23.5	0.01	256	601600	买盘
10:38:51	23.49	--	35	82215	买盘
10:38:48	23.49	--	60	140940	买盘
10:38:45	23.49	--	1	2349	买盘
10:38:42	23.49	--	40	93960	买盘
10:38:39	23.49	-0.01	3	7046	卖盘
10:38:36	23.5	--	10	23500	买盘
10:38:33	23.5	--	4	9400	买盘
10:38:30	23.5	-0.01	213	502030	卖盘
10:38:27	23.51	0.01	47	110497	买盘
10:38:24	23.5	-0.01	12	28200	卖盘
10:38:21	23.51	--	17	39967	买盘
10:38:18	23.51	0.01	4	9404	买盘
10:38:15	23.5	--	70	164500	卖盘
10:38:09	23.5	0.02	57	134819	买盘
10:38:06	23.48	-0.02	719	1688212	卖盘
10:38:03	23.5	0.01	127	298450	买盘
10:38:00	23.49	0.03	70	164430	买盘
10:37:57	23.46	0.01	202	473892	卖盘
10:37:54	23.45	-0.03	2	4690	卖盘
10:37:51	23.48	0.02	300	704400	买盘
10:37:48	23.46	0.01	85	199410	买盘
10:37:45	23.45	--	3	7035	卖盘
10:37:42	23.45	0.01	357	837165	买盘
10:37:39	23.44	0.01	23	53912	买盘
10:37:36	23.43	0.01	24	56232	买盘
10:37:33	23.42	--	16	37472	卖盘
10:37:30	23.42	--	33	77286	卖盘
10:37:27	23.42	0.01	36	84312	买盘
10:37:24	23.41	--	45	105345	卖盘
10:37:18	23.41	0.02	458	1072178	买盘
10:37:15	23.39	-0.01	39	91221	卖盘
10:37:12	23.4	0.03	148	346320	买盘
10:37:09	23.37	--	52	121524	买盘
10:37:06	23.37	--	29	67773	买盘
10:37:03	23.37	-0.03	218	509466	卖盘
10:37:00	23.4	0.01	80	187200	买盘
10:36:57	23.39	0.01	147	343833	买盘
10:36:54	23.38	--	9	21042	买盘
10:36:51	23.38	0.01	28	65464	买盘
10:36:48	23.37	--	105	245385	卖盘
10:36:45	23.37	-0.01	12	28044	卖盘
10:36:42	23.38	-0.01	76	177688	卖盘
10:36:39	23.39	0.01	36	84204	买盘
10:36:36	23.38	-0.01	98	229124	卖盘
10:36:33	23.39	--	21	49119	买盘
10:36:27	23.39	--	12	28068	买盘
10:36:21	23.39	-0.01	3	7017	卖盘
10:36:18	23.4	--	1	2340	买盘
10:36:15	23.4	--	13	30419	买盘
10:36:12	23.4	--	5	11700	买盘
10:36:09	23.4	--	178	416520	卖盘
10:36:06	23.4	--	135	315900	卖盘
10:36:00	23.4	--	20	46800	卖盘
10:35:57	23.4	-0.01	4	9360	卖盘
10:35:54	23.41	0.01	94	220054	买盘
10:35:51	23.4	--	55	128699	卖盘
10:35:48	23.4	-0.01	117	273780	卖盘
10:35:45	23.41	0.01	3	7023	买盘
10:35:42	23.4	--	35	81900	卖盘
10:35:39	23.4	-0.01	89	208260	卖盘
10:35:36	23.41	--	20	46820	买盘
10:35:33	23.41	--	16	37456	买盘
10:35:30	23.41	0.01	52	121732	买盘
10:35:27	23.4	-0.01	24	56160	卖盘
10:35:24	23.41	--	41	95981	买盘
10:35:21	23.41	--	55	128755	买盘
10:35:18	23.41	--	22	51502	买盘
10:35:15	23.41	--	86	201326	卖盘
10:35:09	23.41	--	31	72571	卖盘
10:35:06	23.41	--	28	65548	卖盘
10:35:03	23.41	--	8	18728	卖盘
10:34:57	23.41	-0.03	28	65548	卖盘
10:34:54	23.44	0.02	75	175800	买盘
10:34:51	23.42	-0.02	28	65576	卖盘
10:34:45	23.44	0.02	2	4688	买盘
10:34:42	23.42	-0.01	28	65576	卖盘
10:34:39	23.43	-0.01	28	65604	卖盘
10:34:36	23.44	-0.03	34	79696	卖盘
10:34:33	23.47	0.01	48	112656	买盘
10:34:30	23.46	0.02	13	30498	买盘
10:34:27	23.44	-0.01	51	119544	卖盘
10:34:24	23.45	--	62	145390	卖盘
10:34:21	23.45	--	3	7035	卖盘
10:34:18	23.45	0.01	16	37520	买盘
10:34:15	23.44	--	20	46880	卖盘
10:34:12	23.44	-0.01	3	7032	卖盘
10:34:09	23.45	-0.01	71	166495	卖盘
10:34:06	23.46	0.02	12	28152	买盘
10:34:03	23.44	-0.02	16	37504	卖盘
10:33:57	23.46	0.01	116	272136	买盘
10:33:54	23.45	0.01	19	44555	买盘
10:33:51	23.44	-0.01	24	56256	卖盘
10:33:48	23.45	--	4	9380	卖盘
10:33:45	23.45	--	2	4690	卖盘
10:33:42	23.45	0.01	1	2345	买盘
10:33:39	23.44	--	3	7032	卖盘
10:33:36	23.44	-0.01	41	96104	卖盘
10:33:33	23.45	0.01	16	37520	买盘
10:33:30	23.44	--	48	112512	卖盘
10:33:27	23.44	--	36	84384	卖盘
10:33:24	23.44	--	16	37504	卖盘
10:33:21	23.44	-0.01	24	56256	卖盘
10:33:15	23.45	--	14	32830	买盘
10:33:12	23.45	--	10	23450	买盘
10:33:09	23.45	--	35	82075	买盘
10:33:03	23.45	--	14	32830	买盘
10:33:00	23.45	--	151	354095	卖盘
10:32:57	23.45	-0.02	16	37520	卖盘
10:32:54	23.47	--	20	46940	买盘
10:32:51	23.47	--	1	2347	买盘
10:32:48	23.47	--	22	51634	买盘
10:32:45	23.47	--	25	58675	买盘
10:32:42	23.47	--	91	213577	卖盘
10:32:39	23.47	--	5	11735	卖盘
10:32:36	23.47	-0.01	11	25817	卖盘
10:32:33	23.48	0.01	4	9392	买盘
10:32:30	23.47	0.02	61	143167	买盘
10:32:27	23.45	--	8	18760	买盘
10:32:24	23.45	0.01	54	126630	买盘
10:32:21	23.44	-0.01	152	356288	卖盘
10:32:18	23.45	-0.03	5	11725	卖盘
10:32:15	23.48	0.03	9	21132	买盘
10:32:12	23.45	-0.03	12	28140	卖盘
10:32:09	23.48	0.03	28	65744	买盘
10:32:06	23.45	-0.01	304	712880	卖盘
10:32:03	23.46	0.01	11	25806	买盘
10:32:00	23.45	--	75	175875	卖盘
10:31:57	23.45	--	10	23450	卖盘
10:31:54	23.45	--	2	4690	卖盘
10:31:51	23.45	--	114	267330	卖盘
10:31:48	23.45	--	29	68005	卖盘
10:31:45	23.45	--	4	9380	卖盘
10:31:39	23.45	-0.02	22	51590	卖盘
10:31:36	23.47	0.02	27	63369	买盘
10:31:33	23.45	0.01	94	220430	买盘
10:31:30	23.44	-0.01	134	314096	卖盘
10:31:27	23.45	--	66	154770	买盘
10:31:24	23.45	--	43	100835	卖盘
10:31:18	23.45	--	27	63315	买盘
10:31:15	23.45	0.01	33	77385	买盘
10:31:12	23.44	--	26	60944	卖盘
10:31:09	23.44	-0.01	69	161736	卖盘
10:31:06	23.45	--	13	30485	买盘
10:31:03	23.45	0.01	119	279055	买盘
10:31:00	23.44	--	8	18752	买盘
10:30:57	23.44	--	9	21096	买盘
10:30:51	23.44	--	209	489896	卖盘
10:30:48	23.44	-0.01	20	46880	卖盘
10:30:45	23.45	--	6	14070	卖盘
10:30:42	23.45	--	14	32830	卖盘
10:30:39	23.45	-0.02	26	60970	卖盘
10:30:36	23.47	0.03	227	532769	买盘
10:30:33	23.44	--	2	4688	买盘
10:30:30	23.44	-0.01	6	14064	卖盘
10:30:27	23.45	0.01	64	150080	买盘
10:30:24	23.44	-0.01	34	79696	卖盘
10:30:18	23.45	0.01	1	2345	买盘
10:30:15	23.44	-0.01	6	14064	卖盘
10:30:12	23.45	--	26	60970	买盘
10:30:09	23.45	0.02	9	21105	买盘
10:30:06	23.43	-0.01	10	23430	卖盘
10:30:03	23.44	0.01	10	23440	买盘
10:30:00	23.43	--	15	35145	卖盘
10:29:57	23.43	-0.05	3	7029	卖盘
10:29:54	23.48	0.04	168	396694	买盘
10:29:51	23.44	0.01	24	56256	买盘
10:29:48	23.43	--	136	318648	卖盘
10:29:45	23.43	--	4	9372	卖盘
10:29:42	23.43	-0.01	102	238986	卖盘
10:29:39	23.44	0.04	145	342130	买盘
10:29:36	23.4	-0.04	671	1570233	卖盘
10:29:33	23.44	0.01	55	128920	买盘
10:29:30	23.43	-0.02	47	110121	卖盘
10:29:27	23.45	0.02	240	562800	买盘
10:29:24	23.43	--	38	89034	卖盘
10:29:21	23.43	-0.01	62	145266	卖盘
10:29:18	23.44	0.01	63	147672	买盘
10:29:15	23.43	--	100	234300	卖盘
10:29:12	23.43	--	43	100749	卖盘
10:29:09	23.43	0.01	2	4686	中性盘
10:29:06	23.42	--	54	126468	卖盘
10:29:00	23.42	-0.01	7	16394	卖盘
10:28:57	23.43	0.01	5	11715	买盘
10:28:54	23.42	-0.02	3	7026	卖盘
10:28:48	23.44	-0.01	13	30472	买盘
10:28:45	23.45	0.02	10	23450	买盘
10:28:42	23.43	-0.01	44	103092	卖盘
10:28:39	23.44	--	5	11720	卖盘
10:28:36	23.44	0.01	5	11720	买盘
10:28:33	23.43	-0.02	54	126522	卖盘
10:28:30	23.45	--	61	143045	买盘
10:28:24	23.45	--	5	11725	买盘
10:28:21	23.45	--	3	7035	买盘
10:28:15	23.45	-0.01	22	51590	卖盘
10:28:12	23.46	0.01	53	124338	买盘
10:28:09	23.45	--	37	86765	卖盘
10:28:06	23.45	-0.02	57	133665	卖盘
10:28:00	23.47	0.02	18	42246	买盘
10:27:57	23.45	-0.02	20	46900	卖盘
10:27:54	23.47	0.02	46	107962	买盘
10:27:51	23.45	-0.02	52	121940	卖盘
10:27:48	23.47	0.01	28	65716	买盘
10:27:45	23.46	0.01	14	32844	买盘
10:27:42	23.45	-0.02	28	65660	卖盘
10:27:36	23.47	0.02	30	70410	买盘
10:27:33	23.45	-0.03	151	354095	卖盘
10:27:30	23.48	0.02	198	464904	买盘
10:27:27	23.46	--	10	23460	卖盘
10:27:24	23.46	0.01	21	49266	中性盘
10:27:21	23.45	-0.02	31	72695	卖盘
10:27:18	23.47	--	21	49287	买盘
10:27:12	23.47	0.02	26	61022	买盘
10:27:09	23.45	-0.02	15	35175	卖盘
10:27:06	23.47	--	6	14082	卖盘
10:27:03	23.47	--	18	42246	卖盘
10:27:00	23.47	0.01	62	145514	买盘
10:26:57	23.46	0.01	1	2346	中性盘
10:26:54	23.45	--	122	286090	卖盘
10:26:51	23.45	-0.03	66	154770	卖盘
10:26:48	23.48	0.02	36	84528	买盘
10:26:45	23.46	--	2	4692	卖盘
10:26:39	23.46	--	40	93840	卖盘
10:26:36	23.46	0.01	33	77418	买盘
10:26:33	23.45	--	71	166495	卖盘
10:26:30	23.45	-0.01	7	16415	卖盘
10:26:27	23.46	0.01	13	30498	买盘
10:26:24	23.45	-0.03	15	35175	卖盘
10:26:21	23.48	0.03	36	84528	买盘
10:26:18	23.45	-0.01	261	612045	卖盘
10:26:15	23.46	0.01	66	154836	买盘
10:26:12	23.45	-0.01	58	136010	卖盘
10:26:09	23.46	--	71	166566	买盘
10:26:06	23.46	0.01	1	2346	买盘
10:26:03	23.45	--	64	150080	卖盘
10:26:00	23.45	-0.01	152	356440	卖盘
10:25:57	23.46	-0.03	26	60996	中性盘
10:25:54	23.49	0.03	39	91611	买盘
10:25:48	23.46	-0.03	107	251022	卖盘
10:25:45	23.49	-0.01	6	14093	买盘
10:25:42	23.5	0.04	164	385400	买盘
10:25:39	23.46	-0.03	69	161874	卖盘
10:25:36	23.49	-0.01	35	82215	卖盘
10:25:33	23.5	--	42	98700	卖盘
10:25:30	23.5	--	14	32900	卖盘
10:25:27	23.5	-0.01	70	164500	卖盘
10:25:24	23.51	0.01	94	220994	中性盘
10:25:21	23.5	-0.02	445	1045750	卖盘
10:25:18	23.52	--	169	397488	买盘
10:25:15	23.52	0.01	169	397488	买盘
10:25:12	23.51	-0.01	39	91689	卖盘
10:25:09	23.52	-0.01	70	164640	买盘
10:25:06	23.53	0.01	122	287066	买盘
10:25:03	23.52	--	300	705600	卖盘
10:25:00	23.52	--	12	28224	卖盘
10:24:57	23.52	--	6	14112	卖盘
10:24:54	23.52	--	15	35280	卖盘
10:24:51	23.52	--	43	101136	卖盘
10:24:48	23.52	--	257	604464	买盘
10:24:45	23.52	--	37	87024	买盘
10:24:42	23.52	--	170	399840	买盘
10:24:39	23.52	0.01	15	35280	买盘
10:24:36	23.51	--	64	150464	卖盘
10:24:33	23.51	-0.01	46	108146	卖盘
10:24:30	23.52	-0.01	20	47040	卖盘
10:24:27	23.53	0.03	57	134121	买盘
10:24:24	23.5	-0.02	189	444150	卖盘
10:24:21	23.52	--	351	825552	卖盘
10:24:18	23.52	--	178	418656	卖盘
10:24:15	23.52	--	71	166992	卖盘
10:24:12	23.52	0.02	378	889056	买盘
10:24:09	23.5	-0.01	71	166850	卖盘
10:24:06	23.51	0.01	56	131656	买盘
10:24:03	23.5	-0.01	13	30550	卖盘
10:24:00	23.51	0.01	92	216292	买盘
10:23:57	23.5	0.01	194	455900	买盘
10:23:54	23.49	-0.01	309	725841	卖盘
10:23:51	23.5	0.01	354	831900	买盘
10:23:48	23.49	0.01	54	126845	中性盘
10:23:45	23.48	-0.01	271	636308	卖盘
10:23:42	23.49	0.01	52	122147	卖盘
10:23:39	23.48	0.02	9	21132	买盘
10:23:36	23.46	-0.03	861	2019906	卖盘
10:23:33	23.49	0.01	87	204363	买盘
10:23:30	23.48	-0.01	218	511864	卖盘
10:23:27	23.49	--	82	192618	卖盘
10:23:24	23.49	0.01	233	547317	买盘
10:23:21	23.48	-0.01	82	192536	中性盘
10:23:18	23.49	--	70	164430	买盘
10:23:15	23.49	--	13	30536	买盘
10:23:12	23.49	0.03	154	361746	买盘
10:23:09	23.46	-0.02	5	11730	卖盘
10:23:06	23.48	-0.01	34	79832	中性盘
10:23:03	23.49	-0.01	99	232550	卖盘
10:23:00	23.5	0.05	131	307850	买盘
10:22:57	23.45	--	81	189945	卖盘
10:22:54	23.45	--	2	4690	卖盘
10:22:51	23.45	--	123	288435	卖盘
10:22:48	23.45	--	157	368165	卖盘
10:22:45	23.45	--	141	330645	买盘
10:22:42	23.45	0.02	206	483070	买盘
10:22:39	23.43	--	1	2343	卖盘
10:22:36	23.43	-0.06	15	35145	卖盘
10:22:33	23.49	0.03	612	1437588	买盘
10:22:30	23.46	0.01	273	640458	买盘
10:22:27	23.45	--	34	79730	卖盘
10:22:24	23.45	--	159	375106	卖盘
10:22:21	23.45	-0.01	49	114905	卖盘
10:22:18	23.46	0.01	24	56304	买盘
10:22:15	23.45	--	1	2345	卖盘
10:22:12	23.45	--	20	46900	卖盘
10:22:09	23.45	-0.05	216	506520	卖盘
10:22:06	23.5	--	56	131600	买盘
10:22:03	23.5	--	46	108100	买盘
10:22:00	23.5	--	130	305500	买盘
10:21:57	23.5	-0.02	83	195050	买盘
10:21:54	23.52	0.02	545	1281934	买盘
10:21:51	23.5	--	200	470000	卖盘
10:21:48	23.5	--	258	606300	卖盘
10:21:45	23.5	-0.02	34	79900	卖盘
10:21:42	23.52	--	174	409248	卖盘
10:21:39	23.52	-0.02	225	529200	卖盘
10:21:36	23.54	--	150	353100	买盘
10:21:33	23.54	-0.02	524	1233496	卖盘
10:21:30	23.56	0.01	148	350643	中性盘
10:21:27	23.55	-0.01	554	1304670	卖盘
10:21:24	23.56	--	1	2356	卖盘
10:21:21	23.56	-0.02	88	207328	卖盘
10:21:18	23.58	--	52	122615	买盘
10:21:15	23.58	-0.02	103	242873	中性盘
10:21:12	23.6	--	20	47200	买盘
