成交时间	成交价	价格变动	成交量(手)	成交额(元)	性质
15:00:03	30.67	--	4764	14611188	买盘
14:57:03	30.67	0.01	29	88943	买盘
14:57:00	30.66	0.01	113	346458	中性盘
14:56:57	30.65	-0.04	38	116470	卖盘
14:56:54	30.69	0.02	27	82863	买盘
14:56:51	30.67	-0.03	66	202422	卖盘
14:56:48	30.7	--	95	291650	买盘
14:56:45	30.7	--	328	1006960	买盘
14:56:42	30.7	--	57	174990	买盘
14:56:39	30.7	--	360	1105200	卖盘
14:56:36	30.7	-0.03	385	1181950	卖盘
14:56:33	30.73	--	20	61460	卖盘
14:56:30	30.73	-0.02	34	104482	中性盘
14:56:27	30.75	0.05	140	432960	买盘
14:56:24	30.7	-0.01	264	812936	卖盘
14:56:21	30.71	-0.01	81	248751	中性盘
14:56:18	30.72	0.01	122	377241	买盘
14:56:15	30.71	-0.05	37	113627	卖盘
14:56:12	30.76	0.05	42	129192	买盘
14:56:09	30.71	-0.02	174	534354	卖盘
14:56:06	30.73	0.02	63	193599	中性盘
14:56:03	30.71	-0.02	166	509786	卖盘
14:56:00	30.73	-0.05	143	439439	卖盘
14:55:57	30.78	0.03	83	257936	买盘
14:55:54	30.75	-0.03	49	151905	卖盘
14:55:51	30.78	0.03	110	340426	买盘
14:55:48	30.75	-0.01	26	79950	卖盘
14:55:45	30.76	--	98	301448	买盘
14:55:42	30.76	--	53	163643	买盘
14:55:39	30.76	--	92	285452	买盘
14:55:36	30.76	0.02	85	262075	买盘
14:55:33	30.74	--	18	57791	卖盘
14:55:30	30.74	-0.01	32	99597	中性盘
14:55:27	30.75	0.01	84	258300	买盘
14:55:24	30.74	--	28	87916	卖盘
14:55:21	30.74	--	23	70702	卖盘
14:55:18	30.74	--	160	493069	买盘
14:55:15	30.74	0.03	549	1687626	买盘
14:55:12	30.71	-0.03	129	396159	卖盘
14:55:09	30.74	0.03	76	233624	买盘
14:55:06	30.71	-0.03	174	534354	卖盘
14:55:03	30.74	--	61	187514	买盘
14:55:00	30.74	0.02	78	239772	买盘
14:54:57	30.72	-0.02	23	70656	中性盘
14:54:54	30.74	--	244	750056	买盘
14:54:51	30.74	--	126	387324	买盘
14:54:48	30.74	0.03	232	713168	中性盘
14:54:45	30.71	-0.04	61	189787	卖盘
14:54:42	30.75	--	37	113775	买盘
14:54:39	30.75	0.05	132	405900	买盘
14:54:36	30.7	-0.01	44	135080	卖盘
14:54:33	30.71	-0.04	38	116698	中性盘
14:54:30	30.75	0.05	132	405900	买盘
14:54:27	30.7	--	8	24560	买盘
14:54:24	30.7	--	13	39910	买盘
14:54:21	30.7	-0.05	158	487516	卖盘
14:54:18	30.75	--	5	15375	卖盘
14:54:15	30.75	-0.01	14	44895	卖盘
14:54:12	30.76	0.01	8	24608	买盘
14:54:09	30.75	--	0	1845	买盘
14:54:06	30.75	0.07	126	387450	买盘
14:54:03	30.68	-0.02	185	568807	卖盘
14:54:00	30.7	--	39	120344	卖盘
14:53:57	30.7	--	208	639788	买盘
14:53:54	30.7	0.01	32	98240	买盘
14:53:51	30.69	0.01	18	55242	中性盘
14:53:48	30.68	--	17	52156	卖盘
14:53:45	30.68	0.01	3	9204	卖盘
14:53:42	30.67	-0.03	29	88943	中性盘
14:53:39	30.7	0.01	182	558740	买盘
14:53:36	30.69	0.02	19	58311	买盘
14:53:33	30.67	-0.03	4	12268	中性盘
14:53:30	30.7	0.05	35	107450	买盘
14:53:27	30.65	--	18	55170	卖盘
14:53:24	30.65	-0.05	198	606870	卖盘
14:53:21	30.7	0.08	66	202620	买盘
14:53:18	30.62	-0.03	13	39806	卖盘
14:53:15	30.65	--	69	213937	卖盘
14:53:12	30.65	0.03	24	73560	买盘
14:53:09	30.62	0.01	22	67364	买盘
14:53:06	30.61	-0.04	36	110196	卖盘
14:53:03	30.65	-0.05	1	3065	中性盘
14:53:00	30.7	0.01	150	460500	买盘
14:52:57	30.69	-0.01	13	39897	中性盘
14:52:54	30.7	0.05	15	46050	买盘
14:52:51	30.65	-0.05	21	64365	卖盘
14:52:48	30.7	--	61	187270	买盘
14:52:45	30.7	0.02	73	224110	买盘
14:52:42	30.68	-0.03	81	249121	卖盘
14:52:39	30.71	-0.09	13	39923	卖盘
14:52:36	30.8	0.04	86	264880	买盘
14:52:33	30.76	0.01	60	184560	买盘
14:52:30	30.75	--	4	12300	买盘
14:52:27	30.75	-0.06	20	61500	卖盘
14:52:24	30.81	-0.03	145	446745	买盘
14:52:21	30.84	0.04	184	567456	买盘
14:52:18	30.8	-0.01	115	354200	卖盘
14:52:15	30.81	-0.04	86	264966	卖盘
14:52:12	30.85	0.05	51	157335	买盘
14:52:09	30.8	-0.05	213	657888	卖盘
14:52:06	30.85	0.02	47	144995	买盘
14:52:03	30.83	-0.02	17	52719	卖盘
14:52:00	30.85	--	15	46275	买盘
14:51:57	30.85	--	1	4936	卖盘
14:51:54	30.85	-0.03	300	926734	卖盘
14:51:51	30.88	-0.03	247	762736	卖盘
14:51:48	30.91	-0.04	2	6182	中性盘
14:51:45	30.95	0.05	38	117610	买盘
14:51:42	30.9	-0.05	5	15450	卖盘
14:51:39	30.95	0.02	49	151655	买盘
14:51:36	30.93	-0.03	2	6186	买盘
14:51:33	30.96	--	64	198144	买盘
14:51:30	30.96	-0.01	40	123840	中性盘
14:51:27	30.97	0.01	30	92910	买盘
14:51:24	30.96	--	41	126936	买盘
14:51:21	30.96	-0.01	20	64396	卖盘
14:51:18	30.97	0.01	42	130693	买盘
14:51:15	30.96	--	26	82972	卖盘
14:51:12	30.96	--	22	68112	卖盘
14:51:09	30.96	0.02	69	214243	买盘
14:51:06	30.94	-0.02	48	148512	卖盘
14:51:03	30.96	0.01	46	143035	买盘
14:51:00	30.95	--	23	73661	卖盘
14:50:57	30.95	0.05	116	361496	买盘
14:50:54	30.9	-0.01	17	52530	买盘
14:50:51	30.91	0.02	8	24728	中性盘
14:50:48	30.89	-0.03	213	657957	卖盘
14:50:45	30.92	0.04	182	565217	买盘
14:50:42	30.88	-0.01	127	392176	卖盘
14:50:39	30.89	0.01	19	58691	买盘
14:50:36	30.88	--	46	144518	卖盘
14:50:33	30.88	--	5	17910	卖盘
14:50:30	30.88	--	4	12352	卖盘
14:50:27	30.88	--	36	111168	买盘
14:50:24	30.88	0.02	55	171692	买盘
14:50:21	30.86	0.01	20	61720	买盘
14:50:18	30.85	0.02	62	191270	卖盘
14:50:15	30.83	-0.02	31	95573	卖盘
14:50:12	30.85	0.02	21	66019	买盘
14:50:09	30.83	-0.02	16	49328	卖盘
14:50:06	30.85	0.04	45	141601	买盘
14:50:03	30.81	0.01	41	126321	买盘
14:50:00	30.8	0.02	23	70840	买盘
14:49:57	30.78	--	15	46170	卖盘
14:49:54	30.78	-0.03	49	150822	卖盘
14:49:51	30.81	0.01	36	113380	买盘
14:49:48	30.8	--	8	24640	卖盘
14:49:45	30.8	--	38	117040	卖盘
14:49:42	30.8	0.02	219	674520	买盘
14:49:39	30.78	-0.02	47	144666	卖盘
14:49:36	30.8	--	172	529760	买盘
14:49:33	30.8	0.02	36	111188	中性盘
14:49:30	30.78	-0.03	63	193914	卖盘
14:49:27	30.81	0.01	46	144498	买盘
14:49:24	30.8	--	74	229152	卖盘
14:49:21	30.8	-0.06	196	603680	卖盘
14:49:18	30.86	0.06	144	444384	买盘
14:49:15	30.8	-0.02	37	113960	卖盘
14:49:12	30.82	0.02	140	431480	买盘
14:49:09	30.8	--	4	12320	卖盘
14:49:06	30.8	-0.05	100	308616	卖盘
14:49:03	30.85	0.03	2	6170	买盘
14:49:00	30.82	-0.03	49	152250	卖盘
14:48:57	30.85	-0.01	86	265310	卖盘
14:48:54	30.86	-0.03	50	154300	卖盘
14:48:51	30.89	0.01	185	571465	买盘
14:48:48	30.88	-0.02	14	43232	卖盘
14:48:45	30.9	--	26	80340	买盘
14:48:42	30.9	--	23	71070	卖盘
14:48:39	30.9	--	84	259560	卖盘
14:48:36	30.9	--	57	176130	卖盘
14:48:33	30.9	-0.02	126	389340	卖盘
14:48:30	30.92	--	127	392684	卖盘
14:48:27	30.92	--	81	252307	卖盘
14:48:24	30.92	-0.01	36	113167	卖盘
14:48:21	30.93	--	47	145371	买盘
14:48:18	30.93	--	38	117534	买盘
14:48:15	30.93	-0.01	14	43302	卖盘
14:48:12	30.94	-0.01	16	49504	中性盘
14:48:09	30.95	0.02	37	114515	买盘
14:48:06	30.93	-0.02	23	71139	卖盘
14:48:03	30.95	--	14	43330	买盘
14:48:00	30.95	0.01	15	46425	买盘
14:47:57	30.94	0.03	17	52598	买盘
14:47:54	30.91	-0.03	33	102003	卖盘
14:47:51	30.94	0.03	5	15470	卖盘
14:47:48	30.91	-0.04	67	207097	卖盘
14:47:45	30.95	0.02	51	157845	买盘
14:47:42	30.93	0.02	10	30930	买盘
14:47:39	30.91	-0.04	44	136004	中性盘
14:47:36	30.95	0.05	34	107706	买盘
14:47:33	30.9	-0.04	8	24720	卖盘
14:47:30	30.94	0.08	33	102102	买盘
14:47:27	30.86	-0.08	61	188246	卖盘
14:47:24	30.94	0.04	54	167076	买盘
14:47:21	30.9	--	12	37080	买盘
14:47:18	30.9	--	83	258324	买盘
14:47:15	30.9	--	19	58710	买盘
14:47:12	30.9	--	86	265740	卖盘
14:47:09	30.9	0.05	31	95790	中性盘
14:47:06	30.85	--	48	148080	卖盘
14:47:03	30.85	0.02	24	74040	中性盘
14:47:00	30.83	-0.03	29	89407	卖盘
14:46:57	30.86	-0.04	38	117268	卖盘
14:46:54	30.9	0.05	21	64890	中性盘
14:46:51	30.85	-0.06	43	132655	卖盘
14:46:48	30.91	0.06	41	126731	买盘
14:46:45	30.85	-0.13	15	48126	卖盘
14:46:42	30.98	0.13	100	309800	买盘
14:46:39	30.85	-0.13	28	86380	卖盘
14:46:36	30.98	-0.02	26	80548	卖盘
14:46:33	31.0	0.02	21	65100	买盘
14:46:30	30.98	-0.02	60	185880	卖盘
14:46:27	31.0	-0.01	270	837000	卖盘
14:46:24	31.01	-0.01	74	231954	卖盘
14:46:21	31.02	-0.03	55	170610	卖盘
14:46:18	31.05	--	212	658260	买盘
14:46:15	31.05	-0.03	36	111780	中性盘
14:46:12	31.08	0.02	126	391608	买盘
14:46:09	31.06	-0.01	146	453476	卖盘
14:46:06	31.07	-0.01	77	239239	卖盘
14:46:03	31.08	0.01	49	152292	卖盘
14:46:00	31.07	-0.03	30	93210	卖盘
14:45:57	31.1	0.02	101	315354	买盘
14:45:54	31.08	0.01	27	83916	中性盘
14:45:51	31.07	-0.02	207	643149	卖盘
14:45:48	31.09	-0.06	116	360644	买盘
14:45:45	31.15	0.08	45	140175	买盘
14:45:42	31.07	-0.02	53	164671	中性盘
14:45:39	31.09	0.05	142	443343	中性盘
14:45:36	31.04	-0.05	65	201760	卖盘
14:45:33	31.09	0.05	61	189649	买盘
14:45:30	31.04	--	10	31040	卖盘
14:45:27	31.04	-0.05	29	91878	卖盘
14:45:24	31.09	0.07	30	93270	买盘
14:45:21	31.02	--	83	257466	卖盘
14:45:18	31.02	-0.04	77	238854	卖盘
14:45:15	31.06	0.02	30	95664	买盘
14:45:12	31.04	0.03	48	148992	买盘
14:45:09	31.01	0.03	146	452746	中性盘
14:45:06	30.98	-0.02	888	2751024	卖盘
14:45:03	31.0	-0.02	60	186000	中性盘
14:45:00	31.02	0.02	131	406362	买盘
14:44:57	31.0	0.01	57	176700	买盘
14:44:54	30.99	0.01	96	297504	买盘
14:44:51	30.98	-0.02	221	685897	卖盘
14:44:48	31.0	--	62	192200	卖盘
14:44:45	31.0	0.01	16	51460	买盘
14:44:42	30.99	-0.01	35	108465	买盘
14:44:39	31.0	0.03	204	632400	买盘
14:44:36	30.97	-0.03	68	213073	卖盘
14:44:33	31.0	0.01	77	239320	买盘
14:44:30	30.99	0.06	510	1580490	买盘
14:44:27	30.93	-0.04	25	77325	中性盘
14:44:24	30.97	--	89	275633	买盘
14:44:21	30.97	0.04	945	2927284	买盘
14:44:18	30.93	-0.04	10	30930	卖盘
14:44:15	30.97	0.07	50	154850	中性盘
14:44:12	30.9	--	101	312090	买盘
14:44:09	30.9	-0.03	233	719970	卖盘
14:44:06	30.93	0.04	111	343323	买盘
14:44:03	30.89	--	64	197696	卖盘
14:44:00	30.89	-0.01	81	252680	卖盘
14:43:57	30.9	0.01	32	98880	买盘
14:43:54	30.89	0.07	401	1239059	买盘
14:43:51	30.82	0.01	10	30820	中性盘
14:43:48	30.81	--	56	175000	卖盘
14:43:45	30.81	-0.02	318	982222	卖盘
14:43:42	30.83	0.03	38	117154	买盘
14:43:39	30.8	--	5	15400	卖盘
14:43:36	30.8	--	23	70840	卖盘
14:43:33	30.8	--	28	88704	卖盘
14:43:30	30.8	0.11	700	2157848	买盘
14:43:27	30.69	0.03	40	122760	买盘
14:43:24	30.66	-0.03	61	187026	卖盘
14:43:21	30.69	0.02	26	79794	买盘
14:43:18	30.67	0.01	47	144149	中性盘
14:43:15	30.66	--	103	315798	卖盘
14:43:12	30.66	--	23	71744	卖盘
14:43:09	30.66	0.01	250	768339	卖盘
14:43:06	30.65	0.1	1028	3152659	买盘
14:43:00	30.55	-0.01	10	30550	卖盘
14:42:57	30.56	-0.01	43	133852	卖盘
14:42:54	30.57	-0.03	132	403524	卖盘
14:42:51	30.6	--	4	12240	买盘
14:42:48	30.6	0.02	2	6120	买盘
14:42:45	30.58	-0.03	18	55044	卖盘
14:42:42	30.61	0.01	68	210596	买盘
14:42:39	30.6	-0.01	11	33660	卖盘
14:42:36	30.61	-0.01	45	138969	卖盘
14:42:33	30.62	0.01	9	27558	中性盘
14:42:30	30.61	-0.01	10	33058	卖盘
14:42:27	30.62	--	34	104108	卖盘
14:42:24	30.62	--	20	61240	卖盘
14:42:21	30.62	--	1	3062	卖盘
14:42:18	30.62	--	14	45317	买盘
14:42:15	30.62	-0.03	24	73488	中性盘
14:42:09	30.65	0.05	10	30650	买盘
14:42:06	30.6	-0.02	13	39780	卖盘
14:42:00	30.62	0.01	10	30620	买盘
14:41:57	30.61	-0.01	46	140806	卖盘
14:41:54	30.62	--	35	107170	卖盘
14:41:51	30.62	--	7	21434	卖盘
14:41:48	30.62	0.01	155	475222	买盘
14:41:45	30.61	0.03	1	3061	中性盘
14:41:39	30.58	-0.03	20	61160	卖盘
14:41:33	30.61	--	1	5509	买盘
14:41:30	30.61	--	2	6122	买盘
14:41:27	30.61	0.03	32	97952	买盘
14:41:24	30.58	-0.02	35	107030	卖盘
14:41:21	30.6	--	31	94860	卖盘
14:41:18	30.6	--	27	82620	卖盘
14:41:15	30.6	--	5	15300	卖盘
14:41:12	30.6	-0.01	8	24480	卖盘
14:41:09	30.61	0.01	7	21427	买盘
14:41:06	30.6	--	69	213588	卖盘
14:41:00	30.6	--	14	42840	卖盘
14:40:57	30.6	--	5	15300	卖盘
14:40:54	30.6	--	7	21420	卖盘
14:40:51	30.6	0.03	74	228276	买盘
14:40:48	30.57	-0.03	143	437151	卖盘
14:40:45	30.6	0.03	6	18360	买盘
14:40:39	30.57	--	12	36684	卖盘
14:40:36	30.57	--	6	18342	卖盘
14:40:33	30.57	-0.02	4	12228	卖盘
14:40:30	30.59	0.02	15	45885	买盘
14:40:27	30.57	--	2	6114	卖盘
14:40:24	30.57	--	26	80704	买盘
14:40:21	30.57	--	39	119223	买盘
14:40:18	30.57	0.01	17	53956	买盘
14:40:15	30.56	--	57	176636	卖盘
14:40:12	30.56	--	2	6112	卖盘
14:40:09	30.56	0.03	397	1215065	买盘
14:40:06	30.53	-0.01	5	15265	卖盘
14:40:03	30.54	--	2	6108	买盘
14:40:00	30.54	-0.01	4	12216	卖盘
14:39:57	30.55	--	4	12831	卖盘
14:39:54	30.55	--	27	84929	买盘
14:39:48	30.55	--	29	89206	卖盘
14:39:45	30.55	-0.01	20	61100	卖盘
14:39:42	30.56	--	107	326992	买盘
14:39:39	30.56	-0.01	11	33616	买盘
14:39:36	30.57	--	4	12228	买盘
14:39:33	30.57	--	41	125337	买盘
14:39:30	30.57	0.01	5	15285	买盘
14:39:27	30.56	-0.02	15	45840	卖盘
14:39:21	30.58	--	4	12232	买盘
14:39:18	30.58	--	1	3058	买盘
14:39:15	30.58	--	1	3058	买盘
14:39:12	30.58	-0.01	51	155958	卖盘
14:39:09	30.59	-0.01	24	73416	卖盘
14:39:06	30.6	--	22	67320	买盘
14:39:03	30.6	0.01	7	21420	买盘
14:39:00	30.59	-0.01	21	64239	买盘
14:38:57	30.6	--	3	9180	买盘
14:38:54	30.6	0.01	36	110160	买盘
14:38:51	30.59	-0.01	3	9177	卖盘
14:38:48	30.6	--	32	97920	买盘
14:38:45	30.6	--	7	21420	买盘
14:38:42	30.6	--	23	72063	卖盘
14:38:39	30.6	-0.01	16	50184	卖盘
14:38:36	30.61	0.01	46	140806	卖盘
14:38:33	30.6	-0.01	36	110160	卖盘
14:38:30	30.61	-0.01	64	196516	卖盘
14:38:27	30.62	--	62	189844	买盘
14:38:24	30.62	0.02	49	151875	买盘
14:38:21	30.6	--	52	159120	卖盘
14:38:18	30.6	-0.02	29	88740	卖盘
14:38:15	30.62	0.01	19	58178	买盘
14:38:12	30.61	-0.01	13	39793	买盘
14:38:09	30.62	--	36	110232	买盘
14:38:06	30.62	0.01	38	117121	买盘
14:38:03	30.61	--	19	58159	卖盘
14:38:00	30.61	-0.01	11	33671	中性盘
14:37:54	30.62	0.02	4	12248	中性盘
14:37:51	30.6	-0.02	17	52020	卖盘
14:37:48	30.62	--	51	156162	卖盘
14:37:45	30.62	-0.15	3	9186	卖盘
14:37:42	30.77	--	5	15385	买盘
14:37:39	30.77	-0.01	28	86156	中性盘
14:37:33	30.78	0.01	7	21546	买盘
14:37:27	30.77	-0.02	1	3077	中性盘
14:37:21	30.79	0.21	19	58501	卖盘
14:37:18	30.58	-0.22	24	74003	卖盘
14:37:15	30.8	--	70	215600	买盘
14:37:12	30.8	0.02	11	33880	买盘
14:37:09	30.78	-0.07	80	246240	中性盘
14:37:06	30.85	0.02	49	151165	买盘
14:37:03	30.83	0.03	11	33913	买盘
14:37:00	30.8	0.03	6	18480	买盘
14:36:57	30.77	-0.1	19	58463	卖盘
14:36:54	30.87	0.01	131	404397	买盘
14:36:51	30.86	0.02	84	259841	中性盘
14:36:48	30.84	-0.03	225	693900	卖盘
14:36:45	30.87	-0.01	34	104958	买盘
14:36:42	30.88	--	96	296448	买盘
14:36:39	30.88	--	23	71024	买盘
14:36:36	30.88	--	39	120432	买盘
14:36:33	30.88	--	19	58672	买盘
14:36:30	30.88	0.01	47	146371	买盘
14:36:27	30.87	-0.01	13	40131	中性盘
14:36:24	30.88	--	72	222336	买盘
14:36:21	30.88	0.03	9	27792	买盘
14:36:18	30.85	-0.03	35	107975	卖盘
14:36:15	30.88	0.03	50	154400	买盘
14:36:12	30.85	--	22	69104	买盘
14:36:09	30.85	0.05	7	21595	买盘
14:36:06	30.8	--	32	98560	买盘
14:36:03	30.8	0.03	48	147840	买盘
14:36:00	30.77	0.02	11	35693	中性盘
14:35:57	30.75	-0.03	7	21525	卖盘
14:35:54	30.78	0.01	14	44323	买盘
14:35:51	30.77	0.08	4	12308	买盘
14:35:48	30.69	-0.06	16	49104	中性盘
14:35:45	30.75	0.05	45	138375	买盘
14:35:42	30.7	0.04	58	178060	买盘
14:35:39	30.66	0.01	45	137970	买盘
14:35:36	30.65	0.05	249	763185	买盘
14:35:33	30.6	0.01	254	779688	买盘
14:35:30	30.59	-0.01	18	55673	买盘
14:35:27	30.6	--	19	58140	买盘
14:35:24	30.6	0.02	38	116280	买盘
14:35:21	30.58	0.01	3	9174	买盘
14:35:12	30.57	0.02	38	116166	买盘
14:35:09	30.55	0.01	34	106314	买盘
14:35:06	30.54	--	57	174078	卖盘
14:35:03	30.54	-0.01	6	18324	中性盘
14:35:00	30.55	0.02	71	216905	买盘
14:34:57	30.53	0.01	15	45795	中性盘
14:34:54	30.52	-0.02	10	30520	卖盘
14:34:51	30.54	0.04	23	70852	买盘
14:34:48	30.5	-0.01	34	104310	卖盘
14:34:45	30.51	0.01	17	51867	中性盘
14:34:42	30.5	-0.01	9	27450	卖盘
14:34:39	30.51	0.01	24	73224	买盘
14:34:30	30.5	0.05	228	696620	买盘
14:34:27	30.45	-0.03	41	124845	卖盘
14:34:21	30.48	-0.01	12	37795	卖盘
14:34:18	30.49	0.01	57	173793	买盘
14:34:15	30.48	-0.01	12	36576	卖盘
14:34:12	30.49	0.01	5	15245	买盘
14:34:06	30.48	--	9	27432	卖盘
14:34:03	30.48	--	22	68884	买盘
14:33:54	30.48	0.04	20	60960	买盘
14:33:45	30.44	0.02	8	24352	卖盘
14:33:42	30.42	-0.03	3	10951	卖盘
14:33:39	30.45	0.02	35	106575	买盘
14:33:36	30.43	-0.01	4	12172	卖盘
14:33:30	30.44	0.04	10	30440	买盘
14:33:27	30.4	-0.04	5	15200	卖盘
14:33:24	30.44	0.02	97	295268	买盘
14:33:18	30.42	0.02	13	40762	买盘
14:33:12	30.4	0.02	4	12160	买盘
14:33:09	30.38	--	7	23696	卖盘
14:33:06	30.38	-0.04	6	20658	卖盘
14:33:00	30.42	0.04	3	9126	买盘
14:32:57	30.38	--	11	33418	卖盘
14:32:54	30.38	-0.01	66	200508	卖盘
14:32:48	30.39	0.01	14	43761	买盘
14:32:39	30.38	0.01	23	69874	买盘
14:32:36	30.37	--	18	54666	买盘
14:32:33	30.37	--	38	115406	买盘
14:32:30	30.37	0.01	146	445831	卖盘
14:32:27	30.36	--	20	60720	卖盘
14:32:24	30.36	--	23	69828	卖盘
14:32:21	30.36	-0.02	27	81972	卖盘
14:32:18	30.38	--	7	21266	买盘
14:32:15	30.38	--	8	24304	买盘
14:32:12	30.38	0.02	24	72912	卖盘
14:32:06	30.36	-0.04	33	100188	卖盘
14:32:03	30.4	0.02	39	120384	买盘
14:31:57	30.38	0.02	16	48608	买盘
14:31:54	30.36	--	18	54648	卖盘
14:31:51	30.36	-0.02	22	66792	卖盘
14:31:48	30.38	0.01	30	91140	买盘
14:31:45	30.37	0.01	3	9111	卖盘
14:31:42	30.36	--	35	106260	卖盘
14:31:39	30.36	-0.02	10	30360	卖盘
14:31:30	30.38	--	57	173166	买盘
14:31:24	30.38	--	12	36456	卖盘
14:31:21	30.38	-0.02	16	48608	卖盘
14:31:18	30.4	0.02	15	45600	买盘
14:31:15	30.38	-0.02	12	36456	卖盘
14:31:09	30.4	--	3	9728	卖盘
14:31:06	30.4	--	6	18240	卖盘
14:31:03	30.4	-0.02	92	279680	卖盘
14:31:00	30.42	--	20	63273	买盘
14:30:57	30.42	--	7	21294	买盘
14:30:51	30.42	--	7	21294	买盘
14:30:48	30.42	--	19	57798	卖盘
14:30:45	30.42	-0.02	26	79092	卖盘
14:30:42	30.44	-0.01	5	15220	买盘
14:30:39	30.45	--	1	3045	买盘
14:30:36	30.45	--	6	18270	买盘
14:30:30	30.45	--	41	124845	卖盘
14:30:27	30.45	-0.03	40	121800	卖盘
14:30:15	30.48	--	9	28651	卖盘
14:30:12	30.48	--	3	10972	卖盘
14:30:09	30.48	-0.01	2	6096	卖盘
14:30:06	30.49	--	10	30490	买盘
14:30:03	30.49	--	10	30490	买盘
14:30:00	30.49	-0.01	1	3049	卖盘
14:29:51	30.5	--	81	248270	卖盘
14:29:48	30.5	--	4	12200	卖盘
14:29:45	30.5	--	13	39650	卖盘
14:29:39	30.5	-0.01	5	15250	卖盘
14:29:36	30.51	0.01	28	85428	买盘
14:29:33	30.5	--	74	225700	卖盘
14:29:30	30.5	--	65	198250	卖盘
14:29:27	30.5	0.01	117	358680	买盘
14:29:24	30.49	--	2	6098	卖盘
14:29:21	30.49	--	47	143303	卖盘
14:29:15	30.49	-0.01	6	18294	卖盘
14:29:12	30.5	0.01	5	15250	买盘
14:29:09	30.49	-0.01	5	15245	卖盘
14:29:06	30.5	--	50	152500	买盘
14:29:03	30.5	--	28	85400	买盘
14:28:57	30.5	--	15	45750	买盘
14:28:54	30.5	--	24	73200	买盘
14:28:51	30.5	--	2	6100	买盘
14:28:48	30.5	--	9	27450	买盘
14:28:45	30.5	0.01	58	178730	买盘
14:28:42	30.49	--	25	76834	卖盘
14:28:36	30.49	--	10	30490	买盘
14:28:33	30.49	--	41	125009	买盘
14:28:30	30.49	--	20	60980	卖盘
14:28:27	30.49	-0.01	3	9147	中性盘
14:28:24	30.5	0.03	13	39650	买盘
14:28:21	30.47	-0.03	5	15235	卖盘
14:28:18	30.5	0.04	139	423950	买盘
14:28:12	30.46	-0.03	21	63966	卖盘
14:28:09	30.49	--	4	12196	买盘
14:28:06	30.49	0.03	76	231724	买盘
14:28:03	30.46	--	25	76150	买盘
14:28:00	30.46	--	11	33506	买盘
14:27:57	30.46	--	35	106610	买盘
14:27:51	30.46	0.01	13	39598	买盘
14:27:45	30.45	--	1	3045	卖盘
14:27:42	30.45	--	90	275268	卖盘
14:27:39	30.45	0.02	30	93786	买盘
14:27:33	30.43	0.01	11	33473	买盘
14:27:30	30.42	0.05	1	3042	买盘
14:27:27	30.37	-0.05	1	3037	卖盘
14:27:24	30.42	0.04	4	12168	买盘
14:27:21	30.38	0.01	12	36456	中性盘
14:27:18	30.37	-0.01	31	94147	卖盘
14:27:12	30.38	0.02	22	66836	卖盘
14:27:09	30.36	-0.02	77	234379	卖盘
14:27:06	30.38	0.02	7	21266	买盘
14:27:03	30.36	--	10	30360	卖盘
14:27:00	30.36	--	19	57684	卖盘
14:26:54	30.36	--	5	15180	卖盘
14:26:51	30.36	0.01	29	88044	买盘
14:26:45	30.35	--	13	39455	卖盘
14:26:42	30.35	--	84	255547	买盘
14:26:36	30.35	--	12	36420	买盘
14:26:30	30.35	0.01	15	45525	买盘
14:26:27	30.34	--	12	36408	卖盘
14:26:24	30.34	--	11	35801	买盘
14:26:21	30.34	0.01	1	3034	买盘
14:26:18	30.33	-0.01	30	90990	卖盘
14:26:15	30.34	--	12	36408	买盘
14:26:12	30.34	0.02	34	103156	买盘
14:26:09	30.32	0.01	11	33352	买盘
14:26:06	30.31	-0.02	10	30310	卖盘
14:26:03	30.33	--	11	33363	买盘
14:26:00	30.33	-0.01	5	15165	买盘
14:25:57	30.34	-0.01	2	6068	买盘
14:25:54	30.35	0.01	62	188170	买盘
14:25:51	30.34	-0.01	23	69782	卖盘
14:25:48	30.35	--	20	60700	买盘
14:25:45	30.35	0.01	33	100155	买盘
14:25:42	30.34	--	7	21238	卖盘
14:25:39	30.34	0.01	15	47330	卖盘
14:25:36	30.33	0.02	25	75825	中性盘
14:25:33	30.31	-0.03	49	148519	卖盘
14:25:30	30.34	0.04	17	51578	买盘
14:25:27	30.3	-0.04	32	96960	卖盘
14:25:24	30.34	0.04	73	221482	买盘
14:25:21	30.3	--	66	199980	卖盘
14:25:18	30.3	--	21	64842	卖盘
14:25:15	30.3	--	22	68478	买盘
14:25:12	30.3	--	36	109080	买盘
14:25:09	30.3	0.01	124	375720	买盘
14:25:06	30.29	-0.01	5	15145	卖盘
14:25:03	30.3	0.01	100	303000	买盘
14:25:00	30.29	-0.01	15	45435	卖盘
14:24:57	30.3	-0.01	35	106050	卖盘
14:24:54	30.31	0.02	14	42434	买盘
14:24:51	30.29	-0.01	25	75725	卖盘
14:24:48	30.3	0.01	10	30300	卖盘
14:24:45	30.29	--	4	12116	买盘
14:24:42	30.29	-0.03	31	93899	卖盘
14:24:39	30.32	0.02	10	30320	买盘
14:24:36	30.3	--	3	9090	买盘
14:24:33	30.3	--	37	112110	买盘
14:24:30	30.3	-0.04	113	344208	卖盘
14:24:27	30.34	0.02	42	127428	买盘
14:24:24	30.32	0.01	1	3032	中性盘
14:24:21	30.31	0.01	38	115178	中性盘
14:24:18	30.3	-0.01	53	160590	卖盘
14:24:15	30.31	--	3	9093	卖盘
14:24:12	30.31	--	22	66682	买盘
14:24:09	30.31	0.01	14	42434	买盘
14:24:06	30.3	-0.02	67	203010	卖盘
14:24:03	30.32	0.02	14	42448	买盘
14:24:00	30.3	-0.01	125	378750	卖盘
14:23:57	30.31	--	30	90930	卖盘
14:23:54	30.31	--	38	116996	卖盘
14:23:51	30.31	--	8	24248	卖盘
14:23:48	30.31	0.01	4	12124	卖盘
14:23:45	30.3	--	14	42420	卖盘
14:23:42	30.3	-0.01	57	172710	卖盘
14:23:39	30.31	-0.04	10	30310	卖盘
14:23:36	30.35	0.03	4	12140	买盘
14:23:33	30.32	-0.03	9	27288	中性盘
14:23:27	30.35	0.05	20	60700	买盘
14:23:24	30.3	-0.05	48	145440	卖盘
14:23:21	30.35	0.04	8	24280	买盘
14:23:18	30.31	-0.01	6	18186	卖盘
14:23:15	30.32	0.01	22	66704	中性盘
14:23:12	30.31	0.01	4	12124	买盘
14:23:09	30.3	-0.01	14	42420	卖盘
14:23:06	30.31	--	7	21217	卖盘
14:23:03	30.31	--	3	9093	卖盘
14:23:00	30.31	0.01	15	45465	中性盘
14:22:57	30.3	-0.01	32	96960	卖盘
14:22:54	30.31	-0.01	41	124271	卖盘
14:22:51	30.32	0.02	55	168579	买盘
14:22:48	30.3	-0.01	31	95142	卖盘
14:22:45	30.31	0.01	24	72744	买盘
14:22:42	30.3	--	28	84840	卖盘
14:22:39	30.3	-0.01	13	41814	卖盘
14:22:36	30.31	0.01	53	160643	中性盘
14:22:33	30.3	--	25	75750	卖盘
14:22:30	30.3	--	51	154530	卖盘
14:22:27	30.3	-0.01	7	23634	卖盘
14:22:24	30.31	0.01	23	70319	买盘
14:22:18	30.3	-0.01	74	224220	卖盘
14:22:15	30.31	-0.01	66	202470	卖盘
14:22:12	30.32	--	10	30320	买盘
14:22:09	30.32	-0.03	156	474811	卖盘
14:22:06	30.35	0.01	32	97120	买盘
14:22:03	30.34	-0.01	24	72816	卖盘
14:22:00	30.35	-0.01	34	103190	卖盘
14:21:54	30.36	0.01	11	33396	买盘
14:21:51	30.35	-0.01	50	151750	卖盘
14:21:48	30.36	-0.01	16	48576	卖盘
14:21:45	30.37	--	1	3037	买盘
14:21:42	30.37	--	1	3037	买盘
14:21:39	30.37	--	20	60740	买盘
14:21:36	30.37	-0.01	1	3037	买盘
14:21:33	30.38	-0.02	1	3038	中性盘
14:21:24	30.4	0.01	13	39520	买盘
14:21:18	30.39	-0.01	1	3039	中性盘
14:21:15	30.4	--	24	72960	买盘
14:21:12	30.4	0.03	17	51680	买盘
14:21:09	30.37	-0.02	26	78962	卖盘
14:21:06	30.39	-0.03	4	12156	卖盘
14:21:03	30.42	0.02	3	9126	买盘
14:20:57	30.4	-0.03	152	464360	卖盘
14:20:51	30.43	--	3	9129	买盘
14:20:48	30.43	-0.02	18	54774	卖盘
14:20:45	30.45	0.02	9	27405	买盘
14:20:42	30.43	-0.02	7	21301	卖盘
14:20:36	30.45	0.02	36	109620	中性盘
14:20:33	30.43	--	7	21301	卖盘
14:20:30	30.43	-0.03	15	45645	卖盘
14:20:27	30.46	--	6	18276	买盘
14:20:24	30.46	0.01	11	33506	买盘
14:20:21	30.45	--	17	51765	卖盘
14:20:18	30.45	--	10	30450	卖盘
14:20:15	30.45	-0.01	16	48720	卖盘
14:20:12	30.46	0.01	31	94426	买盘
14:20:09	30.45	-0.01	8	24360	卖盘
14:20:06	30.46	0.01	2	6092	买盘
14:20:03	30.45	--	76	231420	卖盘
14:20:00	30.45	-0.01	19	57855	卖盘
14:19:54	30.46	--	12	36552	买盘
14:19:51	30.46	0.04	15	45690	买盘
14:19:48	30.42	--	7	22510	卖盘
14:19:45	30.42	-0.04	99	301158	卖盘
14:19:42	30.46	0.01	6	18276	买盘
14:19:39	30.45	--	17	51917	买盘
14:19:36	30.45	--	27	82215	买盘
14:19:33	30.45	0.03	2	6090	买盘
14:19:30	30.42	-0.03	4	12168	卖盘
14:19:27	30.45	0.03	9	27405	买盘
14:19:24	30.42	-0.03	19	57798	卖盘
14:19:21	30.45	0.04	3	9135	买盘
14:19:18	30.41	--	27	84539	卖盘
14:19:12	30.41	--	5	15205	卖盘
14:19:09	30.41	--	41	124681	卖盘
14:19:06	30.41	0.01	34	104610	买盘
14:19:03	30.4	--	11	33440	卖盘
14:18:57	30.4	0.01	1	3040	中性盘
14:18:54	30.39	-0.02	4	12156	卖盘
14:18:51	30.41	0.02	6	18246	买盘
14:18:48	30.39	--	33	100287	卖盘
14:18:45	30.39	--	3	9117	卖盘
14:18:42	30.39	0.01	9	27351	买盘
14:18:39	30.38	0.02	10	30380	买盘
14:18:36	30.36	-0.03	21	63756	卖盘
14:18:33	30.39	0.01	3	11548	买盘
14:18:30	30.38	0.02	1	3038	中性盘
14:18:21	30.36	-0.02	13	39468	卖盘
14:18:18	30.38	0.03	2	6076	买盘
14:18:15	30.35	-0.01	13	41276	卖盘
14:18:12	30.36	0.01	28	85008	买盘
14:18:09	30.35	0.01	5	15175	卖盘
14:18:03	30.34	--	3	9102	卖盘
14:18:00	30.34	-0.01	19	57646	卖盘
14:17:57	30.35	0.01	6	18210	买盘
14:17:54	30.34	-0.01	9	27306	中性盘
14:17:51	30.35	0.02	55	166925	买盘
14:17:48	30.33	0.01	25	75825	买盘
14:17:45	30.32	--	1	3032	卖盘
14:17:39	30.32	--	65	199505	卖盘
14:17:36	30.32	--	1	4851	卖盘
14:17:33	30.32	--	29	87928	买盘
14:17:30	30.32	0.01	30	90960	买盘
14:17:27	30.31	--	2	7880	卖盘
14:17:21	30.31	--	19	58801	卖盘
14:17:18	30.31	--	10	30916	买盘
14:17:15	30.31	0.01	36	109116	买盘
14:17:12	30.3	--	23	69690	卖盘
14:17:09	30.3	0.01	12	36360	买盘
14:17:06	30.29	-0.01	5	15145	卖盘
14:17:03	30.3	--	17	52722	中性盘
14:17:00	30.3	0.01	27	83628	买盘
14:16:57	30.29	-0.01	14	43617	卖盘
14:16:54	30.3	--	34	103020	卖盘
14:16:51	30.3	0.01	39	119988	买盘
14:16:48	30.29	-0.01	27	81783	卖盘
14:16:45	30.3	--	4	12120	买盘
14:16:42	30.3	--	34	103020	买盘
14:16:39	30.3	--	8	24240	买盘
14:16:36	30.3	0.01	20	60600	买盘
14:16:33	30.29	-0.01	7	21203	卖盘
14:16:30	30.3	0.01	41	124230	买盘
14:16:27	30.29	-0.01	16	48464	卖盘
14:16:24	30.3	-0.01	17	51510	卖盘
14:16:21	30.31	--	192	583164	卖盘
14:16:18	30.31	--	4	14548	卖盘
14:16:15	30.31	0.02	111	338865	买盘
14:16:12	30.29	0.01	44	133276	中性盘
14:16:09	30.28	-0.03	23	69644	卖盘
14:16:06	30.31	--	28	84868	中性盘
14:16:03	30.31	0.03	8	24248	中性盘
14:16:00	30.28	-0.03	13	39364	卖盘
14:15:57	30.31	0.01	46	141487	买盘
14:15:54	30.3	--	5	15150	买盘
14:15:51	30.3	-0.05	60	182769	卖盘
14:15:48	30.35	0.04	10	30350	买盘
14:15:45	30.31	-0.04	41	124271	卖盘
14:15:42	30.35	--	27	81945	买盘
14:15:39	30.35	--	11	33385	买盘
14:15:36	30.35	-0.01	203	616105	中性盘
14:15:33	30.36	--	27	81972	买盘
14:15:30	30.36	--	164	499118	买盘
14:15:24	30.36	0.01	51	154836	买盘
14:15:21	30.35	--	1	3035	卖盘
14:15:18	30.35	-0.02	10	30350	卖盘
14:15:15	30.37	--	7	21259	买盘
14:15:12	30.37	--	1	3037	买盘
14:15:09	30.37	--	49	148813	买盘
14:15:06	30.37	0.01	11	33407	买盘
14:15:03	30.36	-0.04	52	158479	卖盘
14:15:00	30.4	--	7	21280	卖盘
14:14:57	30.4	-0.01	45	136800	卖盘
14:14:54	30.41	0.01	9	27369	买盘
14:14:51	30.4	-0.01	14	42560	卖盘
14:14:48	30.41	--	32	97312	卖盘
14:14:45	30.41	-0.01	11	33451	卖盘
14:14:42	30.42	0.01	1	3042	买盘
14:14:39	30.41	-0.01	1	3041	卖盘
14:14:36	30.42	--	11	34678	卖盘
14:14:30	30.42	-0.02	16	50497	卖盘
14:14:27	30.44	-0.02	2	8371	卖盘
14:14:24	30.46	--	23	70058	买盘
14:14:18	30.46	--	11	35333	卖盘
14:14:15	30.46	--	10	30460	卖盘
14:14:12	30.46	--	150	458118	卖盘
14:14:09	30.46	--	5	15230	卖盘
14:14:06	30.46	--	20	60920	卖盘
14:14:03	30.46	--	15	45690	卖盘
14:13:54	30.46	--	20	60920	卖盘
14:13:51	30.46	-0.02	40	121840	卖盘
14:13:45	30.48	0.02	11	33528	中性盘
14:13:39	30.46	-0.04	40	121840	卖盘
14:13:36	30.5	0.04	76	231800	买盘
14:13:33	30.46	-0.02	16	48736	卖盘
14:13:27	30.48	--	2	6096	买盘
14:13:24	30.48	--	19	57912	买盘
14:13:21	30.48	-0.01	5	15240	卖盘
14:13:15	30.49	--	10	30490	买盘
14:13:12	30.49	--	7	21343	买盘
14:13:09	30.49	-0.01	18	54882	卖盘
14:13:06	30.5	--	7	21350	买盘
14:13:03	30.5	--	32	97600	买盘
14:13:00	30.5	--	19	57950	买盘
14:12:54	30.5	0.01	14	42700	买盘
14:12:51	30.49	0.01	27	84762	中性盘
14:12:48	30.48	-0.01	35	106680	卖盘
14:12:45	30.49	--	1	3049	买盘
14:12:42	30.49	0.03	3	9147	买盘
14:12:39	30.46	--	2	6092	卖盘
14:12:36	30.46	--	2	6092	卖盘
14:12:33	30.46	-0.02	3	9138	中性盘
14:12:30	30.48	0.02	12	36576	买盘
14:12:24	30.46	--	2	6092	卖盘
14:12:21	30.46	0.01	4	12184	卖盘
14:12:18	30.45	--	34	103530	卖盘
14:12:12	30.45	-0.01	9	28166	买盘
14:12:09	30.46	0.01	20	60920	买盘
14:12:00	30.45	0.04	7	21315	买盘
14:11:51	30.41	-0.05	5	15205	卖盘
14:11:48	30.46	0.06	6	18276	买盘
14:11:42	30.4	--	9	27360	卖盘
14:11:39	30.4	--	2	6080	卖盘
14:11:36	30.4	-0.06	7	21280	卖盘
14:11:33	30.46	0.05	19	57874	买盘
14:11:30	30.41	--	60	182460	买盘
14:11:27	30.41	-0.03	40	122856	卖盘
14:11:21	30.44	0.04	17	53574	买盘
14:11:15	30.4	0.03	2	6080	卖盘
14:11:12	30.37	-0.04	77	235063	卖盘
14:11:06	30.41	--	14	42574	卖盘
14:11:03	30.41	0.04	2	7298	买盘
14:11:00	30.37	-0.04	3	9111	卖盘
14:10:54	30.41	0.04	6	18246	买盘
14:10:39	30.37	0.02	17	51629	买盘
14:10:36	30.35	--	43	130505	买盘
14:10:33	30.35	--	26	78910	买盘
14:10:30	30.35	-0.02	15	45525	卖盘
14:10:27	30.37	--	13	39481	买盘
14:10:18	30.37	--	2	6074	买盘
14:10:15	30.37	0.04	11	33407	买盘
14:10:12	30.33	0.02	344	1044201	买盘
14:10:09	30.31	-0.06	118	359840	卖盘
14:10:06	30.37	0.02	102	310381	买盘
14:10:03	30.35	-0.02	10	30350	中性盘
14:10:00	30.37	0.02	100	303700	买盘
14:09:54	30.35	0.04	29	88015	中性盘
14:09:51	30.31	-0.06	91	276063	卖盘
14:09:48	30.37	0.01	2	6074	买盘
14:09:45	30.36	-0.01	2	6072	卖盘
14:09:42	30.37	--	3	9111	买盘
14:09:39	30.37	--	10	30370	买盘
14:09:36	30.37	--	44	133628	卖盘
14:09:33	30.37	-0.01	41	124517	卖盘
14:09:21	30.38	-0.02	16	48608	卖盘
14:09:18	30.4	--	5	15200	买盘
14:09:15	30.4	--	34	103360	买盘
14:09:12	30.4	-0.01	54	164160	卖盘
14:09:09	30.41	--	40	122248	卖盘
14:09:06	30.41	--	0	2432	卖盘
14:09:00	30.41	-0.01	21	63861	卖盘
14:08:57	30.42	-0.02	6	18252	卖盘
14:08:54	30.44	-0.01	45	138197	卖盘
14:08:51	30.45	--	41	126672	买盘
14:08:42	30.45	--	10	30450	买盘
14:08:39	30.45	-0.04	96	293538	卖盘
14:08:33	30.49	--	29	88421	买盘
14:08:30	30.49	--	10	30490	买盘
14:08:24	30.49	-0.01	43	131107	卖盘
14:08:18	30.5	--	6	18300	买盘
14:08:12	30.5	-0.01	88	268400	卖盘
14:08:09	30.51	0.01	1	3051	卖盘
14:08:06	30.5	-0.04	6	18300	卖盘
14:08:03	30.54	--	2	6108	买盘
14:08:00	30.54	0.04	53	161862	买盘
14:07:57	30.5	--	12	36600	卖盘
14:07:54	30.5	--	10	30500	卖盘
14:07:51	30.5	--	100	305000	卖盘
14:07:48	30.5	-0.05	98	300730	卖盘
14:07:42	30.55	--	8	24440	买盘
14:07:39	30.55	--	7	21385	买盘
14:07:36	30.55	-0.02	89	273117	卖盘
14:07:30	30.57	-0.01	160	489120	卖盘
14:07:27	30.58	--	32	100302	卖盘
14:07:24	30.58	-0.02	10	31191	卖盘
14:07:21	30.6	-0.01	15	45900	中性盘
14:07:18	30.61	0.03	6	18366	买盘
14:07:15	30.58	-0.03	10	30580	卖盘
14:07:12	30.61	0.01	40	122440	买盘
14:07:09	30.6	--	4	12240	买盘
14:07:06	30.6	--	79	242964	卖盘
14:07:03	30.6	-0.02	29	88740	卖盘
14:07:00	30.62	-0.01	1	3062	中性盘
14:06:57	30.63	0.01	10	30630	买盘
14:06:51	30.62	-0.01	3	11635	卖盘
14:06:45	30.63	0.01	5	15315	买盘
14:06:39	30.62	-0.01	36	110232	卖盘
14:06:36	30.63	--	4	12252	买盘
14:06:33	30.63	0.01	13	39819	中性盘
14:06:27	30.62	-0.03	52	159224	卖盘
14:06:24	30.65	0.03	1	3065	买盘
14:06:21	30.62	--	11	33682	卖盘
14:06:18	30.62	-0.03	20	61240	卖盘
14:06:12	30.65	--	10	31876	卖盘
14:06:09	30.65	0.03	30	93789	买盘
14:06:06	30.62	--	7	21434	卖盘
14:06:03	30.62	--	3	9186	卖盘
14:06:00	30.62	-0.03	10	30620	卖盘
14:05:57	30.65	--	52	159993	买盘
14:05:54	30.65	0.03	20	61300	买盘
14:05:51	30.62	--	1	3062	卖盘
14:05:48	30.62	--	10	30620	卖盘
14:05:45	30.62	--	5	15310	卖盘
14:05:42	30.62	-0.03	26	79612	卖盘
14:05:39	30.65	0.04	21	64365	买盘
14:05:36	30.61	-0.04	5	15305	卖盘
14:05:33	30.65	--	8	24520	买盘
14:05:30	30.65	0.03	18	55170	买盘
14:05:24	30.62	-0.03	72	221688	卖盘
14:05:21	30.65	0.03	2	6130	中性盘
14:05:18	30.62	-0.04	12	36744	卖盘
14:05:15	30.66	0.04	11	33726	买盘
14:05:12	30.62	-0.04	2	6124	卖盘
14:05:09	30.66	0.01	20	61320	买盘
14:05:06	30.65	--	1	3065	卖盘
14:05:03	30.65	-0.01	4	12260	中性盘
14:04:57	30.66	0.04	36	110376	买盘
14:04:54	30.62	--	17	53891	买盘
14:04:51	30.62	--	14	42868	买盘
14:04:48	30.62	-0.04	27	83898	卖盘
14:04:45	30.66	--	5	15330	卖盘
14:04:39	30.66	0.04	10	30660	中性盘
14:04:30	30.62	-0.04	85	260270	卖盘
14:04:27	30.66	0.01	1	3066	买盘
14:04:21	30.65	--	5	15325	卖盘
14:04:18	30.65	0.02	1	3065	买盘
14:04:15	30.63	0.01	9	27567	卖盘
14:04:12	30.62	--	1	3062	卖盘
14:04:09	30.62	--	7	21434	卖盘
14:04:06	30.62	--	12	36744	卖盘
14:04:03	30.62	--	3	9186	卖盘
14:04:00	30.62	--	23	71650	卖盘
14:03:57	30.62	0.02	21	64914	买盘
14:03:54	30.6	--	30	93024	卖盘
14:03:48	30.6	--	1	3060	卖盘
14:03:45	30.6	--	52	159732	买盘
14:03:42	30.6	0.01	4	12240	买盘
14:03:39	30.59	-0.01	2	6118	中性盘
14:03:33	30.6	--	16	48960	买盘
14:03:24	30.6	0.02	1	3060	买盘
14:03:21	30.58	-0.02	4	12232	卖盘
14:03:18	30.6	0.02	1	3060	买盘
14:03:15	30.58	-0.02	6	18348	卖盘
14:03:09	30.6	-0.02	4	12240	中性盘
14:03:03	30.62	0.04	18	55116	买盘
14:03:00	30.58	-0.02	14	45258	卖盘
14:02:57	30.6	--	5	16524	卖盘
14:02:54	30.6	--	16	51408	买盘
14:02:51	30.6	--	8	24480	买盘
14:02:48	30.6	0.02	1	3060	买盘
14:02:45	30.58	--	13	39754	卖盘
14:02:42	30.58	-0.02	5	15290	卖盘
14:02:36	30.6	0.02	1	3060	买盘
14:02:33	30.58	0.01	5	15290	买盘
14:02:30	30.57	--	4	12228	卖盘
14:02:27	30.57	--	11	33627	卖盘
14:02:24	30.57	0.02	36	111886	买盘
14:02:18	30.55	-0.01	12	36660	卖盘
14:02:15	30.56	-0.01	3	9168	卖盘
14:02:09	30.57	--	3	9171	买盘
14:02:06	30.57	--	6	18342	卖盘
14:02:00	30.57	-0.01	14	42798	卖盘
14:01:57	30.58	--	10	30580	卖盘
14:01:54	30.58	-0.01	5	15290	中性盘
14:01:45	30.59	--	5	15295	买盘
14:01:42	30.59	-0.01	1	3059	卖盘
14:01:39	30.6	--	3	9180	买盘
14:01:33	30.6	--	10	30600	买盘
14:01:30	30.6	--	15	45900	买盘
14:01:27	30.6	--	11	33660	买盘
14:01:21	30.6	-0.02	38	116280	卖盘
14:01:15	30.62	0.01	18	55116	中性盘
14:01:09	30.61	-0.03	12	36732	卖盘
14:01:06	30.64	-0.01	1	3064	买盘
14:00:48	30.65	-0.01	2	6130	卖盘
14:00:45	30.66	--	6	18396	买盘
14:00:36	30.66	--	4	12264	买盘
14:00:33	30.66	-0.01	4	12264	卖盘
14:00:24	30.67	--	62	190154	买盘
14:00:21	30.67	-0.01	21	64407	卖盘
14:00:15	30.68	-0.01	2	6136	中性盘
14:00:12	30.69	--	8	24552	买盘
14:00:09	30.69	0.01	7	21483	买盘
14:00:06	30.68	--	10	30680	买盘
14:00:03	30.68	-0.01	18	55224	卖盘
14:00:00	30.69	--	5	15345	卖盘
13:59:51	30.69	--	7	21483	卖盘
13:59:48	30.69	0.03	14	42966	买盘
13:59:45	30.66	-0.02	50	153300	卖盘
13:59:42	30.68	--	3	9204	买盘
13:59:39	30.68	--	11	36202	卖盘
13:59:30	30.68	-0.01	59	181625	卖盘
13:59:27	30.69	-0.01	8	24552	中性盘
13:59:24	30.7	--	1	3070	买盘
13:59:21	30.7	--	7	21490	买盘
13:59:18	30.7	-0.03	109	337086	卖盘
13:59:15	30.73	0.01	6	18438	买盘
13:59:12	30.72	0.02	44	135782	买盘
13:59:09	30.7	-0.02	32	98240	卖盘
13:59:03	30.72	--	5	15360	买盘
13:59:00	30.72	--	8	24576	买盘
13:58:57	30.72	--	3	9216	买盘
13:58:54	30.72	0.04	12	36864	买盘
13:58:51	30.68	--	5	15340	买盘
13:58:48	30.68	-0.01	24	73632	中性盘
13:58:45	30.69	-0.03	6	18414	中性盘
13:58:42	30.72	0.03	14	43008	买盘
13:58:39	30.69	--	2	6138	买盘
13:58:36	30.69	-0.03	5	15345	中性盘
13:58:33	30.72	0.09	54	165888	买盘
13:58:30	30.63	-0.07	45	137835	中性盘
13:58:27	30.7	--	30	92100	买盘
13:58:24	30.7	--	55	168850	买盘
13:58:21	30.7	0.01	52	159640	买盘
13:58:18	30.69	0.13	33	101277	买盘
13:58:15	30.56	--	14	42784	卖盘
13:58:12	30.56	--	163	498739	卖盘
13:58:09	30.56	--	94	287264	卖盘
13:58:06	30.56	-0.01	21	64176	中性盘
13:58:03	30.57	0.02	39	119223	买盘
13:58:00	30.55	0.02	10	30550	中性盘
13:57:51	30.53	-0.01	21	64113	卖盘
13:57:45	30.54	-0.02	13	42145	卖盘
13:57:42	30.56	0.04	29	89235	买盘
13:57:39	30.52	-0.03	2	6104	卖盘
13:57:30	30.55	0.02	5	15275	买盘
13:57:24	30.53	-0.03	23	70219	卖盘
13:57:21	30.56	0.05	6	18336	中性盘
13:57:06	30.51	-0.05	26	81766	卖盘
13:57:03	30.56	0.05	2	6112	买盘
13:57:00	30.51	--	32	98242	卖盘
13:56:54	30.51	--	1	3051	卖盘
13:56:48	30.51	-0.06	6	18306	卖盘
13:56:27	30.57	0.06	52	158964	买盘
13:56:21	30.51	0.01	3	9153	中性盘
13:56:18	30.5	--	27	82960	卖盘
13:56:12	30.5	-0.01	1	3050	卖盘
13:56:03	30.51	-0.06	28	87868	卖盘
13:56:00	30.57	0.05	26	79482	买盘
13:55:57	30.52	-0.05	1	3052	中性盘
13:55:54	30.57	0.06	4	12228	买盘
13:55:51	30.51	--	5	15255	卖盘
13:55:45	30.51	--	5	15255	卖盘
13:55:39	30.51	-0.01	37	113497	卖盘
13:55:33	30.52	-0.05	30	91560	卖盘
13:55:27	30.57	0.04	18	55026	买盘
13:55:24	30.53	0.02	4	12212	中性盘
13:55:15	30.51	-0.02	2	6102	卖盘
13:55:06	30.53	0.02	17	51901	中性盘
13:55:03	30.51	-0.05	65	198315	卖盘
13:54:57	30.56	-0.02	3	9168	中性盘
13:54:51	30.58	--	33	100914	买盘
13:54:48	30.58	--	4	12232	买盘
13:54:45	30.58	--	12	36696	买盘
13:54:42	30.58	0.08	2	6116	卖盘
13:54:39	30.5	-0.08	25	76860	卖盘
13:54:36	30.58	--	3	9174	卖盘
13:54:27	30.58	0.08	6	18348	买盘
13:54:24	30.5	--	1	3050	卖盘
13:54:18	30.5	--	20	61000	卖盘
13:54:15	30.5	--	8	24400	卖盘
13:54:12	30.5	0.02	2	6100	买盘
13:54:09	30.48	--	31	94488	卖盘
13:54:06	30.48	--	12	36576	卖盘
13:54:00	30.48	--	5	15240	卖盘
13:53:57	30.48	--	15	46329	卖盘
13:53:54	30.48	--	26	81686	买盘
13:53:51	30.48	--	6	18288	买盘
13:53:48	30.48	--	2	6096	买盘
13:53:42	30.48	--	2	6096	买盘
13:53:39	30.48	--	5	15240	买盘
13:53:36	30.48	-0.03	51	155448	卖盘
13:53:33	30.51	0.01	8	24408	卖盘
13:53:30	30.5	--	11	33550	卖盘
13:53:27	30.5	--	1	3050	卖盘
13:53:24	30.5	--	5	15250	卖盘
13:53:21	30.5	0.02	1	3050	卖盘
13:53:18	30.48	-0.02	22	67056	卖盘
13:53:15	30.5	--	11	33550	买盘
13:53:12	30.5	--	17	51850	买盘
13:53:09	30.5	--	119	362950	卖盘
13:53:03	30.5	--	16	48800	卖盘
13:53:00	30.5	-0.01	2	6100	卖盘
13:52:54	30.51	0.05	1	3051	中性盘
13:52:48	30.46	-0.04	65	197990	卖盘
13:52:45	30.5	--	24	75030	买盘
13:52:39	30.5	--	104	317200	买盘
13:52:36	30.5	--	3	9150	买盘
13:52:30	30.5	--	22	68320	卖盘
13:52:24	30.5	--	2	7930	买盘
13:52:21	30.5	0.04	16	48800	买盘
13:52:18	30.46	-0.1	95	290588	卖盘
13:52:15	30.56	0.06	3	11001	中性盘
13:52:12	30.5	--	31	94550	卖盘
13:52:06	30.5	-0.06	41	125050	卖盘
13:52:03	30.56	0.06	3	9168	买盘
13:51:54	30.5	-0.06	21	64050	卖盘
13:51:48	30.56	--	10	30560	卖盘
13:51:45	30.56	--	15	45840	卖盘
13:51:39	30.56	-0.12	8	24448	卖盘
13:51:36	30.68	-0.02	1	3068	买盘
13:51:33	30.7	--	3	9210	买盘
13:51:30	30.7	--	1	3070	买盘
13:51:24	30.7	-0.02	80	245600	卖盘
13:51:18	30.72	--	2	6144	卖盘
13:51:15	30.72	-0.01	9	27648	卖盘
13:51:12	30.73	-0.03	3	9219	卖盘
13:51:09	30.76	0.01	15	46140	买盘
13:51:06	30.75	0.02	1	3075	买盘
13:51:03	30.73	-0.04	10	30730	卖盘
13:50:57	30.77	0.01	8	24616	买盘
13:50:54	30.76	0.04	18	55368	买盘
13:50:48	30.72	--	17	52224	中性盘
13:50:42	30.72	-0.05	36	110592	卖盘
13:50:39	30.77	0.07	21	64617	买盘
13:50:36	30.7	--	6	18420	卖盘
13:50:33	30.7	-0.05	5	15350	卖盘
13:50:30	30.75	0.03	21	64575	中性盘
13:50:27	30.72	0.02	15	47923	买盘
13:50:18	30.7	0.14	14	42980	买盘
13:50:09	30.56	-0.08	20	61120	卖盘
13:50:06	30.64	0.04	4	12256	买盘
13:50:00	30.6	--	10	30600	卖盘
13:49:54	30.6	0.04	43	132192	买盘
13:49:51	30.56	--	9	27504	买盘
13:49:48	30.56	--	13	39728	买盘
13:49:45	30.56	--	58	177248	买盘
13:49:42	30.56	--	60	183360	买盘
13:49:39	30.56	--	6	18336	买盘
13:49:36	30.56	--	6	18336	买盘
13:49:33	30.56	0.01	32	98403	买盘
13:49:30	30.55	--	9	27495	卖盘
13:49:27	30.55	-0.01	3	9165	卖盘
13:49:21	30.56	0.01	14	42784	买盘
13:49:18	30.55	-0.01	1	3055	卖盘
13:49:15	30.56	0.01	106	323936	买盘
13:49:06	30.55	--	2	6110	卖盘
13:49:03	30.55	0.05	29	91039	买盘
13:48:54	30.5	-0.02	33	100650	卖盘
13:48:48	30.52	--	15	45780	卖盘
13:48:42	30.52	-0.04	23	70196	卖盘
13:48:39	30.56	0.01	2	6112	买盘
13:48:36	30.55	--	1	3055	买盘
13:48:33	30.55	-0.01	1	3055	买盘
13:48:30	30.56	0.01	5	15280	买盘
13:48:27	30.55	0.05	1	3055	买盘
13:48:24	30.5	--	10	30500	卖盘
13:48:21	30.5	--	5	15250	卖盘
13:48:12	30.5	0.06	12	36600	中性盘
13:48:06	30.44	-0.02	308	937552	卖盘
13:48:03	30.46	0.01	40	121840	买盘
13:48:00	30.45	0.01	10	30450	买盘
13:47:57	30.44	-0.01	27	82188	卖盘
13:47:54	30.45	--	5	15225	买盘
13:47:51	30.45	--	9	27405	买盘
13:47:48	30.45	--	42	127890	卖盘
13:47:45	30.45	-0.01	5	15225	卖盘
13:47:42	30.46	--	41	124886	买盘
13:47:39	30.46	--	3	9138	买盘
13:47:33	30.46	--	18	54828	买盘
13:47:30	30.46	--	4	12184	买盘
13:47:27	30.46	--	3	9747	卖盘
13:47:24	30.46	-0.02	60	182760	卖盘
13:47:21	30.48	--	7	21336	卖盘
13:47:18	30.48	-0.02	6	20726	卖盘
13:47:15	30.5	0.04	10	30500	买盘
13:47:12	30.46	--	13	39598	买盘
13:47:09	30.46	-0.09	2	6092	卖盘
13:47:03	30.55	0.1	10	30550	买盘
13:47:00	30.45	-0.1	52	158340	卖盘
13:46:51	30.55	--	42	128310	买盘
13:46:48	30.55	-0.01	55	168025	卖盘
13:46:45	30.56	--	36	110016	买盘
13:46:42	30.56	0.01	16	48896	买盘
13:46:39	30.55	-0.01	7	21385	卖盘
13:46:36	30.56	--	5	15280	买盘
13:46:33	30.56	--	59	180304	卖盘
13:46:30	30.56	--	21	66009	卖盘
13:46:27	30.56	--	23	70288	卖盘
13:46:21	30.56	--	1	3056	卖盘
13:46:15	30.56	0.01	8	25670	买盘
13:46:12	30.55	0.02	104	319553	买盘
13:46:06	30.53	0.03	5	15265	中性盘
13:46:03	30.5	--	1	3050	卖盘
13:46:00	30.5	-0.01	108	329400	卖盘
13:45:54	30.51	0.01	2	6102	买盘
13:45:48	30.5	--	38	118340	卖盘
13:45:42	30.5	0.06	152	465430	买盘
13:45:39	30.44	--	3	9132	买盘
13:45:33	30.44	0.04	32	99843	买盘
13:45:30	30.4	-0.04	1	3040	卖盘
13:45:27	30.44	0.07	3	9132	买盘
13:45:24	30.37	-0.03	54	163998	卖盘
13:45:18	30.4	-0.05	10	30400	卖盘
13:45:15	30.45	0.06	10	30450	买盘
13:45:09	30.39	0.02	24	72936	买盘
13:45:06	30.37	-0.07	51	154887	卖盘
13:45:03	30.44	0.04	8	25569	买盘
13:45:00	30.4	0.03	39	120992	买盘
13:44:57	30.37	-0.03	2	8503	卖盘
13:44:54	30.4	0.03	2	6080	买盘
13:44:51	30.37	0.07	1	3037	卖盘
13:44:48	30.3	--	84	254520	中性盘
13:44:45	30.3	-0.07	4	12120	卖盘
13:44:42	30.37	0.15	110	334070	买盘
13:44:39	30.22	--	12	36264	卖盘
13:44:36	30.22	-0.08	18	56209	卖盘
13:44:33	30.3	0.01	28	84840	买盘
13:44:30	30.29	0.08	40	121160	买盘
13:44:27	30.21	--	24	72504	买盘
13:44:24	30.21	-0.08	160	483360	卖盘
13:44:21	30.29	0.07	41	124189	买盘
13:44:18	30.22	--	55	166210	买盘
13:44:15	30.22	--	41	123902	买盘
13:44:12	30.22	0.01	50	151100	买盘
13:44:09	30.21	-0.04	62	187906	卖盘
13:44:06	30.25	-0.02	30	93170	买盘
13:44:03	30.27	0.07	30	90810	买盘
13:44:00	30.2	-0.04	251	759228	卖盘
13:43:57	30.24	--	17	51408	卖盘
13:43:54	30.24	--	21	65923	卖盘
13:43:51	30.24	0.03	52	159667	买盘
13:43:48	30.21	--	45	136549	卖盘
13:43:45	30.21	0.01	39	120235	中性盘
13:43:42	30.2	-0.01	41	123820	卖盘
13:43:39	30.21	--	10	30210	卖盘
13:43:36	30.21	--	8	24168	卖盘
13:43:33	30.21	-0.01	38	114798	买盘
13:43:30	30.22	-0.03	52	157144	卖盘
13:43:27	30.25	--	45	136125	买盘
13:43:24	30.25	0.04	4	12100	买盘
13:43:21	30.21	-0.04	16	48336	卖盘
13:43:18	30.25	--	40	121000	买盘
13:43:15	30.25	--	13	39325	买盘
13:43:12	30.25	-0.03	22	67760	卖盘
13:43:09	30.28	0.02	231	699468	买盘
13:43:06	30.26	-0.02	33	99858	卖盘
13:43:03	30.28	-0.01	9	27252	中性盘
13:43:00	30.29	--	10	30290	买盘
13:42:57	30.29	--	123	372567	买盘
13:42:54	30.29	--	15	45435	买盘
13:42:51	30.29	0.01	3	9087	买盘
13:42:48	30.28	-0.01	17	51476	卖盘
13:42:45	30.29	-0.01	39	118131	卖盘
13:42:42	30.3	--	16	48480	买盘
13:42:39	30.3	--	2	6060	买盘
13:42:36	30.3	--	7	21210	买盘
13:42:33	30.3	--	37	114534	买盘
13:42:30	30.3	-0.02	45	136350	卖盘
13:42:27	30.32	0.01	22	66704	买盘
13:42:24	30.31	0.01	25	75775	卖盘
13:42:21	30.3	-0.02	23	72114	卖盘
13:42:18	30.32	0.01	422	1280110	买盘
13:42:15	30.31	-0.01	15	45465	卖盘
13:42:12	30.32	0.02	36	109152	买盘
13:42:09	30.3	--	20	60600	卖盘
13:42:06	30.3	--	41	124230	卖盘
13:42:03	30.3	-0.07	361	1093830	卖盘
13:42:00	30.37	-0.03	9	27333	中性盘
13:41:57	30.4	--	24	72960	买盘
13:41:54	30.4	--	301	915283	卖盘
13:41:51	30.4	--	19	57760	卖盘
13:41:48	30.4	--	65	198816	卖盘
13:41:45	30.4	--	25	77216	卖盘
13:41:42	30.4	--	2	8512	卖盘
13:41:39	30.4	--	5	15200	卖盘
13:41:33	30.4	--	17	51680	卖盘
13:41:24	30.4	-0.05	199	607756	卖盘
13:41:21	30.45	--	6	18270	买盘
13:41:15	30.45	-0.01	119	364182	卖盘
13:41:12	30.46	--	4	12184	买盘
13:41:09	30.46	--	2	8528	买盘
13:41:06	30.46	--	9	27414	买盘
13:41:00	30.46	--	5	15230	买盘
13:40:57	30.46	-0.02	96	294243	卖盘
13:40:54	30.48	--	5	15240	买盘
13:40:51	30.48	--	4	14020	卖盘
13:40:45	30.48	-0.02	17	53035	卖盘
13:40:42	30.5	0.02	10	30500	买盘
13:40:39	30.48	-0.02	11	33528	卖盘
13:40:36	30.5	--	2	6100	买盘
13:40:30	30.5	0.02	4	12200	买盘
13:40:27	30.48	-0.02	2	6096	卖盘
13:40:21	30.5	--	1	3050	买盘
13:40:18	30.5	0.02	12	36600	买盘
13:40:15	30.48	-0.03	10	30480	卖盘
13:40:12	30.51	--	5	15255	买盘
13:40:09	30.51	0.01	42	128142	买盘
13:40:06	30.5	--	1	3050	买盘
13:40:03	30.5	-0.01	40	122000	卖盘
13:40:00	30.51	0.01	10	30510	买盘
13:39:57	30.5	-0.01	48	147620	卖盘
13:39:54	30.51	--	8	24408	买盘
13:39:48	30.51	-0.01	3	9153	买盘
13:39:45	30.52	-0.03	2	6104	卖盘
13:39:42	30.55	0.05	9	27495	中性盘
13:39:33	30.5	-0.01	111	338550	卖盘
13:39:24	30.51	0.01	0	610	中性盘
13:39:21	30.5	-0.01	5	15250	中性盘
13:39:12	30.51	0.04	5	15255	买盘
13:39:09	30.47	-0.04	108	329076	卖盘
13:39:06	30.51	-0.04	13	39663	卖盘
13:39:03	30.55	0.02	5	15275	买盘
13:39:00	30.53	-0.02	2	6106	中性盘
13:38:57	30.55	0.05	5	15275	买盘
13:38:51	30.5	--	106	323300	卖盘
13:38:48	30.5	--	6	18300	卖盘
13:38:45	30.5	-0.08	19	57950	卖盘
13:38:36	30.58	0.02	33	100914	买盘
13:38:33	30.56	0.03	6	18336	买盘
13:38:30	30.53	--	12	36636	买盘
13:38:27	30.53	-0.05	2	6106	中性盘
13:38:24	30.58	--	169	516802	买盘
13:38:21	30.58	--	13	39754	买盘
13:38:18	30.58	0.02	2	6116	买盘
13:38:15	30.56	--	4	12224	卖盘
13:38:12	30.56	0.03	33	103292	中性盘
13:38:09	30.53	-0.03	18	57396	卖盘
13:38:06	30.56	0.03	25	76400	买盘
13:37:57	30.53	0.03	4	12212	卖盘
13:37:51	30.5	-0.03	1	5490	卖盘
13:37:48	30.53	0.07	58	178295	买盘
13:37:45	30.46	-0.04	6	20103	卖盘
13:37:39	30.5	--	62	190625	买盘
13:37:33	30.5	0.04	13	39650	买盘
13:37:30	30.46	--	10	31069	卖盘
13:37:24	30.46	0.01	7	21322	中性盘
13:37:21	30.45	-0.05	6	18270	卖盘
13:37:15	30.5	0.05	9	27450	买盘
13:37:12	30.45	--	13	41412	买盘
13:37:09	30.45	--	29	88305	买盘
13:37:06	30.45	--	52	158340	买盘
13:37:03	30.45	0.01	131	398895	买盘
13:37:00	30.44	-0.01	2	6088	卖盘
13:36:57	30.45	--	105	319725	买盘
13:36:51	30.45	0.02	73	222285	买盘
13:36:45	30.43	-0.02	120	366377	卖盘
13:36:42	30.45	0.02	18	54810	买盘
13:36:39	30.43	0.02	5	15215	卖盘
13:36:36	30.41	-0.01	43	132587	卖盘
13:36:33	30.42	-0.01	44	133848	卖盘
13:36:30	30.43	0.01	50	152150	买盘
13:36:27	30.42	-0.01	6	20077	卖盘
13:36:24	30.43	--	50	152150	买盘
13:36:18	30.43	--	10	30430	买盘
13:36:15	30.43	0.03	1	3043	买盘
13:36:12	30.4	-0.02	15	45600	卖盘
13:36:09	30.42	--	3	9126	卖盘
13:36:06	30.42	--	16	48672	卖盘
13:36:03	30.42	-0.01	20	60840	卖盘
13:36:00	30.43	--	13	39559	买盘
13:35:57	30.43	--	110	334730	买盘
13:35:54	30.43	--	15	45645	买盘
13:35:51	30.43	--	9	27387	买盘
13:35:48	30.43	--	7	21301	买盘
13:35:45	30.43	-0.02	52	158236	卖盘
13:35:42	30.45	--	17	51765	买盘
13:35:39	30.45	--	10	30450	买盘
13:35:36	30.45	--	12	36540	买盘
13:35:33	30.45	0.03	10	30450	买盘
13:35:30	30.42	-0.01	26	79092	卖盘
13:35:27	30.43	-0.02	7	21301	卖盘
13:35:24	30.45	--	16	48720	买盘
13:35:21	30.45	0.02	2	6090	买盘
13:35:18	30.43	-0.02	4	12172	卖盘
13:35:15	30.45	0.02	10	30450	买盘
13:35:09	30.43	-0.03	14	42602	卖盘
13:35:06	30.46	0.01	11	35333	买盘
13:35:03	30.45	--	45	138852	卖盘
13:35:00	30.45	--	28	85260	卖盘
13:34:57	30.45	--	18	54810	卖盘
13:34:54	30.45	--	17	51765	卖盘
13:34:51	30.45	--	4	12180	卖盘
13:34:48	30.45	-0.01	14	42630	卖盘
13:34:42	30.46	--	20	60920	买盘
13:34:39	30.46	--	5	15230	买盘
13:34:33	30.46	-0.04	15	45690	卖盘
13:34:30	30.5	--	3	9150	买盘
13:34:18	30.5	-0.01	177	541375	卖盘
13:34:12	30.51	-0.01	38	115938	卖盘
13:34:09	30.52	-0.03	48	146496	卖盘
13:34:03	30.55	0.02	100	305500	买盘
13:34:00	30.53	-0.02	19	58007	卖盘
13:33:57	30.55	-0.01	17	51935	卖盘
13:33:54	30.56	-0.02	5	15280	卖盘
13:33:51	30.58	-0.02	10	30580	卖盘
13:33:45	30.6	--	4	12240	买盘
13:33:42	30.6	-0.07	45	139536	卖盘
13:33:39	30.67	--	9	27603	卖盘
13:33:36	30.67	--	2	6134	卖盘
13:33:33	30.67	-0.01	2	6134	卖盘
13:33:21	30.68	--	5	15340	买盘
13:33:18	30.68	-0.04	18	55224	卖盘
13:33:15	30.72	--	13	39936	买盘
13:33:12	30.72	--	3	9216	买盘
13:33:06	30.72	--	2	6144	买盘
13:32:57	30.72	--	23	70656	卖盘
13:32:54	30.72	-0.05	3	9216	卖盘
13:32:51	30.77	0.01	5	15385	买盘
13:32:45	30.76	-0.03	63	193788	中性盘
13:32:39	30.79	0.03	45	138555	买盘
13:32:36	30.76	--	14	43064	买盘
13:32:33	30.76	0.01	71	218396	买盘
13:32:30	30.75	-0.01	4	12915	卖盘
13:32:27	30.76	-0.02	40	123655	卖盘
13:32:24	30.78	0.01	26	80028	买盘
13:32:18	30.77	--	26	80617	卖盘
13:32:09	30.77	--	2	6154	卖盘
13:32:06	30.77	--	17	54155	卖盘
13:32:03	30.77	0.01	18	55386	买盘
13:31:57	30.76	--	1	3076	卖盘
13:31:54	30.76	--	7	21532	卖盘
13:31:51	30.76	0.01	1	3076	中性盘
13:31:45	30.75	-0.01	5	17835	中性盘
13:31:42	30.76	0.01	108	332823	买盘
13:31:33	30.75	--	5	15375	卖盘
13:31:30	30.75	0.02	22	70110	中性盘
13:31:18	30.73	0.02	31	95263	买盘
13:31:15	30.71	-0.06	13	39923	卖盘
13:31:12	30.77	--	2	6154	买盘
13:31:09	30.77	0.05	25	76925	买盘
13:31:06	30.72	--	16	49152	买盘
13:31:03	30.72	-0.05	16	49152	卖盘
13:30:57	30.77	--	1	3077	买盘
13:30:51	30.77	0.02	8	24616	买盘
13:30:48	30.75	-0.02	1	3075	买盘
13:30:45	30.77	--	5	15385	买盘
13:30:42	30.77	--	1	3077	买盘
13:30:36	30.77	--	17	52924	卖盘
13:30:33	30.77	--	1	3077	卖盘
13:30:30	30.77	--	13	40001	卖盘
13:30:27	30.77	--	5	17846	卖盘
13:30:24	30.77	--	17	52309	买盘
13:30:18	30.77	-0.01	10	30770	中性盘
13:30:03	30.78	--	63	193914	买盘
13:30:00	30.78	--	7	21546	买盘
13:29:57	30.78	-0.05	24	73872	卖盘
13:29:54	30.83	--	10	30830	买盘
13:29:51	30.83	--	2	6166	买盘
13:29:48	30.83	-0.05	12	36996	买盘
13:29:45	30.88	--	8	24704	卖盘
13:29:42	30.88	-0.02	5	15440	中性盘
13:29:30	30.9	0.13	6	18540	买盘
13:29:27	30.77	0.11	22	67694	卖盘
13:29:24	30.66	--	2	7358	买盘
13:29:21	30.66	--	82	253251	卖盘
13:29:15	30.66	--	3	9198	卖盘
13:29:12	30.66	--	8	25754	卖盘
13:29:09	30.66	-0.3	92	282072	卖盘
13:29:06	30.96	--	4	12384	买盘
13:29:03	30.96	--	3	9288	买盘
13:29:00	30.96	-0.02	40	123840	中性盘
13:28:51	30.98	-0.02	1	3098	买盘
13:28:48	31.0	--	19	58900	买盘
13:28:45	31.0	--	15	46500	买盘
13:28:42	31.0	--	3	9300	买盘
13:28:39	31.0	--	1	3100	买盘
13:28:33	31.0	0.5	1	3100	买盘
13:28:30	30.5	-0.5	105	320250	卖盘
13:28:27	31.0	--	26	80600	卖盘
13:28:21	31.0	--	11	34100	卖盘
13:28:18	31.0	--	9	27900	卖盘
13:28:15	31.0	0.44	783	2428850	买盘
13:28:12	30.56	0.04	1	3056	买盘
13:28:09	30.52	0.01	44	134288	买盘
13:28:06	30.51	-0.01	9	27459	卖盘
13:28:00	30.52	0.01	9	27468	买盘
13:27:57	30.51	-0.04	31	94581	卖盘
13:27:54	30.55	0.03	3	9165	买盘
13:27:51	30.52	--	27	82404	卖盘
13:27:48	30.52	-0.04	14	42728	卖盘
13:27:45	30.56	0.03	10	30560	买盘
13:27:42	30.53	0.02	5	15265	中性盘
13:27:36	30.51	-0.05	3	9153	卖盘
13:27:30	30.56	0.05	20	61120	买盘
13:27:27	30.51	0.01	3	9153	买盘
13:27:18	30.5	-0.01	10	30500	卖盘
13:27:15	30.51	-0.03	6	18306	买盘
13:27:12	30.54	0.07	31	94674	买盘
13:27:09	30.47	-0.01	1	3047	买盘
13:27:06	30.48	-0.12	57	174345	卖盘
13:27:03	30.6	--	55	168300	买盘
13:27:00	30.6	0.05	10	30600	买盘
13:26:57	30.55	-0.05	11	33605	卖盘
13:26:54	30.6	0.09	13	39780	买盘
13:26:51	30.51	-0.08	64	195264	卖盘
13:26:48	30.59	0.05	9	27531	中性盘
13:26:45	30.54	-0.01	20	61080	卖盘
13:26:42	30.55	--	3	9165	卖盘
13:26:39	30.55	--	23	72709	买盘
13:26:36	30.55	0.07	19	58045	买盘
13:26:33	30.48	-0.07	32	97536	卖盘
13:26:24	30.55	0.07	5	15275	买盘
13:26:21	30.48	-0.07	12	36576	卖盘
13:26:18	30.55	0.1	20	61100	买盘
13:26:15	30.45	-0.03	32	97440	卖盘
13:26:12	30.48	0.03	14	42672	买盘
13:26:09	30.45	-0.03	9	27405	卖盘
13:26:06	30.48	0.03	61	185928	买盘
13:26:03	30.45	-0.03	13	39585	卖盘
13:26:00	30.48	0.03	11	33528	买盘
13:25:57	30.45	--	8	24360	卖盘
13:25:51	30.45	0.04	47	145551	买盘
13:25:48	30.41	-0.04	14	42574	卖盘
13:25:45	30.45	--	26	79170	买盘
13:25:42	30.45	0.03	12	36540	买盘
13:25:39	30.42	-0.03	2	6084	卖盘
13:25:36	30.45	0.04	1	3045	买盘
13:25:33	30.41	--	14	42574	卖盘
13:25:30	30.41	--	25	76025	卖盘
13:25:27	30.41	0.01	19	57779	买盘
13:25:24	30.4	--	23	69920	买盘
13:25:21	30.4	--	8	24320	买盘
13:25:18	30.4	0.01	10	30400	买盘
13:25:15	30.39	--	5	17018	卖盘
13:25:12	30.39	--	13	39507	买盘
13:25:09	30.39	0.01	4	12156	买盘
13:25:06	30.38	-0.01	8	26734	卖盘
13:25:03	30.39	0.02	12	36468	买盘
13:25:00	30.37	--	35	106295	卖盘
13:24:57	30.37	-0.01	3	9111	卖盘
13:24:54	30.38	0.01	15	45570	买盘
13:24:51	30.37	0.01	22	67421	买盘
13:24:48	30.36	--	5	16394	卖盘
13:24:45	30.36	-0.01	37	112332	卖盘
13:24:42	30.37	0.02	4	12148	买盘
13:24:39	30.35	--	50	151750	卖盘
13:24:36	30.35	-0.01	10	30350	卖盘
13:24:33	30.36	0.01	3	9108	买盘
13:24:30	30.35	0.04	0	2428	中性盘
13:24:27	30.31	-0.04	244	739564	卖盘
13:24:24	30.35	0.02	9	27315	买盘
13:24:21	30.33	-0.02	35	106761	卖盘
13:24:18	30.35	0.02	3	9105	买盘
13:24:15	30.33	-0.02	8	24264	卖盘
13:24:12	30.35	0.03	20	60700	买盘
13:24:09	30.32	0.01	7	23043	中性盘
13:24:06	30.31	--	17	51527	卖盘
13:24:03	30.31	-0.02	94	284914	卖盘
13:24:00	30.33	0.01	25	78251	买盘
13:23:57	30.32	0.01	19	60033	买盘
13:23:54	30.31	--	19	58195	卖盘
13:23:51	30.31	--	34	103054	卖盘
13:23:48	30.31	--	43	132757	买盘
13:23:45	30.31	--	36	109116	买盘
13:23:42	30.31	--	13	39403	买盘
13:23:39	30.31	0.01	32	96992	买盘
13:23:36	30.3	-0.01	67	203010	卖盘
13:23:33	30.31	--	17	51527	买盘
13:23:30	30.31	0.01	44	133364	买盘
13:23:27	30.3	-0.01	7	23634	卖盘
13:23:24	30.31	0.02	11	33341	买盘
13:23:21	30.29	-0.02	30	91475	卖盘
13:23:18	30.31	0.01	56	169736	买盘
13:23:15	30.3	--	35	106050	买盘
13:23:12	30.3	-0.01	14	42420	中性盘
13:23:09	30.31	--	45	136395	买盘
13:23:06	30.31	0.01	17	51527	买盘
13:23:03	30.3	--	50	152712	卖盘
13:23:00	30.3	-0.01	61	184830	卖盘
13:22:57	30.31	--	16	48496	买盘
13:22:54	30.31	--	53	160643	买盘
13:22:51	30.31	--	314	951734	买盘
13:22:48	30.31	--	3	9093	买盘
13:22:45	30.31	-0.01	81	245511	卖盘
13:22:42	30.32	-0.01	3	9096	卖盘
13:22:39	30.33	0.02	18	54594	买盘
13:22:36	30.31	0.01	26	78806	中性盘
13:22:33	30.3	-0.05	40	121200	卖盘
13:22:30	30.35	--	15	45525	买盘
13:22:27	30.35	--	29	88015	买盘
13:22:24	30.35	0.02	26	78910	买盘
13:22:21	30.33	-0.02	31	94023	卖盘
13:22:18	30.35	--	8	24280	买盘
13:22:15	30.35	--	5	15175	买盘
13:22:12	30.35	-0.01	54	165104	卖盘
13:22:09	30.36	--	125	379500	买盘
13:22:03	30.36	--	91	276276	买盘
13:22:00	30.36	--	43	130548	买盘
13:21:57	30.36	-0.01	15	45540	中性盘
13:21:54	30.37	0.01	77	233849	买盘
13:21:51	30.36	-0.01	25	77721	卖盘
13:21:48	30.37	--	11	33407	买盘
13:21:45	30.37	--	35	106295	买盘
13:21:42	30.37	--	32	97184	卖盘
13:21:39	30.37	-0.01	58	176146	卖盘
13:21:36	30.38	--	8	24304	买盘
13:21:33	30.38	0.01	25	75950	买盘
13:21:30	30.37	-0.01	16	48592	卖盘
13:21:27	30.38	-0.02	36	109368	卖盘
13:21:24	30.4	0.02	39	118560	买盘
13:21:21	30.38	--	5	15190	卖盘
13:21:18	30.38	-0.03	20	60760	卖盘
13:21:15	30.41	--	13	39533	买盘
13:21:12	30.41	0.01	27	82107	买盘
13:21:09	30.4	0.02	27	82080	中性盘
13:21:06	30.38	-0.02	97	294686	卖盘
13:21:03	30.4	-0.01	11	33440	卖盘
13:21:00	30.41	--	10	30410	买盘
13:20:57	30.41	--	11	33451	买盘
13:20:54	30.41	--	20	60820	买盘
13:20:51	30.41	--	59	179419	买盘
13:20:48	30.41	-0.03	156	474396	卖盘
13:20:45	30.44	0.02	264	803616	买盘
13:20:42	30.42	-0.01	43	130806	买盘
13:20:39	30.43	-0.02	109	332295	中性盘
13:20:36	30.45	--	36	109620	买盘
13:20:33	30.45	0.02	21	66381	买盘
13:20:30	30.43	0.01	37	112591	中性盘
13:20:27	30.42	-0.03	30	91260	卖盘
13:20:24	30.45	0.04	10	30450	买盘
13:20:21	30.41	-0.04	34	103394	卖盘
13:20:18	30.45	--	2	6090	买盘
13:20:15	30.45	--	24	73080	买盘
13:20:12	30.45	--	6	18270	买盘
13:20:09	30.45	--	10	30450	买盘
13:20:06	30.45	-0.01	90	274050	卖盘
13:20:03	30.46	0.01	4	12184	中性盘
13:20:00	30.45	-0.03	47	143115	卖盘
13:19:57	30.48	0.03	5	15240	买盘
13:19:54	30.45	-0.01	11	33495	卖盘
13:19:51	30.46	0.01	14	42644	中性盘
13:19:48	30.45	--	16	48720	卖盘
13:19:45	30.45	-0.03	104	316680	卖盘
13:19:42	30.48	-0.02	13	39624	卖盘
13:19:39	30.5	--	8	24400	买盘
13:19:36	30.5	0.01	18	54900	买盘
13:19:33	30.49	-0.01	7	21343	卖盘
13:19:30	30.5	--	13	39650	买盘
13:19:27	30.5	-0.01	71	218380	卖盘
13:19:24	30.51	0.01	5	16475	中性盘
13:19:21	30.5	-0.02	66	201300	卖盘
13:19:18	30.52	0.01	54	164808	中性盘
13:19:15	30.51	-0.02	60	183060	卖盘
13:19:12	30.53	--	1	3053	买盘
13:19:09	30.53	--	10	30530	买盘
13:19:06	30.53	0.01	14	42742	买盘
13:19:03	30.52	-0.01	50	152600	卖盘
13:19:00	30.53	-0.01	29	88537	卖盘
13:18:57	30.54	0.01	11	33594	中性盘
13:18:51	30.53	-0.01	15	45795	卖盘
13:18:48	30.54	-0.02	3	9162	买盘
13:18:42	30.56	0.03	38	116128	买盘
13:18:39	30.53	-0.03	9	27477	卖盘
13:18:36	30.56	0.01	48	146688	买盘
13:18:33	30.55	--	5	15275	买盘
13:18:30	30.55	-0.01	10	30550	卖盘
13:18:27	30.56	0.01	45	138742	买盘
13:18:24	30.55	--	46	140530	卖盘
13:18:21	30.55	--	101	308555	卖盘
13:18:18	30.55	-0.01	10	30550	卖盘
13:18:15	30.56	--	3	9168	买盘
13:18:12	30.56	0.01	20	61120	买盘
13:18:09	30.55	-0.01	10	30550	卖盘
13:18:06	30.56	--	10	30560	买盘
13:18:03	30.56	0.01	4	12224	买盘
13:18:00	30.55	-0.01	1	3055	卖盘
13:17:57	30.56	--	15	45840	买盘
13:17:48	30.56	--	10	32393	卖盘
13:17:45	30.56	-0.02	14	44006	卖盘
13:17:39	30.58	--	24	73392	买盘
13:17:36	30.58	0.01	29	88682	买盘
13:17:33	30.57	-0.01	79	241503	卖盘
13:17:30	30.58	-0.01	18	55044	卖盘
13:17:27	30.59	0.01	5	15295	中性盘
13:17:21	30.58	-0.02	16	48928	卖盘
13:17:18	30.6	-0.01	92	281826	卖盘
13:17:12	30.61	--	16	48976	买盘
13:17:09	30.61	-0.01	34	104074	卖盘
13:17:06	30.62	-0.01	3	9186	卖盘
13:17:00	30.63	--	21	64323	买盘
13:16:57	30.63	-0.02	42	128646	卖盘
13:16:51	30.65	--	16	49040	买盘
13:16:45	30.65	0.01	2	6130	买盘
13:16:42	30.64	-0.02	34	104176	卖盘
13:16:33	30.66	0.01	8	24528	买盘
13:16:30	30.65	--	11	33715	卖盘
13:16:27	30.65	-0.01	17	52105	卖盘
13:16:24	30.66	0.02	7	21462	买盘
13:16:21	30.64	--	5	15320	卖盘
13:16:18	30.64	-0.01	48	147072	卖盘
13:16:09	30.65	0.01	1	3065	买盘
13:16:06	30.64	0.02	7	21448	买盘
13:16:03	30.62	-0.02	4	14697	卖盘
13:16:00	30.64	--	6	18384	买盘
13:15:54	30.64	--	1	3064	买盘
13:15:51	30.64	0.04	5	15320	买盘
13:15:48	30.6	-0.04	14	44064	卖盘
13:15:45	30.64	0.04	8	24512	买盘
13:15:42	30.6	--	5	16830	卖盘
13:15:39	30.6	--	2	6120	卖盘
13:15:36	30.6	--	1	3060	卖盘
13:15:33	30.6	0.02	8	24480	卖盘
13:15:30	30.58	-0.02	26	79508	卖盘
13:15:27	30.6	--	30	91800	买盘
13:15:24	30.6	--	28	85680	买盘
13:15:21	30.6	0.01	5	15300	买盘
13:15:18	30.59	0.03	19	58121	中性盘
13:15:15	30.56	-0.03	11	35449	卖盘
13:15:12	30.59	0.03	12	36708	买盘
13:15:09	30.56	0.01	9	27504	卖盘
13:15:06	30.55	--	48	148473	卖盘
13:15:03	30.55	0.01	30	91650	卖盘
13:15:00	30.54	-0.01	115	351210	卖盘
13:14:57	30.55	-0.01	13	41700	卖盘
13:14:54	30.56	--	1	3056	买盘
13:14:51	30.56	0.02	5	15280	买盘
13:14:45	30.54	--	1	3054	卖盘
13:14:42	30.54	0.03	10	30540	买盘
13:14:39	30.51	-0.01	70	214790	卖盘
13:14:36	30.52	--	16	48832	卖盘
13:14:33	30.52	0.02	5	15260	买盘
13:14:30	30.5	-0.01	20	61000	卖盘
13:14:27	30.51	0.01	8	24408	中性盘
13:14:24	30.5	--	1	3324	买盘
13:14:21	30.5	-0.01	11	36325	卖盘
13:14:18	30.51	0.01	229	698953	买盘
13:14:12	30.5	0.02	31	96990	买盘
13:14:09	30.48	--	3	9144	卖盘
13:14:06	30.48	-0.01	20	60960	卖盘
13:14:03	30.49	0.01	15	46954	买盘
13:14:00	30.48	-0.01	57	173736	卖盘
13:13:57	30.49	0.01	36	112203	买盘
13:13:54	30.48	-0.01	11	33528	卖盘
13:13:51	30.49	--	12	36588	买盘
13:13:48	30.49	0.01	40	121960	买盘
13:13:45	30.48	-0.02	22	67665	卖盘
13:13:42	30.5	0.01	22	69540	买盘
13:13:39	30.49	-0.01	30	91470	卖盘
13:13:36	30.5	0.05	54	164700	买盘
13:13:33	30.45	-0.03	77	234465	卖盘
13:13:30	30.48	-0.02	225	685800	卖盘
13:13:27	30.5	--	48	146400	卖盘
13:13:24	30.5	0.02	9	27450	中性盘
13:13:21	30.48	-0.03	50	152400	卖盘
13:13:18	30.51	0.02	238	726138	买盘
13:13:15	30.49	-0.01	85	259165	中性盘
13:13:12	30.5	--	38	115900	买盘
13:13:09	30.5	-0.02	385	1177025	卖盘
13:13:06	30.52	0.01	39	119028	买盘
13:13:03	30.51	--	65	198315	卖盘
13:13:00	30.51	-0.01	320	976320	卖盘
13:12:57	30.52	-0.01	17	51884	卖盘
13:12:54	30.53	0.03	18	54954	中性盘
13:12:51	30.5	-0.05	306	935740	卖盘
13:12:48	30.55	--	29	91039	买盘
13:12:45	30.55	--	51	155805	买盘
13:12:42	30.55	--	26	79430	买盘
13:12:39	30.55	0.02	37	113035	买盘
13:12:36	30.53	-0.02	6	18318	买盘
13:12:33	30.55	--	549	1677195	卖盘
13:12:30	30.55	--	25	76375	卖盘
13:12:27	30.55	--	20	61100	卖盘
13:12:24	30.55	-0.01	8	25936	卖盘
13:12:21	30.56	0.01	33	100848	买盘
13:12:18	30.55	--	29	88595	卖盘
13:12:15	30.55	-0.03	6	21232	卖盘
13:12:12	30.58	--	5	15290	买盘
13:12:09	30.58	--	3	9174	买盘
13:12:06	30.58	0.02	29	88834	买盘
13:12:03	30.56	-0.03	38	116128	卖盘
13:12:00	30.59	--	8	24472	买盘
13:11:57	30.59	--	2	6118	买盘
13:11:54	30.59	--	10	30590	买盘
13:11:51	30.59	-0.01	3	9177	卖盘
13:11:48	30.6	--	3	9180	买盘
13:11:45	30.6	--	5	15300	买盘
13:11:42	30.6	--	7	21420	买盘
13:11:39	30.6	--	16	48960	买盘
13:11:36	30.6	-0.05	131	400860	卖盘
13:11:33	30.65	0.01	10	30650	买盘
13:11:30	30.64	--	107	327848	卖盘
13:11:27	30.64	-0.01	15	45960	卖盘
13:11:24	30.65	0.01	2	6130	买盘
13:11:21	30.64	-0.01	5	15320	卖盘
13:11:18	30.65	--	14	42910	卖盘
13:11:15	30.65	-0.01	4	12260	卖盘
13:11:12	30.66	--	2	6132	买盘
13:11:09	30.66	-0.01	17	52122	卖盘
13:11:06	30.67	-0.02	10	30670	卖盘
13:11:03	30.69	-0.01	3	9207	买盘
13:11:00	30.7	--	35	110366	卖盘
13:10:57	30.7	-0.01	313	960910	卖盘
13:10:54	30.71	-0.01	9	27639	卖盘
13:10:51	30.72	0.01	1	3072	买盘
13:10:48	30.71	-0.01	7	21497	卖盘
13:10:45	30.72	-0.01	5	15360	卖盘
13:10:42	30.73	--	57	175161	买盘
13:10:36	30.73	--	11	33803	买盘
13:10:33	30.73	--	50	153650	卖盘
13:10:27	30.73	-0.02	55	169015	卖盘
13:10:24	30.75	0.01	11	33825	买盘
13:10:21	30.74	--	20	61480	卖盘
13:10:18	30.74	-0.01	8	24592	卖盘
13:10:15	30.75	--	12	36900	买盘
13:10:12	30.75	--	1	3075	买盘
13:10:06	30.75	--	9	27675	卖盘
13:10:03	30.75	-0.01	13	39975	卖盘
13:10:00	30.76	--	3	9228	买盘
13:09:57	30.76	--	11	33836	买盘
13:09:54	30.76	-0.01	54	166104	卖盘
13:09:48	30.77	0.01	10	30770	买盘
13:09:42	30.76	-0.01	2	6152	卖盘
13:09:39	30.77	--	9	27693	买盘
13:09:36	30.77	--	1	3077	买盘
13:09:33	30.77	--	3	9231	买盘
13:09:30	30.77	--	12	36924	卖盘
13:09:24	30.77	--	24	73848	买盘
13:09:21	30.77	0.03	2	6154	买盘
13:09:15	30.74	-0.03	40	122960	卖盘
13:09:12	30.77	--	9	30154	卖盘
13:09:09	30.77	--	4	12308	卖盘
13:09:06	30.77	--	15	46155	卖盘
13:09:03	30.77	0.02	53	165542	买盘
13:09:00	30.75	-0.02	32	99015	卖盘
13:08:57	30.77	-0.01	20	61540	买盘
13:08:54	30.78	0.01	46	141588	买盘
13:08:51	30.77	--	15	47385	卖盘
13:08:48	30.77	--	46	141542	卖盘
13:08:39	30.77	--	2	6154	卖盘
13:08:36	30.77	--	24	73848	卖盘
13:08:33	30.77	--	1	5538	卖盘
13:08:30	30.77	0.02	16	49232	买盘
13:08:27	30.75	--	8	24600	卖盘
13:08:21	30.75	--	3	11070	卖盘
13:08:18	30.75	--	4	12300	卖盘
13:08:15	30.75	--	24	73800	卖盘
13:08:12	30.75	--	59	181425	卖盘
13:08:09	30.75	--	13	39975	卖盘
13:08:06	30.75	--	1	3075	卖盘
13:08:03	30.75	0.04	42	129150	买盘
13:08:00	30.71	-0.04	47	144490	卖盘
13:07:57	30.75	0.04	3	9225	买盘
13:07:54	30.71	--	17	54663	卖盘
13:07:51	30.71	-0.03	4	12284	卖盘
13:07:48	30.74	-0.01	3	9222	买盘
13:07:39	30.75	--	89	273675	卖盘
13:07:33	30.75	-0.02	10	30750	卖盘
13:07:30	30.77	0.01	25	76925	买盘
13:07:27	30.76	0.01	2	6152	买盘
13:07:24	30.75	--	1	3075	买盘
13:07:21	30.75	0.04	1	3075	中性盘
13:07:18	30.71	-0.06	100	307100	卖盘
13:07:15	30.77	-0.01	1	3077	卖盘
13:07:03	30.78	-0.01	1	5540	卖盘
13:06:51	30.79	-0.01	1	3079	卖盘
13:06:48	30.8	--	1	3080	买盘
13:06:45	30.8	--	16	49280	买盘
13:06:39	30.8	--	32	101024	卖盘
13:06:36	30.8	--	3	9240	卖盘
13:06:33	30.8	--	4	12320	卖盘
13:06:24	30.8	-0.05	7	21560	卖盘
13:06:21	30.85	-0.02	40	123400	卖盘
13:06:18	30.87	--	10	30870	买盘
13:06:09	30.87	--	11	33957	卖盘
13:06:06	30.87	-0.01	1	3087	卖盘
13:06:03	30.88	--	1	3088	买盘
13:06:00	30.88	--	6	18528	买盘
13:05:54	30.88	-0.02	42	129696	卖盘
13:05:48	30.9	--	15	46350	买盘
13:05:45	30.9	--	22	67980	买盘
13:05:42	30.9	--	2	6180	买盘
13:05:39	30.9	--	26	80340	卖盘
13:05:36	30.9	-0.04	2	6180	卖盘
13:05:27	30.94	0.04	7	21658	买盘
13:05:21	30.9	-0.04	2	6180	卖盘
13:05:18	30.94	0.04	31	95914	买盘
13:05:12	30.9	--	2	6180	卖盘
13:05:06	30.9	--	1	3090	卖盘
13:05:00	30.9	--	4	12360	卖盘
13:04:57	30.9	0.02	2	8034	买盘
13:04:51	30.88	-0.02	10	30880	中性盘
13:04:45	30.9	0.02	17	52530	买盘
13:04:39	30.88	--	16	49408	买盘
13:04:33	30.88	--	56	174163	卖盘
13:04:30	30.88	--	17	52496	卖盘
13:04:24	30.88	--	11	35820	卖盘
13:04:21	30.88	--	4	12352	卖盘
13:04:18	30.88	--	1	3088	卖盘
13:04:15	30.88	--	9	27792	卖盘
13:04:12	30.88	--	5	15440	卖盘
13:04:06	30.88	0.01	37	115151	买盘
13:04:03	30.87	-0.01	10	30870	卖盘
13:04:00	30.88	--	5	15440	买盘
13:03:54	30.88	--	1	3088	买盘
13:03:51	30.88	--	4	12352	买盘
13:03:48	30.88	--	2	6176	买盘
13:03:45	30.88	0.01	18	55584	买盘
13:03:39	30.87	0.01	3	9261	买盘
13:03:36	30.86	--	3	11109	卖盘
13:03:33	30.86	-0.02	1	3086	中性盘
13:03:24	30.88	0.08	25	77200	买盘
13:03:18	30.8	-0.02	55	169400	卖盘
13:03:15	30.82	-0.01	4	12328	卖盘
13:03:12	30.83	--	2	8632	买盘
13:03:09	30.83	--	2	6166	买盘
13:03:06	30.83	0.01	8	24664	买盘
13:03:00	30.82	-0.01	11	33902	卖盘
13:02:57	30.83	0.01	12	38845	买盘
13:02:54	30.82	--	7	21574	卖盘
13:02:51	30.82	0.02	1	4931	买盘
13:02:45	30.8	0.01	2	6160	卖盘
13:02:39	30.79	--	18	57885	买盘
13:02:36	30.79	-0.01	11	34484	卖盘
13:02:30	30.8	0.02	1	5544	买盘
13:02:27	30.78	--	1	3078	卖盘
13:02:21	30.78	--	5	15390	卖盘
13:02:18	30.78	0.03	2	6156	买盘
13:02:12	30.75	--	32	98400	卖盘
13:02:09	30.75	-0.02	1	3075	卖盘
13:02:06	30.77	0.05	12	38770	买盘
13:02:03	30.72	--	6	18432	卖盘
13:02:00	30.72	-0.03	33	103219	中性盘
13:01:51	30.75	0.05	10	30750	买盘
13:01:45	30.7	--	16	51576	卖盘
13:01:42	30.7	--	37	114818	卖盘
13:01:39	30.7	--	26	79820	卖盘
13:01:36	30.7	-0.01	2	6140	卖盘
13:01:33	30.71	--	4	12284	买盘
13:01:30	30.71	--	2	6142	买盘
13:01:27	30.71	--	7	21497	买盘
13:01:24	30.71	0.01	23	70633	中性盘
13:01:18	30.7	-0.02	36	110520	卖盘
13:01:12	30.72	--	9	27648	卖盘
13:01:09	30.72	-0.02	1	3072	卖盘
13:01:06	30.74	0.02	4	12296	买盘
13:01:03	30.72	-0.03	2	6144	卖盘
13:00:51	30.75	-0.01	7	21525	卖盘
13:00:48	30.76	0.01	2	6152	买盘
13:00:45	30.75	-0.01	5	15375	卖盘
13:00:39	30.76	-0.01	1	3076	卖盘
13:00:30	30.77	-0.01	5	15385	卖盘
13:00:24	30.78	0.01	4	12312	买盘
13:00:18	30.77	-0.01	1	3077	卖盘
13:00:15	30.78	-0.04	6	18468	卖盘
13:00:12	30.82	--	1	3082	买盘
13:00:09	30.82	0.02	34	104788	买盘
13:00:06	30.8	-0.04	867	2672824	卖盘
13:00:03	30.84	--	18	55512	买盘
11:30:03	30.84	0.01	1	3084	买盘
11:30:00	30.83	--	2	6166	卖盘
11:29:57	30.83	-0.05	80	248489	卖盘
11:29:54	30.88	--	2	6176	买盘
11:29:51	30.88	--	8	26556	买盘
11:29:48	30.88	--	2	6176	买盘
11:29:42	30.88	--	2	6176	买盘
11:29:39	30.88	-0.02	37	114256	卖盘
11:29:36	30.9	-0.01	66	203940	卖盘
11:29:33	30.91	--	30	92730	买盘
11:29:21	30.91	--	39	120549	卖盘
11:29:09	30.91	0.01	15	46365	买盘
11:29:06	30.9	--	57	176130	卖盘
11:29:03	30.9	--	35	108150	卖盘
11:29:00	30.9	0.01	2	6180	买盘
11:28:54	30.89	--	3	9267	卖盘
11:28:51	30.89	--	1	3089	卖盘
11:28:48	30.89	0.04	16	49424	买盘
11:28:42	30.85	--	90	277650	卖盘
11:28:39	30.85	0.03	2	8638	中性盘
11:28:33	30.82	-0.03	31	95542	卖盘
11:28:30	30.85	--	8	24680	卖盘
11:28:27	30.85	0.03	10	30850	中性盘
11:28:21	30.82	--	2	6164	买盘
11:28:18	30.82	-0.03	5	15410	买盘
11:28:15	30.85	--	39	120315	买盘
11:28:09	30.85	0.02	2	6170	买盘
11:28:06	30.83	-0.02	114	351462	卖盘
11:28:03	30.85	--	13	40105	买盘
11:28:00	30.85	0.03	88	271480	中性盘
11:27:57	30.82	--	5	15410	卖盘
11:27:51	30.82	-0.07	20	61640	卖盘
11:27:48	30.89	0.04	8	24712	中性盘
11:27:45	30.85	-0.04	13	40105	卖盘
11:27:42	30.89	-0.01	13	40157	卖盘
11:27:39	30.9	--	41	126690	卖盘
11:27:24	30.9	-0.03	5	15450	卖盘
11:27:21	30.93	-0.02	36	111348	买盘
11:27:15	30.95	--	21	64995	买盘
11:27:12	30.95	--	2	6190	买盘
11:27:09	30.95	-0.01	6	18570	中性盘
11:27:03	30.96	0.01	10	30960	买盘
11:27:00	30.95	-0.01	4	12380	卖盘
11:26:54	30.96	-0.02	5	15480	卖盘
11:26:48	30.98	--	5	17968	卖盘
11:26:45	30.98	--	20	61960	卖盘
11:26:42	30.98	-0.01	21	65058	卖盘
11:26:39	30.99	-0.01	10	30990	中性盘
11:26:33	31.0	--	5	15500	买盘
11:26:30	31.0	--	73	226300	买盘
11:26:27	31.0	-0.01	6	18600	卖盘
11:26:24	31.01	0.01	7	21707	买盘
11:26:21	31.0	--	3	9300	卖盘
11:26:18	31.0	--	10	31000	卖盘
11:26:15	31.0	-0.05	55	170500	卖盘
11:26:12	31.05	0.01	3	9315	买盘
11:26:09	31.04	0.01	35	108640	买盘
11:26:06	31.03	-0.01	3	9309	卖盘
11:26:03	31.04	--	6	18624	卖盘
11:25:57	31.04	-0.01	15	46560	卖盘
11:25:54	31.05	--	1	3105	买盘
11:25:51	31.05	--	113	352728	卖盘
11:25:48	31.05	-0.05	45	139725	卖盘
11:25:45	31.1	--	4	12440	买盘
11:25:42	31.1	-0.05	18	55980	买盘
11:25:39	31.15	0.1	1	3115	买盘
11:25:36	31.05	-0.05	118	366390	卖盘
11:25:33	31.1	-0.07	29	90190	卖盘
11:25:30	31.17	0.07	93	292374	买盘
11:25:27	31.1	--	17	52870	卖盘
11:25:24	31.1	-0.06	5	15550	卖盘
11:25:21	31.16	0.06	21	65436	买盘
11:25:18	31.1	--	8	27368	卖盘
11:25:15	31.1	-0.06	284	883240	卖盘
11:25:12	31.16	-0.04	8	24928	卖盘
11:25:09	31.2	0.01	20	62400	买盘
11:25:03	31.19	-0.01	7	21833	卖盘
11:25:00	31.2	--	55	172224	卖盘
11:24:57	31.2	-0.03	35	109200	卖盘
11:24:54	31.23	--	29	90567	买盘
11:24:51	31.23	--	64	199872	买盘
11:24:48	31.23	-0.02	293	915039	卖盘
11:24:45	31.25	-0.01	18	56250	中性盘
11:24:42	31.26	--	10	31260	买盘
11:24:39	31.26	0.03	13	40638	买盘
11:24:36	31.23	-0.04	27	84321	卖盘
11:24:33	31.27	0.06	19	59413	买盘
11:24:30	31.21	-0.05	181	565525	卖盘
11:24:27	31.26	-0.01	17	55642	卖盘
11:24:24	31.27	0.04	221	691067	买盘
11:24:21	31.23	--	10	31230	卖盘
11:24:18	31.23	--	16	49968	卖盘
11:24:15	31.23	--	28	87444	卖盘
11:24:12	31.23	-0.01	18	56214	卖盘
11:24:09	31.24	0.01	11	34364	买盘
11:24:06	31.23	0.02	33	103059	中性盘
11:24:03	31.21	-0.02	127	396991	卖盘
11:23:57	31.23	0.03	9	28107	买盘
11:23:54	31.2	--	29	90480	卖盘
11:23:51	31.2	--	65	202800	卖盘
11:23:48	31.2	--	5	15600	卖盘
11:23:45	31.2	--	1	3120	卖盘
11:23:42	31.2	0.01	110	345072	买盘
11:23:39	31.19	--	22	68618	卖盘
11:23:36	31.19	0.01	14	43666	买盘
11:23:33	31.18	-0.01	14	43652	卖盘
11:23:30	31.19	--	1	3119	中性盘
11:23:27	31.19	--	21	65499	买盘
11:23:24	31.19	0.03	10	31190	买盘
11:23:21	31.16	-0.03	29	90364	卖盘
11:23:18	31.19	0.01	77	240163	买盘
11:23:15	31.18	0.02	29	90422	买盘
11:23:12	31.16	--	4	12464	卖盘
11:23:09	31.16	--	15	46740	卖盘
11:23:06	31.16	0.01	3	9348	买盘
11:23:03	31.15	-0.01	88	274120	卖盘
11:23:00	31.16	0.01	30	95349	买盘
11:22:57	31.15	0.01	22	71022	买盘
11:22:54	31.14	-0.01	8	24912	卖盘
11:22:51	31.15	0.02	22	68530	买盘
11:22:48	31.13	0.02	30	94012	买盘
11:22:45	31.11	0.01	18	58486	中性盘
11:22:39	31.1	-0.01	44	136840	卖盘
11:22:36	31.11	0.01	1	3111	买盘
11:22:33	31.1	0.01	98	304780	买盘
11:22:30	31.09	-0.01	39	121251	卖盘
11:22:24	31.1	0.01	28	87080	买盘
11:22:21	31.09	-0.01	5	15545	卖盘
11:22:18	31.1	0.02	28	87080	买盘
11:22:15	31.08	0.03	1	3108	中性盘
11:22:12	31.05	-0.05	3	9315	卖盘
11:22:09	31.1	0.05	112	348320	买盘
11:22:06	31.05	--	11	34155	卖盘
11:22:03	31.05	--	1	3105	卖盘
11:22:00	31.05	0.02	46	142830	买盘
11:21:57	31.03	-0.02	15	46545	卖盘
11:21:54	31.05	0.02	8	24840	买盘
11:21:51	31.03	--	77	240172	卖盘
11:21:48	31.03	-0.01	26	80678	卖盘
11:21:45	31.04	--	7	21728	买盘
11:21:39	31.04	0.01	87	271910	买盘
11:21:36	31.03	-0.02	5	15515	卖盘
11:21:33	31.05	0.01	96	298080	买盘
11:21:30	31.04	0.01	34	105536	买盘
11:21:27	31.03	-0.01	2	6206	中性盘
11:21:24	31.04	--	12	37248	买盘
11:21:21	31.04	0.02	10	31040	买盘
11:21:18	31.02	-0.02	20	62040	卖盘
11:21:15	31.04	0.01	5	15520	买盘
11:21:12	31.03	--	8	24824	卖盘
11:21:09	31.03	0.01	2	6206	卖盘
11:21:06	31.02	--	2	6204	买盘
11:21:03	31.02	0.01	10	31020	买盘
11:21:00	31.01	-0.01	34	105434	卖盘
11:20:57	31.02	0.01	17	52734	买盘
11:20:54	31.01	0.01	27	85587	买盘
11:20:51	31.0	--	1	3100	卖盘
11:20:48	31.0	--	11	34100	卖盘
11:20:45	31.0	0.02	88	275280	买盘
11:20:42	30.98	0.03	63	195174	卖盘
11:20:39	30.95	--	243	754561	卖盘
11:20:33	30.95	-0.04	2	6190	卖盘
11:20:30	30.99	0.01	23	73136	买盘
11:20:24	30.98	0.03	19	58862	买盘
11:20:21	30.95	0.03	27	83565	买盘
11:20:18	30.92	-0.03	26	80392	卖盘
11:20:15	30.95	--	20	63138	买盘
11:20:12	30.95	--	19	58805	买盘
11:20:06	30.95	0.03	4	12380	买盘
11:20:03	30.92	--	7	21644	卖盘
11:20:00	30.92	--	16	49472	卖盘
11:19:57	30.92	--	8	26591	卖盘
11:19:54	30.92	--	10	30920	卖盘
11:19:51	30.92	--	18	55656	卖盘
11:19:48	30.92	0.02	18	55656	卖盘
11:19:45	30.9	--	10	30900	卖盘
11:19:42	30.9	-0.02	10	30900	卖盘
11:19:39	30.92	0.02	8	24736	买盘
11:19:36	30.9	--	3	9270	卖盘
11:19:27	30.9	--	34	106914	买盘
11:19:21	30.9	--	10	30900	买盘
11:19:15	30.9	--	6	18540	买盘
11:19:00	30.9	-0.05	47	145230	卖盘
11:18:54	30.95	-0.03	27	83565	卖盘
11:18:51	30.98	--	94	292451	卖盘
11:18:48	30.98	-0.02	2	6196	卖盘
11:18:45	31.0	--	45	139500	买盘
11:18:42	31.0	0.01	49	151900	买盘
11:18:39	30.99	-0.01	95	294405	卖盘
11:18:36	31.0	-0.05	107	331700	卖盘
11:18:33	31.05	0.03	35	108675	买盘
11:18:30	31.02	0.02	5	15510	中性盘
11:18:27	31.0	--	75	232500	买盘
11:18:24	31.0	--	26	80600	买盘
11:18:21	31.0	-0.08	58	182280	卖盘
11:18:18	31.08	0.08	15	46620	买盘
11:18:15	31.0	-0.02	24	74400	卖盘
11:18:12	31.02	--	54	167508	卖盘
11:18:09	31.02	-0.03	15	46530	卖盘
11:18:06	31.05	-0.03	34	105570	中性盘
11:18:03	31.08	0.08	47	146076	买盘
11:17:57	31.0	--	135	419120	卖盘
11:17:51	31.0	0.02	28	86800	买盘
11:17:48	30.98	-0.02	255	789990	卖盘
11:17:45	31.0	0.01	90	280860	买盘
11:17:42	30.99	0.01	6	18594	卖盘
11:17:39	30.98	-0.02	95	294310	卖盘
11:17:36	31.0	0.02	78	241800	买盘
11:17:30	30.98	--	3	9294	卖盘
11:17:24	30.98	--	54	169336	买盘
11:17:15	30.98	--	1	3098	买盘
11:17:09	30.98	0.06	189	585522	买盘
11:17:06	30.92	-0.03	3	9276	卖盘
11:17:03	30.95	0.03	17	52615	买盘
11:16:54	30.92	--	30	92760	买盘
11:16:51	30.92	0.02	8	24736	买盘
11:16:48	30.9	-0.03	1	3090	卖盘
11:16:45	30.93	0.03	23	71139	买盘
11:16:36	30.9	0.01	28	88992	买盘
11:16:33	30.89	-0.01	5	16680	卖盘
11:16:30	30.9	0.01	12	37080	买盘
11:16:24	30.89	--	1	3089	卖盘
11:16:21	30.89	--	6	18534	卖盘
11:16:15	30.89	0.08	2	6178	买盘
11:15:54	30.81	0.01	22	69014	买盘
11:15:51	30.8	--	2	6160	卖盘
11:15:48	30.8	--	12	36960	卖盘
11:15:45	30.8	--	10	30800	卖盘
11:15:42	30.8	--	28	86240	买盘
11:15:39	30.8	--	36	110880	买盘
11:15:36	30.8	-0.01	27	83160	卖盘
11:15:33	30.81	--	11	33891	买盘
11:15:30	30.81	0.01	2	6162	买盘
11:15:27	30.8	--	4	12320	卖盘
11:15:24	30.8	--	41	126280	卖盘
11:15:21	30.8	-0.01	3	9240	买盘
11:15:18	30.81	--	23	70863	买盘
11:15:15	30.81	0.01	11	33891	买盘
11:15:12	30.8	--	12	36960	买盘
11:15:09	30.8	--	4	12320	买盘
11:15:03	30.8	--	9	27720	卖盘
11:15:00	30.8	0.04	2	6160	中性盘
11:14:57	30.76	-0.05	11	33836	卖盘
11:14:54	30.81	--	7	21567	买盘
11:14:51	30.81	0.05	5	15405	买盘
11:14:48	30.76	--	2	6152	卖盘
11:14:36	30.76	-0.05	12	36912	卖盘
11:14:30	30.81	0.07	9	27729	买盘
11:14:27	30.74	--	7	21518	卖盘
11:14:24	30.74	-0.07	12	36888	中性盘
11:14:12	30.81	0.11	6	18486	买盘
11:14:06	30.7	--	2	6140	卖盘
11:14:00	30.7	-0.11	200	614000	卖盘
11:13:57	30.81	--	37	113997	卖盘
11:13:54	30.81	--	5	15405	卖盘
11:13:45	30.81	-0.08	7	21567	卖盘
11:13:42	30.89	0.08	4	12356	买盘
11:13:39	30.81	-0.14	10	30810	卖盘
11:13:33	30.95	--	50	154750	买盘
11:13:30	30.95	--	176	545339	卖盘
11:13:27	30.95	-0.01	34	106468	卖盘
11:13:24	30.96	--	12	37152	买盘
11:13:18	30.96	--	110	341798	卖盘
11:13:15	30.96	-0.01	8	26625	卖盘
11:13:12	30.97	--	4	12388	卖盘
11:13:09	30.97	-0.02	8	24776	卖盘
11:13:06	30.99	0.03	89	275811	买盘
11:13:03	30.96	-0.01	4	12384	卖盘
11:13:00	30.97	-0.02	148	458356	卖盘
11:12:54	30.99	-0.01	1	3099	中性盘
11:12:48	31.0	0.03	20	62000	买盘
11:12:45	30.97	-0.03	9	27873	卖盘
11:12:42	31.0	-0.01	3	9300	买盘
11:12:39	31.01	--	3	9303	买盘
11:12:36	31.01	0.01	66	204666	买盘
11:12:33	31.0	--	29	89900	卖盘
11:12:30	31.0	-0.01	48	148800	卖盘
11:12:27	31.01	0.05	149	462049	买盘
11:12:24	30.96	-0.02	85	263160	卖盘
11:12:21	30.98	-0.02	13	40274	卖盘
11:12:18	31.0	--	13	40300	买盘
11:12:15	31.0	--	17	53320	买盘
11:12:12	31.0	0.02	3	9300	买盘
11:12:09	30.98	-0.02	29	92320	卖盘
11:12:03	31.0	--	13	40300	买盘
11:12:00	31.0	0.02	27	83700	买盘
11:11:57	30.98	0.01	42	130116	买盘
11:11:54	30.97	-0.03	21	65037	卖盘
11:11:51	31.0	--	32	99200	买盘
11:11:48	31.0	0.02	29	89900	买盘
11:11:45	30.98	--	9	27882	中性盘
11:11:39	30.98	-0.02	30	92940	中性盘
11:11:36	31.0	0.02	38	117800	买盘
11:11:33	30.98	0.03	18	55764	买盘
11:11:30	30.95	--	20	61900	卖盘
11:11:27	30.95	-0.01	80	247600	卖盘
11:11:24	30.96	0.01	8	25387	买盘
11:11:21	30.95	-0.01	31	95945	卖盘
11:11:18	30.96	0.01	14	43344	买盘
11:11:15	30.95	--	2	6190	卖盘
11:11:12	30.95	--	20	61900	卖盘
11:11:06	30.95	--	74	231506	卖盘
11:11:03	30.95	0.14	341	1056633	买盘
11:11:00	30.81	0.01	3	9243	买盘
11:10:57	30.8	--	3	9240	卖盘
11:10:51	30.8	0.01	5	15400	中性盘
11:10:42	30.79	0.06	111	341769	卖盘
11:10:39	30.73	-0.06	54	168400	卖盘
11:10:33	30.79	-0.01	1	3079	买盘
11:10:30	30.8	--	86	264880	买盘
11:10:24	30.8	0.07	10	30800	买盘
11:10:21	30.73	-0.01	13	39949	卖盘
11:10:18	30.74	--	11	36273	卖盘
11:10:15	30.74	-0.05	6	18444	卖盘
11:10:12	30.79	--	14	43106	卖盘
11:10:09	30.79	0.07	13	40027	买盘
11:10:06	30.72	--	2	6144	卖盘
11:09:57	30.72	--	23	70656	卖盘
11:09:54	30.72	0.02	17	52224	买盘
11:09:51	30.7	--	10	30700	卖盘
11:09:48	30.7	-0.02	1	3070	卖盘
11:09:42	30.72	0.03	5	15360	买盘
11:09:33	30.69	0.01	6	18414	中性盘
11:09:30	30.68	--	16	49088	卖盘
11:09:27	30.68	0.03	109	334412	买盘
11:09:24	30.65	-0.01	15	45975	卖盘
11:09:21	30.66	--	9	27594	卖盘
11:09:18	30.66	--	7	21462	卖盘
11:09:15	30.66	--	9	27594	卖盘
11:09:09	30.66	--	1	3066	卖盘
11:09:06	30.66	--	6	18396	买盘
11:09:03	30.66	0.01	1	3066	买盘
11:09:00	30.65	-0.01	18	56396	卖盘
11:08:54	30.66	--	22	68065	卖盘
11:08:51	30.66	-0.02	2	8584	卖盘
11:08:42	30.68	--	9	27612	买盘
11:08:36	30.68	--	4	12272	买盘
11:08:33	30.68	-0.02	4	12272	卖盘
11:08:24	30.7	--	2	6140	买盘
11:08:21	30.7	-0.07	8	24560	卖盘
11:08:18	30.77	0.07	5	15385	买盘
11:08:15	30.7	-0.03	5	15350	卖盘
11:08:12	30.73	--	11	33803	卖盘
11:08:09	30.73	-0.05	1	5531	卖盘
11:08:06	30.78	0.01	1	3078	买盘
11:08:00	30.77	-0.03	15	46155	中性盘
11:07:57	30.8	--	43	132440	买盘
11:07:54	30.8	--	2	6160	买盘
11:07:42	30.8	0.07	3	9240	买盘
11:07:39	30.73	-0.1	67	205891	卖盘
11:07:33	30.83	0.03	1	3083	买盘
11:07:30	30.8	--	3	9240	卖盘
11:07:24	30.8	-0.03	10	30800	卖盘
11:07:21	30.83	-0.03	10	30830	卖盘
11:07:18	30.86	--	22	67892	买盘
11:07:15	30.86	--	12	37032	卖盘
11:07:12	30.86	-0.04	66	203676	卖盘
11:07:09	30.9	--	54	166860	买盘
11:07:03	30.9	0.01	10	30900	买盘
11:07:00	30.89	-0.01	41	128502	卖盘
11:06:57	30.9	--	11	33990	卖盘
11:06:54	30.9	-0.04	67	208266	卖盘
11:06:51	30.94	0.02	18	55692	买盘
11:06:48	30.92	0.02	3	9276	买盘
11:06:45	30.9	-0.02	21	64890	卖盘
11:06:42	30.92	-0.02	6	18552	卖盘
11:06:39	30.94	-0.01	6	18564	中性盘
11:06:33	30.95	--	5	15475	买盘
11:06:27	30.95	--	3	10523	卖盘
11:06:24	30.95	--	56	175796	卖盘
11:06:21	30.95	--	14	43330	卖盘
11:06:18	30.95	--	7	21665	卖盘
11:06:15	30.95	--	8	24760	卖盘
11:06:12	30.95	0.03	63	197461	买盘
11:06:09	30.92	-0.03	2	6184	卖盘
11:06:06	30.95	0.03	26	80470	买盘
11:06:00	30.92	0.02	8	24736	中性盘
11:05:54	30.9	-0.02	21	64890	卖盘
11:05:51	30.92	-0.03	8	25354	卖盘
11:05:48	30.95	0.05	145	451251	买盘
11:05:45	30.9	0.04	20	61800	买盘
11:05:42	30.86	-0.04	10	30860	卖盘
11:05:36	30.9	0.04	12	37080	买盘
11:05:33	30.86	-0.05	36	111096	卖盘
11:05:30	30.91	0.03	26	80366	买盘
11:05:27	30.88	-0.01	20	61760	买盘
11:05:21	30.89	-0.02	63	196460	卖盘
11:05:18	30.91	0.02	19	59965	买盘
11:05:15	30.89	-0.01	8	24712	卖盘
11:05:09	30.9	0.01	47	145230	买盘
11:05:06	30.89	--	9	27801	买盘
11:05:03	30.89	--	2	6178	买盘
11:05:00	30.89	0.01	26	80314	买盘
11:04:57	30.88	0.03	26	80288	买盘
11:04:54	30.85	0.01	4	12340	买盘
11:04:51	30.84	0.01	2	7401	中性盘
11:04:45	30.83	0.01	20	63509	买盘
11:04:42	30.82	0.02	3	9246	买盘
11:04:39	30.8	--	7	22176	卖盘
11:04:36	30.8	0.04	41	128744	买盘
11:04:33	30.76	0.01	10	30760	买盘
11:04:24	30.75	0.02	68	211560	买盘
11:04:21	30.73	0.01	243	746739	买盘
11:04:18	30.72	--	11	33792	卖盘
11:04:15	30.72	--	52	159744	卖盘
11:04:12	30.72	0.02	6	18432	买盘
11:04:09	30.7	--	331	1018626	卖盘
11:04:06	30.7	--	37	113590	卖盘
11:04:03	30.7	0.18	272	835040	买盘
11:04:00	30.52	-0.03	5	15260	卖盘
11:03:57	30.55	-0.05	44	135642	卖盘
11:03:54	30.6	0.02	16	48960	买盘
11:03:51	30.58	0.03	4	12232	中性盘
11:03:48	30.55	-0.05	9	29328	卖盘
11:03:45	30.6	0.05	12	36720	买盘
11:03:39	30.55	0.04	5	15275	中性盘
11:03:36	30.51	-0.1	143	437513	卖盘
11:03:33	30.61	0.03	54	165294	买盘
11:03:30	30.58	-0.03	10	30580	买盘
11:03:24	30.61	0.01	120	367320	买盘
11:03:21	30.6	--	5	15300	买盘
11:03:18	30.6	-0.01	2	6120	卖盘
11:03:15	30.61	0.07	38	116318	买盘
11:03:12	30.54	-0.07	367	1123261	卖盘
11:03:09	30.61	-0.01	11	33671	卖盘
11:03:06	30.62	-0.01	7	21434	中性盘
11:03:03	30.63	--	16	50845	买盘
11:03:00	30.63	--	5	15315	买盘
11:02:54	30.63	0.01	5	15315	买盘
11:02:51	30.62	-0.03	16	50216	卖盘
11:02:48	30.65	--	9	27585	买盘
11:02:45	30.65	0.01	17	52718	买盘
11:02:42	30.64	-0.03	4	12256	卖盘
11:02:39	30.67	--	8	25762	卖盘
11:02:36	30.67	--	11	35577	买盘
11:02:33	30.67	0.04	26	82195	买盘
11:02:30	30.63	0.01	4	12252	中性盘
11:02:27	30.62	-0.03	14	42868	卖盘
11:02:21	30.65	-0.01	9	27585	买盘
11:02:18	30.66	-0.01	30	91980	卖盘
11:02:12	30.67	--	22	67474	买盘
11:02:09	30.67	0.01	24	73608	买盘
11:02:06	30.66	--	5	15330	卖盘
11:02:03	30.66	--	15	45990	买盘
11:02:00	30.66	--	101	309666	卖盘
11:01:57	30.66	0.01	4	12264	卖盘
11:01:54	30.65	--	4	12260	卖盘
11:01:51	30.65	-0.02	30	91950	卖盘
11:01:48	30.67	0.01	4	12268	买盘
11:01:45	30.66	--	5	15330	卖盘
11:01:42	30.66	--	16	49056	卖盘
11:01:39	30.66	--	11	33726	卖盘
11:01:36	30.66	--	11	33726	卖盘
11:01:30	30.66	--	15	45990	买盘
11:01:24	30.66	--	57	174762	买盘
11:01:21	30.66	0.04	17	52122	买盘
11:01:18	30.62	-0.04	213	654655	卖盘
11:01:15	30.66	-0.01	17	52122	卖盘
11:01:12	30.67	--	6	18402	买盘
11:01:09	30.67	--	7	21469	买盘
11:01:06	30.67	0.05	12	36804	买盘
11:01:03	30.62	-0.08	2	6124	卖盘
11:01:00	30.7	0.05	20	61400	买盘
11:00:57	30.65	0.03	5	15325	买盘
11:00:54	30.62	--	24	73488	卖盘
11:00:51	30.62	-0.05	4	12248	卖盘
11:00:48	30.67	-0.03	5	15335	卖盘
11:00:45	30.7	0.05	23	70610	买盘
11:00:36	30.65	-0.05	2	6130	卖盘
11:00:33	30.7	--	4	12280	买盘
11:00:30	30.7	--	7	21490	买盘
11:00:27	30.7	0.01	2	6140	买盘
11:00:24	30.69	-0.01	2	6138	卖盘
11:00:21	30.7	--	4	12280	买盘
11:00:18	30.7	--	13	39910	买盘
11:00:15	30.7	0.01	29	89030	买盘
11:00:12	30.69	-0.03	4	12276	卖盘
11:00:09	30.72	0.03	169	519168	买盘
11:00:06	30.69	-0.01	7	21483	卖盘
11:00:03	30.7	--	14	42980	卖盘
11:00:00	30.7	--	34	104380	卖盘
10:59:57	30.7	0.01	26	79820	买盘
10:59:51	30.69	0.04	7	21483	买盘
10:59:48	30.65	-0.04	13	39845	卖盘
10:59:45	30.69	0.08	17	52173	买盘
10:59:42	30.61	--	29	88769	卖盘
10:59:39	30.61	--	7	22651	卖盘
10:59:36	30.61	--	4	12244	卖盘
10:59:33	30.61	--	4	12244	买盘
10:59:30	30.61	--	5	15305	买盘
10:59:27	30.61	0.01	20	61220	买盘
10:59:21	30.6	--	5	15300	卖盘
10:59:18	30.6	0.04	2	6120	买盘
10:59:15	30.56	--	6	18336	卖盘
10:59:12	30.56	-0.04	9	27504	卖盘
10:59:09	30.6	--	4	12240	买盘
10:59:06	30.6	0.05	39	119340	买盘
10:59:03	30.55	--	45	137475	卖盘
10:59:00	30.55	--	36	112424	买盘
10:58:57	30.55	--	74	226070	买盘
10:58:54	30.55	--	6	18330	买盘
10:58:51	30.55	--	40	122200	买盘
10:58:48	30.55	--	23	70265	买盘
10:58:45	30.55	--	23	72709	买盘
10:58:42	30.55	0.01	28	85540	买盘
10:58:39	30.54	0.02	64	196677	卖盘
10:58:36	30.52	-0.03	55	167860	卖盘
10:58:33	30.55	0.03	7	21385	买盘
10:58:30	30.52	-0.02	99	302148	卖盘
10:58:27	30.54	0.02	3	9162	卖盘
10:58:24	30.52	--	6	18312	卖盘
10:58:21	30.52	--	38	115976	卖盘
10:58:18	30.52	0.01	64	197769	买盘
10:58:15	30.51	--	6	18306	卖盘
10:58:12	30.51	0.01	4	12204	卖盘
10:58:09	30.5	--	75	228750	卖盘
10:58:06	30.5	-0.05	23	70150	卖盘
10:58:03	30.55	0.05	17	51935	买盘
10:58:00	30.5	--	25	76250	卖盘
10:57:57	30.5	-0.05	53	161650	卖盘
10:57:54	30.55	-0.01	42	128921	卖盘
10:57:51	30.56	-0.02	21	64176	卖盘
10:57:48	30.58	--	24	73392	卖盘
10:57:45	30.58	0.02	21	66664	买盘
10:57:42	30.56	0.06	23	70288	买盘
10:57:39	30.5	-0.06	7	21350	卖盘
10:57:36	30.56	0.06	13	39728	中性盘
10:57:33	30.5	-0.1	665	2028250	卖盘
10:57:30	30.6	0.01	38	116280	买盘
10:57:27	30.59	0.02	5	15295	买盘
10:57:24	30.57	-0.02	2	6114	中性盘
10:57:21	30.59	-0.01	13	39767	卖盘
10:57:18	30.6	--	44	134640	买盘
10:57:15	30.6	0.02	45	137700	买盘
10:57:12	30.58	--	17	51986	卖盘
10:57:09	30.58	-0.02	8	24464	卖盘
10:57:06	30.6	-0.01	96	294984	卖盘
10:57:03	30.61	--	1	3061	买盘
10:57:00	30.61	--	48	146928	买盘
10:56:57	30.61	--	26	79586	卖盘
10:56:51	30.61	-0.04	9	27549	卖盘
10:56:48	30.65	--	61	186965	买盘
10:56:45	30.65	--	42	128730	卖盘
10:56:42	30.65	0.03	9	27585	中性盘
10:56:39	30.62	-0.06	42	128604	卖盘
10:56:36	30.68	0.01	28	85904	买盘
10:56:33	30.67	0.06	26	79742	买盘
10:56:30	30.61	-0.02	46	140806	卖盘
10:56:27	30.63	-0.02	9	27567	中性盘
10:56:24	30.65	--	66	202290	卖盘
10:56:18	30.65	-0.03	4	12260	卖盘
10:56:15	30.68	--	6	18408	买盘
10:56:12	30.68	0.03	1	3068	中性盘
10:56:09	30.65	--	16	49040	卖盘
10:56:06	30.65	-0.04	7	21455	卖盘
10:56:03	30.69	0.01	17	52173	买盘
10:56:00	30.68	-0.02	16	49088	卖盘
10:55:57	30.7	0.01	10	30700	买盘
10:55:54	30.69	-0.01	10	30690	卖盘
10:55:48	30.7	--	8	24560	买盘
10:55:45	30.7	0.05	17	52190	买盘
10:55:42	30.65	-0.05	26	79690	卖盘
10:55:39	30.7	--	9	27630	买盘
10:55:36	30.7	--	6	18420	买盘
10:55:33	30.7	--	4	12280	买盘
10:55:30	30.7	-0.01	20	61400	卖盘
10:55:27	30.71	--	52	159692	买盘
10:55:24	30.71	0.01	35	107485	买盘
10:55:21	30.7	0.01	3	9210	卖盘
10:55:18	30.69	-0.01	3	9207	卖盘
10:55:12	30.7	-0.01	56	171920	卖盘
10:55:09	30.71	0.01	110	340266	买盘
10:55:06	30.7	--	9	28858	买盘
10:55:03	30.7	-0.02	47	144290	卖盘
10:55:00	30.72	--	45	138240	买盘
10:54:57	30.72	--	4	12288	买盘
10:54:54	30.72	0.02	4	12288	买盘
10:54:51	30.7	-0.02	24	73680	卖盘
10:54:45	30.72	--	50	153600	买盘
10:54:42	30.72	--	41	125952	卖盘
10:54:39	30.72	--	13	39936	卖盘
10:54:36	30.72	-0.03	22	67584	卖盘
10:54:33	30.75	0.05	5	15375	买盘
10:54:30	30.7	-0.01	15	46050	卖盘
10:54:27	30.71	-0.01	17	52207	卖盘
10:54:21	30.72	--	2	6144	买盘
10:54:18	30.72	--	7	21504	买盘
10:54:15	30.72	-0.03	4	12288	中性盘
10:54:12	30.75	0.04	3	9225	买盘
10:54:06	30.71	-0.04	2	6142	卖盘
10:54:00	30.75	-0.05	23	70725	卖盘
10:53:54	30.8	0.03	17	52360	买盘
10:53:51	30.77	--	19	58463	卖盘
10:53:48	30.77	-0.03	6	18462	卖盘
10:53:45	30.8	-0.01	39	120120	中性盘
10:53:39	30.81	--	9	27729	买盘
10:53:36	30.81	--	50	154050	买盘
10:53:33	30.81	0.03	12	36972	买盘
10:53:30	30.78	-0.04	322	992070	卖盘
10:53:27	30.82	--	7	21574	买盘
10:53:24	30.82	0.01	5	15410	买盘
10:53:21	30.81	-0.01	16	49296	卖盘
10:53:12	30.82	0.01	6	18492	买盘
10:53:09	30.81	-0.01	1	3081	卖盘
10:53:06	30.82	--	35	107870	卖盘
10:53:03	30.82	--	58	178756	卖盘
10:53:00	30.82	-0.01	15	46230	卖盘
10:52:57	30.83	--	22	67826	买盘
10:52:42	30.83	-0.02	13	41312	卖盘
10:52:39	30.85	0.02	5	15425	买盘
10:52:36	30.83	--	16	51794	卖盘
10:52:30	30.83	--	5	15415	卖盘
10:52:27	30.83	--	16	49328	卖盘
10:52:24	30.83	-0.02	16	49328	卖盘
10:52:21	30.85	0.02	13	40105	买盘
10:52:18	30.83	-0.02	2	6166	卖盘
10:52:15	30.85	0.02	3	9255	买盘
10:52:09	30.83	--	1	5549	卖盘
10:52:06	30.83	--	11	33913	卖盘
10:52:00	30.83	-0.02	1	3083	卖盘
10:51:57	30.85	0.02	13	40105	买盘
10:51:54	30.83	-0.02	17	52411	卖盘
10:51:51	30.85	--	2	6170	买盘
10:51:42	30.85	0.03	23	70955	买盘
10:51:39	30.82	--	7	21574	卖盘
10:51:36	30.82	--	10	30820	卖盘
10:51:33	30.82	--	27	83214	买盘
10:51:30	30.82	0.01	3	9246	买盘
10:51:21	30.81	-0.01	3	9243	卖盘
10:51:18	30.82	--	6	18492	买盘
10:51:15	30.82	0.01	2	6164	买盘
10:51:12	30.81	--	1	3081	卖盘
10:51:09	30.81	-0.01	8	27112	卖盘
10:51:06	30.82	-0.03	8	24656	卖盘
10:51:03	30.85	0.03	11	33935	买盘
10:51:00	30.82	--	10	30820	卖盘
10:50:54	30.82	-0.04	2	6164	中性盘
10:50:48	30.86	0.01	7	21602	卖盘
10:50:45	30.85	--	26	80210	买盘
10:50:42	30.85	0.04	41	126485	中性盘
10:50:39	30.81	-0.04	20	61620	卖盘
10:50:33	30.85	--	14	43190	卖盘
10:50:30	30.85	-0.05	38	118464	卖盘
10:50:27	30.9	--	2	6180	卖盘
10:50:24	30.9	0.04	12	38316	买盘
10:50:21	30.86	--	2	6172	买盘
10:50:15	30.86	--	3	9258	买盘
10:50:12	30.86	--	8	24688	买盘
10:50:09	30.86	-0.06	10	32711	卖盘
10:50:06	30.92	0.02	177	548520	买盘
10:49:57	30.9	0.02	2	6180	买盘
10:49:54	30.88	-0.01	2	6176	卖盘
10:49:51	30.89	-0.01	7	23476	卖盘
10:49:48	30.9	--	2	6180	卖盘
10:49:45	30.9	--	14	44496	买盘
10:49:42	30.9	--	21	66744	卖盘
10:49:39	30.9	--	15	46350	卖盘
10:49:30	30.9	-0.01	199	616764	卖盘
10:49:27	30.91	--	2	6182	卖盘
10:49:24	30.91	--	4	12364	卖盘
10:49:21	30.91	-0.01	14	43274	卖盘
10:49:18	30.92	0.01	13	40196	买盘
10:49:12	30.91	-0.01	10	30910	卖盘
10:49:09	30.92	0.01	6	18552	中性盘
10:49:03	30.91	-0.01	21	64911	卖盘
10:49:00	30.92	--	0	1236	卖盘
10:48:57	30.92	-0.02	25	77300	卖盘
10:48:54	30.94	--	7	21658	买盘
10:48:51	30.94	0.03	8	24752	买盘
10:48:45	30.91	-0.03	29	89639	卖盘
10:48:42	30.94	0.02	2	6188	买盘
10:48:39	30.92	--	11	34012	买盘
10:48:36	30.92	-0.02	27	83484	卖盘
10:48:27	30.94	0.02	7	21658	买盘
10:48:24	30.92	-0.01	22	68024	卖盘
10:48:21	30.93	-0.01	8	24744	卖盘
10:48:15	30.94	0.01	2	6188	买盘
10:48:12	30.93	--	9	27837	卖盘
10:48:09	30.93	-0.03	19	58767	卖盘
10:48:06	30.96	--	5	15480	买盘
10:48:00	30.96	0.03	15	46440	买盘
10:47:57	30.93	--	13	40209	买盘
10:47:54	30.93	0.01	7	21651	买盘
10:47:51	30.92	-0.01	1	3092	中性盘
10:47:48	30.93	-0.02	3	11753	卖盘
10:47:45	30.95	--	1	3095	卖盘
10:47:42	30.95	0.05	65	201794	买盘
10:47:39	30.9	-0.02	10	30900	卖盘
10:47:36	30.92	--	3	9276	卖盘
10:47:33	30.92	--	4	12368	卖盘
10:47:30	30.92	--	4	12368	买盘
10:47:27	30.92	0.02	4	12368	买盘
10:47:24	30.9	--	8	24720	卖盘
10:47:21	30.9	--	14	43260	卖盘
10:47:18	30.9	-0.02	15	46350	卖盘
10:47:15	30.92	0.02	9	27828	买盘
10:47:12	30.9	--	21	64890	卖盘
10:47:09	30.9	0.1	152	470916	买盘
10:47:06	30.8	--	11	33880	卖盘
10:47:03	30.8	--	13	41272	卖盘
10:46:54	30.8	--	1	3080	卖盘
10:46:51	30.8	--	39	120120	买盘
10:46:45	30.8	0.01	5	15400	买盘
10:46:39	30.79	-0.01	8	24632	卖盘
10:46:36	30.8	-0.01	30	92400	卖盘
10:46:33	30.81	0.01	2	6162	买盘
10:46:27	30.8	--	51	157080	卖盘
10:46:21	30.8	-0.01	7	21560	中性盘
10:46:15	30.81	-0.08	5	15405	买盘
10:46:09	30.89	--	2	6178	买盘
10:46:03	30.89	0.08	81	250209	买盘
10:46:00	30.81	-0.08	2	6162	卖盘
10:45:51	30.89	--	10	30890	买盘
10:45:48	30.89	--	3	9267	买盘
10:45:45	30.89	--	26	80314	买盘
10:45:42	30.89	0.08	6	18534	买盘
10:45:39	30.81	-0.13	100	308100	卖盘
10:45:36	30.94	--	0	1856	卖盘
10:45:33	30.94	--	21	66211	买盘
10:45:30	30.94	--	16	49504	买盘
10:45:27	30.94	--	21	64974	买盘
10:45:24	30.94	--	7	21658	买盘
10:45:21	30.94	-0.01	3	9282	中性盘
10:45:15	30.95	--	4	12380	买盘
10:45:12	30.95	0.01	10	30950	买盘
10:45:09	30.94	0.04	1	3094	中性盘
10:45:06	30.9	-0.04	23	71070	卖盘
10:45:00	30.94	0.04	7	21658	买盘
10:44:57	30.9	--	4	12360	卖盘
10:44:48	30.9	--	119	367710	买盘
10:44:42	30.9	--	1	3090	买盘
10:44:36	30.9	--	18	55620	买盘
10:44:27	30.9	0.01	15	46350	买盘
10:44:24	30.89	--	1	3089	买盘
10:44:21	30.89	0.04	1	3089	买盘
10:44:18	30.85	-0.04	3	9255	卖盘
10:44:15	30.89	0.04	1	3089	买盘
10:44:12	30.85	--	19	59849	中性盘
10:44:09	30.85	--	1	3085	买盘
10:44:06	30.85	--	3	9255	买盘
10:44:03	30.85	-0.04	45	138825	卖盘
10:44:00	30.89	--	1	3089	买盘
10:43:57	30.89	0.04	11	33979	买盘
10:43:54	30.85	0.05	12	37020	买盘
10:43:51	30.8	--	65	200200	卖盘
10:43:45	30.8	-0.05	10	30800	卖盘
10:43:42	30.85	0.05	3	9255	买盘
10:43:36	30.8	--	5	15400	卖盘
10:43:33	30.8	--	3	9240	卖盘
10:43:30	30.8	--	11	33880	买盘
10:43:27	30.8	0.01	14	43120	买盘
10:43:24	30.79	-0.01	58	178582	卖盘
10:43:21	30.8	--	6	18480	买盘
10:43:18	30.8	--	6	18480	买盘
10:43:15	30.8	--	10	30800	买盘
10:43:12	30.8	--	27	83160	买盘
10:43:03	30.8	--	10	30800	买盘
10:43:00	30.8	0.02	2	6160	买盘
10:42:57	30.78	-0.01	55	169290	卖盘
10:42:54	30.79	--	12	36948	买盘
10:42:51	30.79	--	1	3079	买盘
10:42:48	30.79	--	2	6158	买盘
10:42:45	30.79	-0.01	27	83133	中性盘
10:42:42	30.8	--	10	30800	买盘
10:42:39	30.8	0.01	63	194040	买盘
10:42:36	30.79	--	1	3079	卖盘
10:42:33	30.79	0.01	7	21553	卖盘
10:42:27	30.78	-0.01	19	60944	卖盘
10:42:24	30.79	0.01	9	27711	买盘
10:42:21	30.78	--	0	2739	卖盘
10:42:12	30.78	0.02	207	638377	买盘
10:42:09	30.76	-0.02	11	33836	中性盘
10:42:06	30.78	--	52	160056	买盘
10:42:03	30.78	--	41	126198	买盘
10:42:00	30.78	0.02	18	55404	买盘
10:41:57	30.76	-0.02	6	18456	中性盘
10:41:48	30.78	0.02	57	175446	买盘
10:41:45	30.76	--	5	15380	买盘
10:41:42	30.76	--	16	49216	买盘
10:41:39	30.76	--	16	49216	买盘
10:41:36	30.76	-0.04	29	89204	卖盘
10:41:30	30.8	0.04	5	15400	买盘
10:41:24	30.76	--	5	15380	卖盘
10:41:15	30.76	--	2	6152	卖盘
10:41:12	30.76	--	10	31990	卖盘
10:41:09	30.76	--	27	83052	卖盘
10:41:06	30.76	--	57	177792	买盘
10:41:03	30.76	--	38	116888	买盘
10:41:00	30.76	0.01	16	49216	买盘
10:40:54	30.75	-0.01	33	101475	卖盘
10:40:51	30.76	0.01	3	9228	买盘
10:40:48	30.75	--	21	64575	卖盘
10:40:45	30.75	-0.01	8	24600	卖盘
10:40:42	30.76	--	6	18456	买盘
10:40:39	30.76	0.01	3	9228	买盘
10:40:36	30.75	--	2	6150	卖盘
10:40:30	30.75	--	5	15375	卖盘
10:40:27	30.75	0.04	26	79950	买盘
10:40:21	30.71	--	7	21497	买盘
10:40:18	30.71	-0.01	27	82917	中性盘
10:40:15	30.72	-0.03	29	89088	中性盘
10:40:12	30.75	0.04	29	89175	买盘
10:40:09	30.71	--	51	156621	卖盘
10:40:06	30.71	0.01	2	6142	中性盘
10:40:00	30.7	0.03	18	56488	卖盘
10:39:57	30.67	--	3	9201	卖盘
10:39:54	30.67	-0.03	19	58273	卖盘
10:39:48	30.7	--	25	76750	卖盘
10:39:45	30.7	0.04	41	128326	买盘
10:39:42	30.66	-0.04	16	49056	卖盘
10:39:39	30.7	--	7	21490	买盘
10:39:36	30.7	0.03	14	42980	买盘
10:39:33	30.67	0.01	19	59499	买盘
10:39:30	30.66	-0.04	14	42924	卖盘
10:39:27	30.7	--	2	6140	买盘
10:39:24	30.7	0.05	10	30700	买盘
10:39:21	30.65	-0.05	85	260525	卖盘
10:39:18	30.7	0.03	27	82890	买盘
10:39:15	30.67	--	10	30670	卖盘
10:39:12	30.67	--	19	58273	卖盘
10:39:09	30.67	-0.03	120	370493	卖盘
10:39:06	30.7	--	22	67540	买盘
10:39:03	30.7	--	7	21490	买盘
10:38:57	30.7	-0.02	11	33770	卖盘
10:38:54	30.72	0.02	36	111820	中性盘
10:38:51	30.7	-0.05	5	15350	卖盘
10:38:48	30.75	0.05	2	6150	买盘
10:38:45	30.7	-0.03	215	660050	卖盘
10:38:42	30.73	0.03	5	15365	中性盘
10:38:39	30.7	--	22	67540	卖盘
10:38:36	30.7	-0.05	90	278142	卖盘
10:38:33	30.75	-0.01	66	202950	卖盘
10:38:30	30.76	0.01	5	16610	买盘
10:38:27	30.75	-0.01	3	9225	卖盘
10:38:24	30.76	0.01	40	123040	买盘
10:38:21	30.75	-0.01	4	12300	卖盘
10:38:18	30.76	0.01	2	6152	中性盘
10:38:09	30.75	-0.05	14	43050	卖盘
10:38:06	30.8	0.04	27	83160	买盘
10:38:03	30.76	-0.04	6	18456	卖盘
10:38:00	30.8	--	2	6160	买盘
10:37:57	30.8	0.04	44	135520	买盘
10:37:54	30.76	--	2	6152	买盘
10:37:51	30.76	--	1	3076	买盘
10:37:48	30.76	-0.09	18	55368	卖盘
10:37:45	30.85	--	104	320840	买盘
10:37:42	30.85	0.09	10	30850	买盘
10:37:36	30.76	--	6	18456	卖盘
10:37:33	30.76	--	21	66441	卖盘
10:37:30	30.76	--	9	27684	卖盘
10:37:27	30.76	0.01	5	15380	卖盘
10:37:24	30.75	-0.1	21	64575	卖盘
10:37:21	30.85	0.1	15	46275	买盘
10:37:18	30.75	--	23	70725	卖盘
10:37:15	30.75	-0.01	3	9225	卖盘
10:37:12	30.76	--	22	67672	买盘
10:37:09	30.76	-0.09	13	39988	卖盘
10:37:06	30.85	0.1	3	9255	买盘
10:37:03	30.75	--	3	9225	卖盘
10:36:54	30.75	--	5	15375	卖盘
10:36:51	30.75	0.04	14	43050	买盘
10:36:48	30.71	--	2	6142	卖盘
10:36:45	30.71	0.05	2	6142	卖盘
10:36:42	30.66	-0.05	6	18396	卖盘
10:36:39	30.71	0.05	61	187331	买盘
10:36:36	30.66	--	7	21462	卖盘
10:36:33	30.66	-0.02	9	27594	卖盘
10:36:30	30.68	0.02	35	108116	买盘
10:36:27	30.66	--	42	128772	买盘
10:36:24	30.66	0.01	16	49056	买盘
10:36:21	30.65	-0.01	15	46588	卖盘
10:36:18	30.66	--	32	98112	买盘
10:36:15	30.66	-0.02	5	17169	卖盘
10:36:12	30.68	0.05	20	61360	卖盘
10:36:09	30.63	--	19	59422	买盘
10:36:06	30.63	-0.02	178	547051	卖盘
10:36:03	30.65	-0.1	16	49040	卖盘
10:36:00	30.75	-0.15	0	1230	中性盘
10:35:57	30.9	0.24	342	1056780	买盘
10:35:54	30.66	0.03	50	153300	买盘
10:35:51	30.63	--	3	9189	卖盘
10:35:48	30.63	--	58	177654	买盘
10:35:45	30.63	0.03	5	15315	买盘
10:35:42	30.6	--	5	15300	卖盘
10:35:39	30.6	0.04	45	137700	卖盘
10:35:36	30.56	-0.04	22	67232	卖盘
10:35:33	30.6	0.05	11	34272	买盘
10:35:30	30.55	0.01	8	24440	买盘
10:35:27	30.54	--	193	591865	卖盘
10:35:24	30.54	--	20	61080	卖盘
10:35:21	30.54	-0.01	9	27486	卖盘
10:35:18	30.55	0.04	129	394095	中性盘
10:35:15	30.51	--	270	824380	买盘
10:35:12	30.51	0.01	126	384426	买盘
10:35:09	30.5	-0.04	19	59170	卖盘
10:35:06	30.54	0.04	15	45810	中性盘
10:35:03	30.5	-0.03	75	228750	卖盘
10:35:00	30.53	0.02	20	61060	中性盘
10:34:57	30.51	-0.08	30	91530	卖盘
10:34:54	30.59	--	1	3059	买盘
10:34:51	30.59	-0.01	86	264297	中性盘
10:34:48	30.6	--	70	214200	买盘
10:34:45	30.6	0.01	43	133416	买盘
10:34:42	30.59	-0.04	92	282651	卖盘
10:34:39	30.63	--	1	3063	买盘
10:34:36	30.63	0.03	14	42882	买盘
10:34:33	30.6	--	11	33660	卖盘
10:34:30	30.6	-0.04	187	572220	卖盘
10:34:27	30.64	--	6	18384	买盘
10:34:24	30.64	--	1	3064	买盘
10:34:21	30.64	--	14	42896	买盘
10:34:18	30.64	-0.01	2	6128	买盘
10:34:15	30.65	--	14	42910	买盘
10:34:12	30.65	--	17	52105	买盘
10:34:06	30.65	--	21	64365	买盘
10:34:03	30.65	--	25	76625	买盘
10:34:00	30.65	--	36	110340	卖盘
10:33:57	30.65	--	3	9195	卖盘
10:33:54	30.65	--	11	33715	卖盘
10:33:51	30.65	-0.01	9	27585	卖盘
10:33:48	30.66	--	47	144102	买盘
10:33:45	30.66	0.01	33	101178	买盘
10:33:42	30.65	-0.01	13	39845	卖盘
10:33:39	30.66	--	11	33726	买盘
10:33:36	30.66	--	16	51692	卖盘
10:33:33	30.66	-0.01	7	21462	卖盘
10:33:30	30.67	--	2	6134	买盘
10:33:27	30.67	-0.01	28	85876	中性盘
10:33:24	30.68	--	48	147264	中性盘
10:33:21	30.68	-0.02	9	27612	卖盘
10:33:18	30.7	--	6	18420	买盘
10:33:15	30.7	--	31	95170	买盘
10:33:12	30.7	--	3	9210	中性盘
10:33:09	30.7	--	9	27630	卖盘
10:33:06	30.7	0.01	6	18420	买盘
10:33:03	30.69	-0.01	41	125829	卖盘
10:33:00	30.7	--	13	39910	卖盘
10:32:54	30.7	0.01	31	95170	买盘
10:32:51	30.69	-0.02	55	168795	卖盘
10:32:48	30.71	0.01	51	156621	买盘
10:32:45	30.7	--	16	49120	买盘
10:32:42	30.7	--	82	251740	卖盘
10:32:39	30.7	-0.01	36	112976	卖盘
10:32:36	30.71	0.01	62	191016	买盘
10:32:33	30.7	-0.01	54	165780	卖盘
10:32:30	30.71	--	76	233396	买盘
10:32:27	30.71	--	20	61420	买盘
10:32:24	30.71	0.01	9	27639	买盘
10:32:21	30.7	-0.01	48	147360	卖盘
10:32:18	30.71	--	22	67562	买盘
10:32:15	30.71	--	8	24568	买盘
10:32:12	30.71	--	31	95815	卖盘
10:32:09	30.71	-0.02	53	162763	卖盘
10:32:06	30.73	--	29	89117	买盘
10:32:03	30.73	0.02	12	36876	买盘
10:32:00	30.71	-0.02	22	67562	卖盘
10:31:57	30.73	--	12	36876	买盘
10:31:51	30.73	--	4	12292	卖盘
10:31:48	30.73	-0.02	20	61460	卖盘
10:31:45	30.75	--	4	12300	买盘
10:31:42	30.75	0.02	8	24600	买盘
10:31:39	30.73	-0.02	24	73752	卖盘
10:31:36	30.75	-0.01	101	310575	卖盘
10:31:33	30.76	0.01	93	286068	卖盘
10:31:30	30.75	--	15	46125	卖盘
10:31:27	30.75	-0.03	13	39975	卖盘
10:31:24	30.78	-0.01	9	27702	买盘
10:31:21	30.79	0.04	46	141634	中性盘
10:31:18	30.75	-0.05	145	445875	卖盘
10:31:15	30.8	0.01	10	30800	买盘
10:31:12	30.79	--	12	36948	买盘
10:31:09	30.79	0.01	6	18474	中性盘
10:31:06	30.78	-0.02	40	123120	卖盘
10:31:00	30.8	--	1	3080	卖盘
10:30:57	30.8	--	13	40040	买盘
10:30:54	30.8	--	1	3080	买盘
10:30:51	30.8	--	30	92400	卖盘
10:30:48	30.8	-0.02	20	61600	卖盘
10:30:42	30.82	0.02	10	30820	买盘
10:30:39	30.8	-0.01	70	215600	卖盘
10:30:33	30.81	-0.04	11	33891	卖盘
10:30:27	30.85	0.01	21	64785	买盘
10:30:24	30.84	-0.01	8	24672	中性盘
10:30:21	30.85	0.02	41	126485	买盘
10:30:18	30.83	-0.02	28	86324	卖盘
10:30:12	30.85	--	4	12340	买盘
10:30:03	30.85	--	2	7404	卖盘
10:29:57	30.85	-0.05	17	52445	卖盘
10:29:54	30.9	0.05	21	64890	买盘
10:29:51	30.85	-0.05	3	11106	卖盘
10:29:48	30.9	0.05	22	67980	买盘
10:29:45	30.85	--	9	27765	卖盘
10:29:42	30.85	0.03	2	6170	买盘
10:29:39	30.82	-0.01	16	49312	卖盘
10:29:36	30.83	--	6	18498	买盘
10:29:30	30.83	--	2	6166	买盘
10:29:27	30.83	-0.02	11	33913	买盘
10:29:24	30.85	--	18	55530	卖盘
10:29:21	30.85	-0.05	10	30850	卖盘
10:29:18	30.9	-0.01	9	27810	中性盘
10:29:12	30.91	--	6	18546	买盘
10:29:09	30.91	0.01	4	12364	买盘
10:29:06	30.9	0.1	1	3090	买盘
10:29:03	30.8	-0.1	2	6160	中性盘
10:28:57	30.9	0.1	112	346080	买盘
10:28:51	30.8	0.01	7	21560	买盘
10:28:48	30.79	0.01	3	9237	卖盘
10:28:45	30.78	-0.02	5	15390	买盘
10:28:42	30.8	0.01	22	67760	买盘
10:28:39	30.79	--	36	110844	买盘
10:28:36	30.79	0.01	9	27711	买盘
10:28:33	30.78	-0.01	66	203763	卖盘
10:28:30	30.79	0.01	14	45569	买盘
10:28:27	30.78	-0.02	5	15390	卖盘
10:28:24	30.8	--	66	203280	买盘
10:28:21	30.8	--	198	609840	买盘
10:28:09	30.8	0.05	10	30800	买盘
10:28:06	30.75	-0.05	5	15375	卖盘
10:28:03	30.8	0.05	13	40040	买盘
10:28:00	30.75	--	7	21525	买盘
10:27:57	30.75	--	7	21525	卖盘
10:27:54	30.75	--	13	39975	买盘
10:27:51	30.75	-0.01	18	55350	卖盘
10:27:48	30.76	--	18	55368	买盘
10:27:45	30.76	--	33	101508	买盘
10:27:42	30.76	-0.01	43	132268	卖盘
10:27:39	30.77	0.01	30	92310	买盘
10:27:36	30.76	0.01	20	61520	卖盘
10:27:33	30.75	-0.02	55	169125	卖盘
10:27:30	30.77	--	7	21539	买盘
10:27:27	30.77	--	12	36924	买盘
10:27:24	30.77	0.02	21	64617	买盘
10:27:21	30.75	-0.02	3	9225	卖盘
10:27:18	30.77	0.01	25	76925	买盘
10:27:15	30.76	-0.01	62	190712	卖盘
10:27:12	30.77	--	5	15385	卖盘
10:27:09	30.77	-0.03	14	43078	卖盘
10:27:06	30.8	-0.01	6	18480	卖盘
10:27:03	30.81	0.01	3	9243	买盘
10:27:00	30.8	0.03	15	46200	买盘
10:26:57	30.77	--	1	3077	买盘
10:26:54	30.77	--	19	58463	买盘
10:26:51	30.77	-0.04	45	138465	卖盘
10:26:48	30.81	-0.08	5	15405	卖盘
10:26:45	30.89	0.12	17	52513	买盘
10:26:42	30.77	-0.03	10	30770	卖盘
10:26:36	30.8	0.03	5	15400	买盘
10:26:33	30.77	-0.13	9	27693	中性盘
10:26:27	30.9	0.01	12	37080	买盘
10:26:24	30.89	0.09	29	89581	买盘
10:26:18	30.8	-0.1	16	49280	卖盘
10:26:15	30.9	0.1	2	6180	买盘
10:26:12	30.8	-0.1	51	157080	卖盘
10:26:09	30.9	0.02	9	27810	买盘
10:26:06	30.88	-0.02	43	132784	卖盘
10:26:03	30.9	--	5	15450	卖盘
10:25:57	30.9	-0.01	19	58710	卖盘
10:25:51	30.91	0.01	11	34001	买盘
10:25:48	30.9	-0.01	17	52530	卖盘
10:25:39	30.91	--	20	61820	卖盘
10:25:36	30.91	-0.07	36	111276	卖盘
10:25:33	30.98	--	3	9294	买盘
10:25:30	30.98	--	22	68156	买盘
10:25:27	30.98	0.03	5	15490	买盘
10:25:24	30.95	-0.05	18	55710	卖盘
10:25:21	31.0	--	14	43400	买盘
10:25:18	31.0	-0.01	19	58900	卖盘
10:25:15	31.01	0.01	7	21707	买盘
10:25:12	31.0	--	102	316200	卖盘
10:25:09	31.0	-0.01	40	124000	卖盘
10:25:06	31.01	0.01	33	102333	买盘
10:25:03	31.0	-0.01	4	12400	卖盘
10:25:00	31.01	--	19	58919	卖盘
10:24:57	31.01	--	14	43414	卖盘
10:24:54	31.01	--	22	68222	卖盘
10:24:51	31.01	-0.05	32	99232	卖盘
10:24:48	31.06	0.01	26	80756	买盘
10:24:45	31.05	0.04	1	3105	买盘
10:24:42	31.01	--	1	3101	卖盘
10:24:39	31.01	-0.01	10	31010	卖盘
10:24:36	31.02	0.01	23	71346	中性盘
10:24:30	31.01	-0.06	23	71323	卖盘
10:24:27	31.07	0.06	4	12428	买盘
10:24:21	31.01	0.01	3	9303	中性盘
10:24:15	31.0	-0.01	12	39060	卖盘
10:24:12	31.01	-0.03	11	34111	卖盘
10:24:09	31.04	--	3	9312	卖盘
10:24:06	31.04	0.03	29	91878	买盘
10:24:03	31.01	0.01	3	9303	买盘
10:24:00	31.0	--	2	6200	卖盘
10:23:57	31.0	--	3	9300	卖盘
10:23:54	31.0	--	22	68200	卖盘
10:23:51	31.0	0.05	147	458180	买盘
10:23:48	30.95	0.02	11	34045	买盘
10:23:42	30.93	--	1	3093	买盘
10:23:39	30.93	0.02	8	24744	中性盘
10:23:33	30.91	-0.04	14	43274	卖盘
10:23:30	30.95	0.02	7	21665	买盘
10:23:27	30.93	--	6	18558	卖盘
10:23:24	30.93	-0.02	8	24744	中性盘
10:23:21	30.95	0.05	8	24760	买盘
10:23:18	30.9	-0.03	13	40170	中性盘
10:23:15	30.93	0.03	64	197952	买盘
10:23:12	30.9	0.01	1	3090	卖盘
10:23:09	30.89	-0.06	40	123560	卖盘
10:23:06	30.95	0.05	34	105230	买盘
10:23:03	30.9	0.01	6	18540	买盘
10:22:54	30.89	-0.01	2	6178	卖盘
10:22:51	30.9	0.02	161	497490	买盘
10:22:48	30.88	--	30	92640	卖盘
10:22:45	30.88	0.01	9	27792	中性盘
10:22:42	30.87	-0.02	3	9261	卖盘
10:22:39	30.89	0.03	20	61780	买盘
10:22:33	30.86	0.03	70	217871	买盘
10:22:30	30.83	-0.01	89	275003	卖盘
10:22:27	30.84	0.01	2	6168	中性盘
10:22:24	30.83	-0.02	4	12332	卖盘
10:22:21	30.85	0.02	8	27148	买盘
10:22:18	30.83	0.01	10	30830	买盘
10:22:15	30.82	--	2	6164	卖盘
10:22:12	30.82	0.07	19	58558	买盘
10:22:09	30.75	0.03	2	6150	卖盘
10:22:06	30.72	--	1	3072	卖盘
10:22:03	30.72	-0.01	4	12288	卖盘
10:22:00	30.73	0.01	68	211422	卖盘
10:21:57	30.72	--	88	270336	买盘
10:21:54	30.72	--	131	402432	买盘
10:21:51	30.72	--	17	52224	买盘
10:21:48	30.72	--	51	156672	买盘
10:21:45	30.72	--	76	233472	买盘
10:21:42	30.72	--	23	70656	买盘
10:21:39	30.72	--	46	141926	买盘
10:21:36	30.72	--	58	180019	买盘
10:21:33	30.72	--	304	934041	买盘
10:21:30	30.72	--	16	50995	买盘
10:21:27	30.72	0.03	62	190464	买盘
10:21:24	30.69	--	247	759546	买盘
10:21:21	30.69	--	72	220968	买盘
10:21:18	30.69	0.02	10	30690	买盘
10:21:15	30.67	0.01	19	58273	中性盘
10:21:12	30.66	-0.01	116	355656	卖盘
10:21:09	30.67	0.01	20	61953	买盘
10:21:06	30.66	0.03	124	382636	买盘
10:21:03	30.63	-0.02	66	203995	卖盘
10:21:00	30.65	0.02	5	15325	中性盘
10:20:57	30.63	--	15	48395	卖盘
10:20:54	30.63	-0.01	20	61260	卖盘
10:20:51	30.64	-0.02	22	68020	中性盘
10:20:48	30.66	--	1	3066	买盘
10:20:45	30.66	0.02	19	58254	买盘
10:20:42	30.64	-0.01	7	21448	买盘
10:20:39	30.65	-0.02	7	21455	中性盘
10:20:36	30.67	--	59	180953	买盘
10:20:33	30.67	--	47	144149	买盘
10:20:30	30.67	-0.03	53	162551	卖盘
10:20:27	30.7	--	83	254810	买盘
10:20:24	30.7	0.01	23	70610	买盘
10:20:21	30.69	-0.03	71	217899	卖盘
10:20:18	30.72	--	15	46080	买盘
10:20:15	30.72	-0.04	11	33792	买盘
10:20:12	30.76	0.06	165	507540	买盘
10:20:09	30.7	-0.07	15	46050	卖盘
10:20:06	30.77	0.01	9	27693	买盘
10:20:03	30.76	0.04	18	55368	买盘
10:20:00	30.72	-0.04	16	49152	卖盘
10:19:57	30.76	-0.03	13	39988	卖盘
10:19:54	30.79	0.02	32	98528	买盘
10:19:51	30.77	-0.02	11	33847	卖盘
10:19:48	30.79	-0.04	172	532513	卖盘
10:19:45	30.83	-0.02	11	33913	中性盘
10:19:42	30.85	--	70	215950	买盘
10:19:39	30.85	-0.01	69	212865	卖盘
10:19:36	30.86	--	55	169730	卖盘
10:19:33	30.86	-0.02	11	33946	卖盘
10:19:30	30.88	0.01	17	52496	买盘
10:19:27	30.87	0.01	5	15435	中性盘
10:19:24	30.86	-0.02	4	12344	卖盘
10:19:21	30.88	-0.01	4	12352	卖盘
10:19:18	30.89	0.01	6	18534	买盘
10:19:15	30.88	-0.02	1	3088	卖盘
10:19:12	30.9	0.01	6	18540	买盘
10:19:09	30.89	-0.01	10	30890	卖盘
10:19:06	30.9	--	3	9270	买盘
10:19:03	30.9	-0.01	25	77250	卖盘
10:19:00	30.91	--	10	30910	买盘
10:18:57	30.91	-0.02	11	34619	卖盘
10:18:54	30.93	--	2	6186	卖盘
10:18:51	30.93	-0.05	15	48869	卖盘
10:18:45	30.98	--	32	99136	买盘
10:18:42	30.98	--	140	433720	买盘
10:18:39	30.98	--	30	94519	卖盘
10:18:36	30.98	--	42	130116	卖盘
10:18:33	30.98	--	2	6196	卖盘
10:18:30	30.98	--	31	96038	卖盘
10:18:27	30.98	-0.02	24	74352	卖盘
10:18:24	31.0	--	22	68479	买盘
10:18:21	31.0	--	45	139500	买盘
10:18:18	31.0	-0.02	94	293260	卖盘
10:18:15	31.02	--	32	99884	买盘
10:18:12	31.02	--	5	15510	买盘
10:18:09	31.02	0.01	27	86235	中性盘
10:18:06	31.01	-0.01	19	58919	卖盘
10:18:03	31.02	--	43	133386	卖盘
10:18:00	31.02	--	17	52734	卖盘
10:17:57	31.02	--	202	629085	卖盘
10:17:54	31.02	0.01	156	485152	买盘
10:17:51	31.01	0.01	63	195363	买盘
10:17:48	31.0	--	35	108500	卖盘
10:17:45	31.0	-0.01	37	114700	卖盘
10:17:42	31.01	--	17	52717	买盘
10:17:39	31.01	0.01	50	155050	买盘
10:17:36	31.0	--	10	31000	卖盘
10:17:33	31.0	-0.01	73	226300	卖盘
10:17:30	31.01	0.01	24	74424	买盘
10:17:27	31.0	-0.02	64	198400	卖盘
10:17:24	31.02	0.01	50	155720	中性盘
10:17:21	31.01	-0.02	6	18606	卖盘
10:17:18	31.03	--	27	83781	卖盘
10:17:15	31.03	-0.05	45	139635	卖盘
10:17:12	31.08	0.01	19	59052	买盘
10:17:09	31.07	-0.01	10	31070	卖盘
10:17:06	31.08	--	12	37296	买盘
10:17:03	31.08	0.04	10	31080	买盘
10:17:00	31.04	-0.04	12	37248	卖盘
10:16:57	31.08	--	4	12432	买盘
10:16:54	31.08	-0.02	39	124040	卖盘
10:16:51	31.1	-0.07	1	3110	卖盘
10:16:48	31.17	-0.03	17	52989	卖盘
10:16:45	31.2	--	40	124800	卖盘
10:16:39	31.2	--	74	230880	卖盘
10:16:36	31.2	--	99	308880	卖盘
10:16:33	31.2	0.19	341	1064200	买盘
10:16:27	31.01	-0.09	21	65121	卖盘
10:16:24	31.1	0.09	34	105740	买盘
10:16:21	31.01	-0.03	5	15505	卖盘
10:16:18	31.04	-0.08	71	220384	卖盘
10:16:15	31.12	0.04	10	31120	买盘
10:16:12	31.08	--	1	3108	卖盘
10:16:09	31.08	0.02	14	43512	中性盘
10:16:06	31.06	-0.06	30	93180	卖盘
10:16:03	31.12	0.06	6	18672	买盘
10:16:00	31.06	-0.06	60	186360	卖盘
10:15:57	31.12	0.06	1	3112	买盘
10:15:54	31.06	-0.08	8	24848	卖盘
10:15:51	31.14	0.02	6	18684	中性盘
10:15:48	31.12	-0.07	19	59128	卖盘
10:15:45	31.19	0.07	81	252639	买盘
10:15:42	31.12	--	18	56016	卖盘
10:15:39	31.12	-0.07	12	37344	中性盘
10:15:33	31.19	-0.01	26	81094	买盘
10:15:30	31.2	--	26	81120	买盘
10:15:27	31.2	0.1	54	168480	买盘
