成交时间	成交价	价格变动	成交量(手)	成交额(元)	性质
15:00:03	13.03	0.02	1093	1424179	买盘
14:57:03	13.01	--	0	0	买盘
14:57:00	13.01	--	83	107983	买盘
14:56:57	13.01	-0.01	203	264103	卖盘
14:56:54	13.02	--	71	92442	买盘
14:56:51	13.02	--	4	5208	买盘
14:56:45	13.02	--	22	28644	买盘
14:56:42	13.02	--	11	14322	买盘
14:56:39	13.02	--	15	19530	买盘
14:56:36	13.02	-0.01	34	44268	买盘
14:56:33	13.03	0.01	236	307508	买盘
14:56:27	13.02	--	5	6510	卖盘
14:56:24	13.02	--	2	2604	卖盘
14:56:18	13.02	-0.01	10	13020	卖盘
14:56:15	13.03	--	41	53423	买盘
14:56:12	13.03	0.01	20	26060	买盘
14:56:09	13.02	--	55	71610	卖盘
14:56:03	13.02	--	100	130200	卖盘
14:55:57	13.02	--	10	13020	卖盘
14:55:51	13.02	-0.01	85	110670	卖盘
14:55:48	13.03	0.01	22	28666	买盘
14:55:45	13.02	--	5	6510	卖盘
14:55:42	13.02	-0.01	32	41664	卖盘
14:55:36	13.03	0.01	4	5212	买盘
14:55:33	13.02	-0.01	4	5208	卖盘
14:55:30	13.03	--	1	1303	买盘
14:55:27	13.03	--	16	20848	买盘
14:55:18	13.03	--	21	27363	买盘
14:55:06	13.03	--	4	5212	买盘
14:55:03	13.03	--	5	6515	买盘
14:55:00	13.03	--	5	6515	买盘
14:54:57	13.03	--	243	317436	卖盘
14:54:51	13.03	-0.01	5	6515	卖盘
14:54:48	13.04	--	28	36512	买盘
14:54:45	13.04	--	5	6520	买盘
14:54:33	13.04	--	24	31295	买盘
14:54:27	13.04	--	1	1304	买盘
14:54:24	13.04	0.01	68	88672	买盘
14:54:18	13.03	--	23	29969	卖盘
14:54:12	13.03	--	9	11727	卖盘
14:54:06	13.03	--	17	22151	卖盘
14:54:00	13.03	--	5	6515	卖盘
14:53:51	13.03	--	84	109947	买盘
14:53:48	13.03	0.01	61	79483	买盘
14:53:45	13.02	-0.01	19	24738	卖盘
14:53:42	13.03	0.01	33	42999	买盘
14:53:36	13.02	--	73	95046	卖盘
14:53:30	13.02	-0.01	50	65100	卖盘
14:53:27	13.03	--	12	15636	买盘
14:53:21	13.03	--	6	7818	买盘
14:53:12	13.03	0.01	15	19545	买盘
14:53:03	13.02	--	41	53382	卖盘
14:53:00	13.02	--	3	3906	卖盘
14:52:54	13.02	-0.01	33	42966	卖盘
14:52:51	13.03	0.01	19	24757	买盘
14:52:45	13.02	-0.01	10	13020	卖盘
14:52:42	13.03	0.01	10	13030	买盘
14:52:27	13.02	-0.01	1	1302	卖盘
14:52:21	13.03	0.01	14	18242	买盘
14:52:18	13.02	--	10	13020	卖盘
14:52:09	13.02	-0.01	16	20832	卖盘
14:52:03	13.03	0.01	10	13030	买盘
14:51:54	13.02	--	11	14322	卖盘
14:51:51	13.02	-0.01	100	130200	卖盘
14:51:48	13.03	--	20	26060	买盘
14:51:45	13.03	--	3	3909	买盘
14:51:42	13.03	--	60	78180	买盘
14:51:39	13.03	-0.01	131	171500	卖盘
14:51:36	13.04	0.01	5	6520	买盘
14:51:33	13.03	--	26	33878	卖盘
14:51:27	13.03	--	25	32575	卖盘
14:51:24	13.03	--	18	23949	买盘
14:51:15	13.03	--	14	19049	卖盘
14:51:12	13.03	--	48	62544	卖盘
14:51:06	13.03	--	18	23454	卖盘
14:51:03	13.03	--	46	59938	卖盘
14:50:57	13.03	-0.02	23	29969	卖盘
14:50:54	13.05	0.02	16	20880	买盘
14:50:51	13.03	--	23	29969	卖盘
14:50:48	13.03	--	20	26555	卖盘
14:50:45	13.03	--	28	36484	卖盘
14:50:42	13.03	--	23	29969	卖盘
14:50:39	13.03	--	31	40393	卖盘
14:50:27	13.03	--	20	26060	买盘
14:50:18	13.03	0.01	40	52120	买盘
14:50:15	13.02	--	16	20832	卖盘
14:50:09	13.02	--	28	36456	卖盘
14:50:03	13.02	--	12	15624	卖盘
14:50:00	13.02	-0.01	42	54684	卖盘
14:49:57	13.03	--	36	46908	卖盘
14:49:51	13.03	--	20	26060	卖盘
14:49:45	13.03	0.01	33	42999	中性盘
14:49:39	13.02	--	66	85932	卖盘
14:49:30	13.02	--	30	39060	卖盘
14:49:27	13.02	--	23	29946	卖盘
14:49:15	13.02	--	20	26040	卖盘
14:49:09	13.02	--	76	98952	卖盘
14:49:06	13.02	-0.01	5	6510	卖盘
14:49:00	13.03	--	5	7739	卖盘
14:48:57	13.03	--	5	6515	卖盘
14:48:42	13.03	0.01	128	166862	买盘
14:48:36	13.02	-0.01	10	13020	卖盘
14:48:33	13.03	--	13	16939	买盘
14:48:27	13.03	0.01	1	1303	买盘
14:48:21	13.02	--	5	6510	卖盘
14:48:03	13.02	--	46	59892	买盘
14:47:54	13.02	--	98	127596	买盘
14:47:45	13.02	--	100	130200	买盘
14:47:36	13.02	--	65	84630	买盘
14:47:27	13.02	--	87	113274	买盘
14:47:21	13.02	0.02	3	3906	买盘
14:47:18	13.0	-0.01	325	422955	卖盘
14:47:15	13.01	-0.01	12	15612	卖盘
14:47:12	13.02	0.01	10	13020	买盘
14:47:06	13.01	-0.01	12	15612	卖盘
14:47:00	13.02	--	10	13020	买盘
14:46:57	13.02	--	8	10416	买盘
14:46:48	13.02	--	10	13020	买盘
14:46:42	13.02	0.01	5	6510	中性盘
14:46:33	13.01	--	105	136605	卖盘
14:46:24	13.01	-0.02	18	23418	卖盘
14:46:00	13.03	0.02	209	272327	买盘
14:45:57	13.01	--	7	9107	卖盘
14:45:54	13.01	-0.01	22	28622	卖盘
14:45:51	13.02	0.01	22	28644	买盘
14:45:36	13.01	-0.01	100	130100	卖盘
14:45:33	13.02	--	35	45570	买盘
14:45:27	13.02	--	10	13020	买盘
14:45:21	13.02	--	24	31248	卖盘
14:45:18	13.02	--	50	65100	卖盘
14:45:15	13.02	--	102	132804	卖盘
14:45:12	13.02	--	50	65100	卖盘
14:45:09	13.02	-0.01	1	1302	卖盘
14:45:03	13.03	0.01	30	39090	买盘
14:45:00	13.02	-0.01	35	45570	卖盘
14:44:54	13.03	--	96	125088	买盘
14:44:51	13.03	--	10	13030	买盘
14:44:48	13.03	--	10	13030	买盘
14:44:45	13.03	--	72	95040	卖盘
14:44:39	13.03	-0.02	300	390900	卖盘
14:44:27	13.05	0.02	100	130500	买盘
14:44:21	13.03	-0.01	374	487322	卖盘
14:44:18	13.04	-0.01	3	4772	卖盘
14:44:12	13.05	-0.01	201	262305	卖盘
14:44:09	13.06	-0.01	100	130600	卖盘
14:43:54	13.07	0.01	50	65350	买盘
14:43:48	13.06	--	15	19590	卖盘
14:43:27	13.06	--	34	44404	买盘
14:43:24	13.06	0.01	1	1306	买盘
14:43:21	13.05	-0.01	19	25082	卖盘
14:43:18	13.06	0.01	2	2612	买盘
14:43:12	13.05	--	5	6525	卖盘
14:42:57	13.05	-0.02	7	9135	卖盘
14:42:45	13.07	--	10	13070	买盘
14:42:39	13.07	--	3	3921	买盘
14:42:33	13.07	--	39	50973	买盘
14:42:27	13.07	-0.01	5	6535	中性盘
14:42:15	13.08	0.01	40	52320	买盘
14:42:12	13.07	--	6	7842	卖盘
14:42:00	13.07	--	8	10456	买盘
14:41:48	13.07	--	1	1307	卖盘
14:41:42	13.07	--	11	14377	卖盘
14:41:39	13.07	--	10	13070	卖盘
14:41:33	13.07	--	5	6535	卖盘
14:41:27	13.07	--	152	198664	卖盘
14:41:21	13.07	--	21	27447	卖盘
14:41:09	13.07	--	1	1307	卖盘
14:41:06	13.07	--	50	65350	卖盘
14:41:00	13.07	-0.01	12	15684	卖盘
14:40:57	13.08	0.01	1	1308	买盘
14:40:54	13.07	--	1	1307	卖盘
14:40:51	13.07	--	5	6535	卖盘
14:40:42	13.07	0.02	209	273163	买盘
14:40:39	13.05	-0.01	2	2610	卖盘
14:40:24	13.06	--	10	13060	买盘
14:40:18	13.06	--	50	65300	卖盘
14:40:15	13.06	-0.01	6	7836	卖盘
14:40:09	13.07	--	1	1307	卖盘
14:40:06	13.07	--	43	56201	卖盘
14:40:00	13.07	--	91	118937	卖盘
14:39:57	13.07	--	6	7842	卖盘
14:39:54	13.07	0.01	132	173543	买盘
14:39:39	13.06	-0.01	6	7836	卖盘
14:39:33	13.07	0.01	9	11763	买盘
14:39:30	13.06	--	20	26120	卖盘
14:39:27	13.06	-0.02	20	26120	卖盘
14:39:12	13.08	0.02	2	2616	买盘
14:39:09	13.06	-0.02	20	26120	卖盘
14:38:57	13.08	--	8	10751	卖盘
14:38:54	13.08	-0.02	20	26160	卖盘
14:38:51	13.1	0.02	100	131000	买盘
14:38:48	13.08	--	160	209280	卖盘
14:38:45	13.08	--	20	26160	卖盘
14:38:42	13.08	-0.01	17	22236	卖盘
14:38:39	13.09	0.01	13	17017	买盘
14:38:30	13.08	-0.01	8	10464	卖盘
14:38:24	13.09	--	55	71995	买盘
14:38:09	13.09	--	9	11781	卖盘
14:38:06	13.09	-0.01	20	26180	卖盘
14:37:39	13.1	--	105	137550	卖盘
14:37:33	13.1	--	5	6550	卖盘
14:37:27	13.1	--	13	17030	卖盘
14:37:24	13.1	--	11	14410	卖盘
14:37:21	13.1	--	55	72050	卖盘
14:37:15	13.1	0.01	41	53710	买盘
14:37:09	13.09	--	6	7854	卖盘
14:37:06	13.09	--	7	9163	卖盘
14:37:03	13.09	0.01	23	30107	卖盘
14:36:57	13.08	--	2	2616	卖盘
14:36:54	13.08	-0.02	21	28488	卖盘
14:36:48	13.1	0.02	250	327500	买盘
14:36:45	13.08	-0.01	181	236748	卖盘
14:36:39	13.09	--	30	39270	卖盘
14:36:30	13.09	--	337	441133	买盘
14:36:12	13.09	--	14	18326	买盘
14:36:03	13.09	-0.01	357	467313	卖盘
14:35:57	13.1	--	29	37990	卖盘
14:35:48	13.1	--	20	26200	卖盘
14:35:39	13.1	-0.01	100	131000	卖盘
14:35:30	13.11	0.01	10	13110	买盘
14:35:24	13.1	--	14	18340	卖盘
14:35:06	13.1	0.01	164	214840	买盘
14:34:51	13.09	-0.01	16	20944	卖盘
14:34:42	13.1	--	383	501730	买盘
14:34:39	13.1	--	10	13100	买盘
14:34:30	13.1	--	10	13100	买盘
14:34:12	13.1	0.01	2	2620	买盘
14:34:09	13.09	--	10	13090	卖盘
14:34:06	13.09	--	10	13090	卖盘
14:34:00	13.09	--	1	1309	卖盘
14:33:54	13.09	--	5	6545	卖盘
14:33:51	13.09	--	5	6545	卖盘
14:33:48	13.09	0.01	57	74613	买盘
14:33:42	13.08	-0.01	20	26160	卖盘
14:33:18	13.09	0.01	43	56287	买盘
14:33:15	13.08	-0.01	2	2616	卖盘
14:33:12	13.09	0.01	20	26180	买盘
14:33:09	13.08	--	10	13080	卖盘
14:33:00	13.08	-0.01	5	6540	卖盘
14:32:54	13.09	0.01	120	157080	买盘
14:32:39	13.08	--	37	48396	卖盘
14:32:30	13.08	--	32	41856	卖盘
14:32:27	13.08	-0.02	14	18312	卖盘
14:32:21	13.1	--	70	91700	买盘
14:32:18	13.1	0.02	450	589500	买盘
14:32:09	13.08	-0.02	5	6540	卖盘
14:31:51	13.1	0.02	9	11790	买盘
14:31:48	13.08	-0.02	40	52320	卖盘
14:31:45	13.1	--	22	28820	买盘
14:31:42	13.1	-0.01	55	72050	卖盘
14:31:36	13.11	--	34	44574	买盘
14:31:30	13.11	--	30	39330	买盘
14:31:27	13.11	--	6	8705	卖盘
14:31:21	13.11	--	24	31464	卖盘
14:31:15	13.11	--	20	26220	卖盘
14:30:54	13.11	--	10	13110	卖盘
14:30:48	13.11	--	50	65550	卖盘
14:30:45	13.11	0.01	228	299379	买盘
14:30:42	13.1	--	5	6550	卖盘
14:30:36	13.1	--	26	34060	卖盘
14:30:24	13.1	-0.01	20	26200	卖盘
14:30:12	13.11	--	140	183946	卖盘
14:30:09	13.11	--	93	121923	卖盘
14:30:03	13.11	-0.01	76	99636	卖盘
14:30:00	13.12	--	47	62569	买盘
14:29:54	13.12	--	100	131200	买盘
14:29:51	13.12	0.01	131	171872	买盘
14:29:45	13.11	--	30	39330	卖盘
14:29:42	13.11	--	57	74727	买盘
14:29:06	13.11	--	34	44574	卖盘
14:29:03	13.11	-0.01	20	26220	卖盘
14:29:00	13.12	0.01	125	164000	买盘
14:28:57	13.11	--	199	260889	卖盘
14:28:48	13.11	0.01	196	256956	买盘
14:28:42	13.1	--	33	43230	卖盘
14:28:39	13.1	-0.02	5	6550	卖盘
14:28:33	13.12	0.02	600	787200	买盘
14:28:24	13.1	-0.01	20	26200	卖盘
14:28:21	13.11	0.01	152	200058	买盘
14:28:18	13.1	--	5	6550	卖盘
14:28:15	13.1	0.01	6	7860	中性盘
14:28:12	13.09	--	40	52360	卖盘
14:28:09	13.09	--	119	155771	卖盘
14:28:06	13.09	-0.01	133	174097	卖盘
14:28:03	13.1	0.01	10	13100	买盘
14:27:51	13.09	-0.01	11	14399	卖盘
14:27:42	13.1	--	95	124450	卖盘
14:27:36	13.1	--	10	13100	卖盘
14:27:33	13.1	-0.01	10	13100	卖盘
14:27:21	13.11	--	43	56373	买盘
14:27:15	13.11	--	1	1311	买盘
14:26:51	13.11	--	10	13110	卖盘
14:26:45	13.11	--	34	44574	卖盘
14:26:42	13.11	--	19	24909	卖盘
14:26:33	13.11	--	10	13110	卖盘
14:26:30	13.11	--	54	70794	买盘
14:26:18	13.11	--	156	204516	卖盘
14:26:09	13.11	0.01	74	97014	买盘
14:26:06	13.1	-0.01	20	26200	卖盘
14:26:03	13.11	0.01	86	112746	买盘
14:26:00	13.1	--	140	183400	卖盘
14:25:57	13.1	-0.01	105	137550	卖盘
14:25:51	13.11	0.01	105	137655	买盘
14:25:48	13.1	-0.01	23	30130	卖盘
14:25:45	13.11	--	23	30153	买盘
14:25:42	13.11	0.01	10	13110	买盘
14:25:39	13.1	-0.01	10	13100	卖盘
14:25:21	13.11	0.01	49	64239	买盘
14:25:15	13.1	-0.01	7	9170	卖盘
14:25:03	13.11	--	48	62928	买盘
14:25:00	13.11	-0.01	2	2622	卖盘
14:24:54	13.12	0.01	50	65600	买盘
14:24:48	13.11	--	34	44574	买盘
14:24:45	13.11	--	109	142899	买盘
14:24:42	13.11	--	23	30153	买盘
14:24:36	13.11	--	74	97014	卖盘
14:24:33	13.11	--	101	132411	卖盘
14:24:27	13.11	--	159	208449	卖盘
14:24:24	13.11	--	6	7866	卖盘
14:24:21	13.11	--	5	6555	卖盘
14:24:18	13.11	-0.01	20	26220	卖盘
14:24:12	13.12	0.01	3	3935	买盘
14:24:09	13.11	--	10	13110	卖盘
14:24:06	13.11	--	37	48507	买盘
14:24:03	13.11	--	30	39330	买盘
14:24:00	13.11	0.01	50	65550	买盘
14:23:57	13.1	-0.01	21	27510	卖盘
14:23:51	13.11	--	55	72105	买盘
14:23:45	13.11	--	21	27531	买盘
14:23:42	13.11	--	35	45885	买盘
14:23:39	13.11	--	32	41952	买盘
14:23:36	13.11	0.01	100	131100	买盘
14:23:27	13.1	--	20	26200	卖盘
14:23:15	13.1	0.02	183	239730	买盘
14:23:06	13.08	--	95	124260	买盘
14:23:03	13.08	--	70	91560	买盘
14:23:00	13.08	--	79	103332	买盘
14:22:57	13.08	0.01	170	222360	买盘
14:22:36	13.07	0.01	242	316294	买盘
14:22:24	13.06	--	8	10448	卖盘
14:22:09	13.06	--	74	96644	买盘
14:22:06	13.06	0.01	200	261200	买盘
14:21:57	13.05	--	12	15660	卖盘
14:21:54	13.05	--	3	3915	卖盘
14:21:51	13.05	--	34	44370	买盘
14:21:45	13.05	0.01	5	6525	买盘
14:21:21	13.04	--	97	126487	买盘
14:21:12	13.04	0.01	7	9128	买盘
14:21:09	13.03	--	3	3909	卖盘
14:21:03	13.03	-0.01	4	5212	卖盘
14:21:00	13.04	--	15	19560	买盘
14:20:48	13.04	--	5	6520	买盘
14:20:36	13.04	--	19	24776	卖盘
14:20:03	13.04	--	3	3911	买盘
14:20:00	13.04	--	2	2608	买盘
14:19:54	13.04	--	20	26080	买盘
14:19:36	13.04	--	10	13040	买盘
14:19:30	13.04	--	1	1304	买盘
14:19:18	13.04	--	1	1304	买盘
14:19:12	13.04	--	2	2608	买盘
14:18:57	13.04	--	1	1304	买盘
14:18:45	13.04	--	50	65199	买盘
14:18:36	13.04	--	174	226895	卖盘
14:18:27	13.04	--	8	10432	卖盘
14:18:24	13.04	--	5	6520	卖盘
14:18:21	13.04	-0.01	1	1304	卖盘
14:18:15	13.05	0.01	100	130500	买盘
14:17:36	13.04	-0.01	3	3911	卖盘
14:17:27	13.05	0.01	10	13050	买盘
14:17:24	13.04	-0.01	1	1304	卖盘
14:17:15	13.05	0.01	7	9135	买盘
14:17:06	13.04	--	12	15647	卖盘
14:16:42	13.04	--	2	2608	卖盘
14:16:27	13.04	-0.01	35	45640	卖盘
14:16:24	13.05	--	7	9135	买盘
14:16:12	13.05	--	16	20880	卖盘
14:16:03	13.05	--	4	5220	卖盘
14:15:39	13.05	--	10	13050	买盘
14:15:33	13.05	--	11	14355	买盘
14:15:30	13.05	--	26	33930	买盘
14:15:27	13.05	--	7	9135	买盘
14:15:24	13.05	--	2	2610	买盘
14:15:15	13.05	--	10	13050	买盘
14:15:03	13.05	--	20	26100	买盘
14:14:48	13.05	0.01	40	52200	买盘
14:14:45	13.04	-0.01	1	1304	卖盘
14:14:18	13.05	--	13	16965	卖盘
14:14:15	13.05	-0.01	3	3915	中性盘
14:14:00	13.06	0.01	2	2612	买盘
14:13:57	13.05	-0.01	27	35235	卖盘
14:13:48	13.06	0.01	2	2612	买盘
14:13:39	13.05	-0.01	132	172260	卖盘
14:13:36	13.06	0.01	5	6530	买盘
14:13:27	13.05	--	7	9135	卖盘
14:13:24	13.05	--	5	6525	卖盘
14:13:15	13.05	--	17	22185	卖盘
14:13:06	13.05	--	32	41760	买盘
14:13:03	13.05	--	14	18270	买盘
14:12:51	13.05	0.01	100	130500	买盘
14:12:48	13.04	-0.01	2	2608	卖盘
14:12:39	13.05	0.01	5	6525	买盘
14:12:24	13.04	--	8	10432	卖盘
14:12:18	13.04	-0.01	25	32599	卖盘
14:12:15	13.05	0.01	25	32625	买盘
14:11:57	13.04	-0.01	35	45640	卖盘
14:11:42	13.05	--	10	13050	买盘
14:11:39	13.05	0.01	150	195750	买盘
14:11:30	13.04	-0.01	6	7823	卖盘
14:11:27	13.05	0.01	8	10440	买盘
14:11:24	13.04	--	100	130399	卖盘
14:11:21	13.04	--	5	6520	卖盘
14:11:12	13.04	--	7	9128	卖盘
14:10:51	13.04	--	101	131704	买盘
14:10:39	13.04	--	3	3911	买盘
14:10:30	13.04	--	6	7823	买盘
14:10:15	13.04	0.01	15	19560	买盘
14:10:00	13.03	--	3	3909	卖盘
14:09:51	13.03	0.02	290	378391	买盘
14:09:45	13.01	--	125	162625	买盘
14:09:39	13.01	-0.01	141	183441	卖盘
14:09:33	13.02	--	34	44268	买盘
14:09:24	13.02	--	50	65100	买盘
14:08:45	13.02	0.01	6	7812	买盘
14:08:42	13.01	--	4	5204	卖盘
14:08:30	13.01	--	29	37729	卖盘
14:08:27	13.01	0.01	1	1301	中性盘
14:08:21	13.0	--	27	35100	卖盘
14:08:12	13.0	--	50	65000	卖盘
14:08:09	13.0	--	23	29900	卖盘
14:08:00	13.0	--	187	244140	买盘
14:07:57	13.0	--	14	18200	买盘
14:07:51	13.0	0.01	110	143000	买盘
14:07:42	12.99	-0.01	345	448155	卖盘
14:07:33	13.0	-0.01	50	65000	买盘
14:07:30	13.01	0.01	50	65050	买盘
14:07:27	13.0	--	30	39000	买盘
14:07:24	13.0	--	51	66560	卖盘
14:07:15	13.0	--	50	65000	卖盘
14:07:09	13.0	--	80	104000	卖盘
14:07:06	13.0	--	4	6240	买盘
14:07:03	13.0	--	17	22100	买盘
14:06:54	13.0	-0.01	3	4160	卖盘
14:06:42	13.01	--	10	13010	买盘
14:06:39	13.01	0.01	19	25759	买盘
14:06:36	13.0	--	5	6760	卖盘
14:06:27	13.0	--	16	20800	卖盘
14:06:24	13.0	-0.03	5	6500	卖盘
14:06:18	13.03	--	27	35181	买盘
14:06:15	13.03	0.04	97	127433	买盘
14:06:12	12.99	-0.01	1	1299	卖盘
14:06:09	13.0	--	9	11700	买盘
14:06:06	13.0	--	1	1560	卖盘
14:06:03	13.0	--	5	7540	买盘
14:05:57	13.0	--	25	32500	买盘
14:05:54	13.0	--	10	13000	买盘
14:05:51	13.0	--	1	1300	买盘
14:05:48	13.0	-0.02	458	595660	卖盘
14:05:42	13.02	0.01	20	26040	买盘
14:05:39	13.01	--	8	10408	卖盘
14:05:36	13.01	--	30	39030	卖盘
14:05:30	13.01	-0.01	55	71555	卖盘
14:05:27	13.02	0.01	7	10155	买盘
14:05:15	13.01	-0.01	100	130100	卖盘
14:04:57	13.02	--	94	122388	卖盘
14:04:48	13.02	--	11	14322	卖盘
14:04:39	13.02	--	56	72912	卖盘
14:04:24	13.02	--	9	11718	卖盘
14:04:21	13.02	-0.01	7	9114	卖盘
14:04:09	13.03	--	5	6515	买盘
14:03:57	13.03	--	52	67756	卖盘
14:03:48	13.03	--	2	2606	卖盘
14:03:39	13.03	--	6	7818	卖盘
14:03:36	13.03	--	3	3909	卖盘
14:03:15	13.03	--	4	5212	卖盘
14:02:57	13.03	-0.01	9	11727	卖盘
14:02:54	13.04	--	4	5216	卖盘
14:02:33	13.04	--	2	2608	卖盘
14:02:27	13.04	0.01	57	74328	买盘
14:02:24	13.03	--	5	6515	卖盘
14:02:18	13.03	--	20	26060	卖盘
14:01:42	13.03	-0.01	3	3909	卖盘
14:01:33	13.04	--	7	9128	买盘
14:01:30	13.04	--	16	20864	买盘
14:01:03	13.04	--	5	6520	买盘
14:00:27	13.04	--	80	104320	卖盘
14:00:24	13.04	-0.01	20	26080	卖盘
13:59:57	13.05	0.02	1	1305	买盘
13:59:18	13.03	--	27	35181	卖盘
13:59:15	13.03	-0.01	125	162875	卖盘
13:59:12	13.04	--	13	16952	买盘
13:59:06	13.04	--	81	105624	买盘
13:58:39	13.04	--	9	11736	买盘
13:58:30	13.04	0.01	10	13040	买盘
13:58:21	13.03	-0.01	3	3909	卖盘
13:58:12	13.04	--	12	15647	买盘
13:58:06	13.04	--	62	80848	卖盘
13:58:03	13.04	--	19	24776	买盘
13:57:57	13.04	--	67	87368	卖盘
13:57:27	13.04	-0.01	10	13040	卖盘
13:57:24	13.05	--	7	9135	买盘
13:56:42	13.05	0.02	8	10440	买盘
13:56:03	13.03	-0.02	2	2606	卖盘
13:55:57	13.05	--	80	104400	买盘
13:55:39	13.05	--	5	6525	买盘
13:55:36	13.05	--	37	48285	卖盘
13:55:12	13.05	--	10	13050	卖盘
13:55:09	13.05	-0.01	5	6525	卖盘
13:54:57	13.06	--	6	7836	买盘
13:54:21	13.06	0.01	2	2612	买盘
13:54:12	13.05	--	11	14355	卖盘
13:54:09	13.05	--	6	7830	卖盘
13:53:54	13.05	-0.01	4	5220	卖盘
13:53:33	13.06	0.01	14	18284	买盘
13:53:27	13.05	--	1	1305	卖盘
13:53:24	13.05	-0.01	8	10440	卖盘
13:53:18	13.06	--	9	11754	买盘
13:53:12	13.06	0.01	10	13060	买盘
13:53:09	13.05	--	20	26100	卖盘
13:53:03	13.05	-0.01	30	39150	卖盘
13:53:00	13.06	0.01	34	44404	买盘
13:52:36	13.05	0.02	118	153990	买盘
13:52:33	13.03	-0.02	1	1303	卖盘
13:52:27	13.05	0.03	23	30015	买盘
13:52:12	13.02	--	272	354144	卖盘
13:51:36	13.02	--	8	10416	卖盘
13:51:30	13.02	-0.02	5	6510	卖盘
13:51:27	13.04	--	11	14343	卖盘
13:51:24	13.04	0.02	187	243847	买盘
13:51:00	13.02	-0.01	70	91140	卖盘
13:50:45	13.03	0.01	13	16939	买盘
13:50:36	13.02	-0.01	22	28644	卖盘
13:50:27	13.03	0.01	8	10424	买盘
13:50:03	13.02	--	60	78120	卖盘
13:49:51	13.02	--	8	10416	卖盘
13:49:48	13.02	-0.01	3	3906	卖盘
13:49:45	13.03	0.01	2	2606	买盘
13:49:36	13.02	--	1	1302	卖盘
13:49:33	13.02	--	5	6510	卖盘
13:49:21	13.02	--	20	26040	卖盘
13:49:15	13.02	-0.01	20	26040	卖盘
13:49:09	13.03	0.01	4	5212	买盘
13:49:00	13.02	--	9	11718	卖盘
13:48:51	13.02	--	6	7812	卖盘
13:48:45	13.02	-0.01	5	6510	卖盘
13:48:30	13.03	--	23	29969	卖盘
13:48:27	13.03	-0.01	140	182420	卖盘
13:48:18	13.04	--	47	61287	买盘
13:48:15	13.04	--	4	5216	买盘
13:48:12	13.04	--	10	13040	买盘
13:48:00	13.04	--	39	50856	卖盘
13:47:57	13.04	--	17	22168	卖盘
13:47:48	13.04	--	6	7823	卖盘
13:47:45	13.04	--	4	5216	卖盘
13:47:21	13.04	--	1	1304	卖盘
13:47:06	13.04	--	3	3911	卖盘
13:47:03	13.04	-0.01	5	6520	卖盘
13:46:48	13.05	0.01	20	26100	买盘
13:46:27	13.04	--	4	5216	卖盘
13:46:24	13.04	--	2	2608	卖盘
13:46:18	13.04	--	20	26080	买盘
13:46:06	13.04	--	6	7823	卖盘
13:46:03	13.04	--	82	106928	卖盘
13:46:00	13.04	-0.01	173	225591	卖盘
13:45:48	13.05	0.01	43	56115	买盘
13:45:33	13.04	--	136	177344	卖盘
13:45:12	13.04	--	4	5216	卖盘
13:44:57	13.04	-0.01	2	2608	中性盘
13:44:45	13.05	0.02	10	13050	买盘
13:44:42	13.03	--	3	3909	卖盘
13:44:33	13.03	-0.02	50	65150	卖盘
13:44:24	13.05	0.02	19	24795	买盘
13:44:12	13.03	--	2	2606	卖盘
13:44:06	13.03	--	10	13030	卖盘
13:44:00	13.03	-0.02	10	13030	卖盘
13:43:57	13.05	--	10	13050	买盘
13:43:39	13.05	--	3	3915	卖盘
13:43:33	13.05	--	52	67860	卖盘
13:43:30	13.05	0.02	21	27405	买盘
13:43:24	13.03	--	9	11727	卖盘
13:43:21	13.03	--	10	13030	卖盘
13:43:12	13.03	--	10	13030	卖盘
13:43:06	13.03	0.01	30	39090	买盘
13:42:45	13.02	--	14	18228	卖盘
13:42:39	13.02	--	5	6510	卖盘
13:42:21	13.02	--	21	27342	买盘
13:42:18	13.02	--	81	105462	买盘
13:42:15	13.02	0.01	10	13020	买盘
13:42:06	13.01	-0.01	5	6505	卖盘
13:42:00	13.02	0.01	45	58590	买盘
13:41:54	13.01	-0.01	110	143110	卖盘
13:41:48	13.02	--	25	32550	买盘
13:41:33	13.02	-0.03	309	402318	卖盘
13:41:27	13.05	0.02	25	32625	买盘
13:41:21	13.03	--	5	6515	卖盘
13:41:15	13.03	-0.03	30	39090	中性盘
13:40:57	13.06	0.03	30	39180	买盘
13:40:45	13.03	0.01	54	70362	买盘
13:40:36	13.02	-0.01	200	260400	卖盘
13:40:33	13.03	--	21	27363	买盘
13:40:27	13.03	--	56	72968	买盘
13:40:18	13.03	0.01	11	14333	买盘
13:40:12	13.02	--	1	1302	卖盘
13:40:06	13.02	-0.01	12	15624	卖盘
13:40:00	13.03	--	1	1303	买盘
13:39:54	13.03	--	95	123785	买盘
13:39:48	13.03	--	37	48211	买盘
13:39:45	13.03	--	4	5212	买盘
13:39:42	13.03	--	5	6515	买盘
13:39:39	13.03	--	25	32575	买盘
13:39:33	13.03	--	15	19545	买盘
13:39:30	13.03	--	2	2606	买盘
13:39:24	13.03	-0.03	532	693196	卖盘
13:39:21	13.06	--	8	10448	买盘
13:39:09	13.06	0.01	1	1306	买盘
13:38:57	13.05	--	21	27405	卖盘
13:38:54	13.05	-0.01	100	130500	卖盘
13:38:48	13.06	0.01	3	3918	买盘
13:38:24	13.05	--	3	3915	卖盘
13:38:21	13.05	--	13	16965	卖盘
13:38:12	13.05	--	23	30015	买盘
13:38:06	13.05	--	36	46980	买盘
13:37:57	13.05	--	7	9135	买盘
13:37:48	13.05	--	100	130500	买盘
13:37:42	13.05	--	51	66555	卖盘
13:37:33	13.05	--	2	2610	卖盘
13:37:27	13.05	--	20	26100	卖盘
13:37:24	13.05	-0.01	21	27405	卖盘
13:37:21	13.06	--	2	2612	买盘
13:37:03	13.06	0.01	30	39180	买盘
13:37:00	13.05	--	27	35235	卖盘
13:36:48	13.05	--	6	7830	卖盘
13:36:45	13.05	--	4	5220	卖盘
13:36:36	13.05	0.01	169	220545	买盘
13:36:18	13.04	--	2	2608	卖盘
13:36:15	13.04	--	4	5216	卖盘
13:36:12	13.04	--	38	49552	卖盘
13:36:03	13.04	-0.01	3	3911	卖盘
13:35:57	13.05	--	80	104400	买盘
13:35:54	13.05	--	20	26100	买盘
13:35:51	13.05	--	50	65250	买盘
13:35:42	13.05	--	1	1305	买盘
13:35:36	13.05	--	3	3915	买盘
13:35:27	13.05	--	135	176175	卖盘
13:35:21	13.05	--	15	19575	卖盘
13:35:18	13.05	-0.01	100	130500	卖盘
13:35:15	13.06	--	56	73136	买盘
13:35:12	13.06	--	40	52240	买盘
13:34:45	13.06	--	5	6530	买盘
13:34:39	13.06	0.01	30	39180	买盘
13:34:24	13.05	--	20	26100	卖盘
13:34:18	13.05	0.01	54	70470	买盘
13:34:12	13.04	--	20	26080	卖盘
13:34:03	13.04	--	5	6520	卖盘
13:33:57	13.04	-0.01	20	26080	卖盘
13:33:54	13.05	--	5	6525	买盘
13:33:42	13.05	-0.01	4	5220	卖盘
13:33:36	13.06	--	162	211572	买盘
13:33:21	13.06	0.01	15	19590	买盘
13:33:18	13.05	-0.01	100	130500	卖盘
13:33:15	13.06	--	10	13060	买盘
13:33:09	13.06	-0.01	61	79666	卖盘
13:33:06	13.07	--	6	7842	卖盘
13:33:03	13.07	--	2	2614	买盘
13:33:00	13.07	0.01	36	47052	买盘
13:32:54	13.06	--	11	14366	卖盘
13:32:45	13.06	--	38	49628	卖盘
13:32:33	13.06	--	50	65300	卖盘
13:32:09	13.06	-0.01	9	11754	卖盘
13:31:48	13.07	0.02	5	6535	中性盘
13:31:30	13.05	-0.01	35	45675	卖盘
13:31:27	13.06	-0.01	20	26120	卖盘
13:31:24	13.07	--	182	237874	买盘
13:30:48	13.07	0.01	2	2614	卖盘
13:30:33	13.06	0.01	2	2612	中性盘
13:30:24	13.05	-0.03	32	41760	卖盘
13:30:21	13.08	--	2	2616	卖盘
13:30:18	13.08	0.02	25	33484	买盘
13:30:12	13.06	--	3	3918	买盘
13:30:09	13.06	-0.01	96	125898	卖盘
13:29:48	13.07	-0.01	6	7842	卖盘
13:29:45	13.08	-0.02	13	17004	中性盘
13:29:42	13.1	--	7	9170	卖盘
13:29:39	13.1	--	1	1310	卖盘
13:29:36	13.1	--	3	3930	卖盘
13:29:33	13.1	--	6	7860	卖盘
13:29:30	13.1	--	23	30130	买盘
13:29:27	13.1	--	12	15720	买盘
13:29:24	13.1	0.03	10	13100	中性盘
13:29:15	13.07	-0.04	349	456143	卖盘
13:29:12	13.11	0.01	20	26220	买盘
13:29:06	13.1	--	118	154580	卖盘
13:29:03	13.1	-0.01	12	15720	卖盘
13:29:00	13.11	0.01	109	142899	买盘
13:28:51	13.1	-0.01	20	26200	卖盘
13:28:33	13.11	--	100	131100	卖盘
13:28:30	13.11	-0.01	100	131100	卖盘
13:28:24	13.12	0.01	11	14432	买盘
13:28:21	13.11	--	10	13110	卖盘
13:28:18	13.11	--	28	36708	卖盘
13:28:09	13.11	-0.01	100	131100	卖盘
13:28:06	13.12	--	10	13120	买盘
13:28:03	13.12	0.01	35	45920	买盘
13:27:54	13.11	-0.01	5	6555	卖盘
13:27:42	13.12	--	19	24928	买盘
13:27:30	13.12	0.01	10	13120	买盘
13:27:06	13.11	--	4	5244	卖盘
13:27:00	13.11	-0.01	53	69483	卖盘
13:26:51	13.12	--	2	2624	买盘
13:26:48	13.12	0.01	2	2624	买盘
13:26:42	13.11	-0.01	20	26220	卖盘
13:26:36	13.12	0.01	41	53792	中性盘
13:26:15	13.11	-0.02	25	32775	卖盘
13:26:06	13.13	--	2	2626	买盘
13:26:03	13.13	0.02	20	26260	买盘
13:26:00	13.11	--	50	65550	卖盘
13:25:48	13.11	--	27	35397	卖盘
13:25:45	13.11	--	4	5244	卖盘
13:25:36	13.11	--	10	13110	卖盘
13:25:21	13.11	--	1	1311	卖盘
13:25:15	13.11	--	5	6555	买盘
13:24:57	13.11	--	90	117990	买盘
13:24:42	13.11	-0.02	15	19665	卖盘
13:24:39	13.13	0.02	50	65650	买盘
13:24:33	13.11	-0.02	3	3933	卖盘
13:24:21	13.13	--	38	49894	买盘
13:24:18	13.13	--	3	3939	买盘
13:24:15	13.13	0.02	18	23634	买盘
13:24:03	13.11	-0.02	3	3933	卖盘
13:23:54	13.13	0.02	30	39390	买盘
13:23:48	13.11	0.01	2	2622	中性盘
13:23:12	13.1	-0.03	10	13100	卖盘
13:23:06	13.13	0.01	30	39390	买盘
13:23:03	13.12	-0.01	30	39360	中性盘
13:22:45	13.13	0.01	24	31512	买盘
13:22:42	13.12	--	154	202048	卖盘
13:22:39	13.12	--	3	3935	卖盘
13:22:21	13.12	-0.01	60	78720	买盘
13:22:12	13.13	--	25	32825	卖盘
13:22:09	13.13	0.03	31	40703	买盘
13:22:06	13.1	--	32	41920	卖盘
13:22:00	13.1	-0.03	11	14410	卖盘
13:21:45	13.13	0.01	206	270478	买盘
13:21:39	13.12	--	19	24928	卖盘
13:21:30	13.12	--	50	65600	卖盘
13:21:27	13.12	-0.01	6	7871	卖盘
13:21:18	13.13	--	13	17069	买盘
13:21:12	13.13	0.01	26	34138	买盘
13:21:00	13.12	-0.01	46	60352	卖盘
13:20:57	13.13	0.01	5	6565	买盘
13:20:54	13.12	--	10	13120	卖盘
13:20:27	13.12	--	21	27552	买盘
13:20:24	13.12	--	46	60352	买盘
13:20:12	13.12	--	70	91840	买盘
13:19:51	13.12	0.01	5	6560	买盘
13:19:48	13.11	0.01	20	26220	买盘
13:19:39	13.1	--	39	51090	卖盘
13:19:30	13.1	0.01	140	183400	买盘
13:19:27	13.09	-0.01	60	78540	卖盘
13:19:24	13.1	--	50	65500	买盘
13:19:21	13.1	--	20	26200	买盘
13:19:15	13.1	--	51	66810	买盘
13:19:12	13.1	--	205	268550	买盘
13:19:09	13.1	--	74	96940	买盘
13:19:06	13.1	--	50	65500	买盘
13:19:00	13.1	--	16	20960	买盘
13:18:57	13.1	--	70	91700	买盘
13:18:48	13.1	--	50	65500	买盘
13:18:45	13.1	--	10	13100	买盘
13:18:39	13.1	--	22	28820	买盘
13:18:27	13.1	--	3	3930	买盘
13:18:18	13.1	0.01	31	40610	买盘
13:17:54	13.09	--	10	13090	中性盘
13:17:36	13.09	--	20	26180	买盘
13:17:09	13.09	0.01	8	10472	买盘
13:17:00	13.08	-0.01	12	15696	卖盘
13:16:57	13.09	--	10	13090	买盘
13:16:45	13.09	--	2	2618	买盘
13:16:42	13.09	--	20	26180	买盘
13:16:39	13.09	-0.01	9	11781	卖盘
13:16:21	13.1	--	8	10480	买盘
13:16:15	13.1	0.01	20	26200	买盘
13:16:09	13.09	--	10	13090	买盘
13:16:06	13.09	--	1	1309	买盘
13:16:03	13.09	0.02	30	39270	买盘
13:16:00	13.07	-0.02	10	13070	卖盘
13:15:45	13.09	0.02	2	2618	买盘
13:15:42	13.07	-0.02	50	65350	卖盘
13:15:33	13.09	0.02	3	3927	买盘
13:15:15	13.07	--	1	1307	卖盘
13:15:03	13.07	--	35	45745	买盘
13:15:00	13.07	--	128	167296	买盘
13:14:57	13.07	--	313	409091	买盘
13:14:54	13.07	--	20	26140	买盘
13:14:51	13.07	--	10	13070	买盘
13:14:45	13.07	--	15	19605	买盘
13:14:42	13.07	--	161	210427	买盘
13:14:39	13.07	--	276	360732	买盘
13:14:36	13.07	--	49	64043	买盘
13:14:33	13.07	--	120	156840	买盘
13:14:30	13.07	--	116	151612	买盘
13:14:27	13.07	--	46	60122	买盘
13:14:24	13.07	--	18	23526	买盘
13:14:15	13.07	--	675	882225	买盘
13:14:09	13.07	--	4	5228	买盘
13:14:06	13.07	--	90	117630	买盘
13:14:03	13.07	--	1	1307	买盘
13:13:48	13.07	0.01	36	47052	买盘
13:13:42	13.06	-0.01	20	26120	卖盘
13:13:36	13.07	--	5	6535	买盘
13:13:33	13.07	--	30	39210	买盘
13:13:30	13.07	--	10	13070	买盘
13:13:27	13.07	--	42	54894	买盘
13:13:24	13.07	--	200	261400	买盘
13:13:21	13.07	--	125	163375	买盘
13:13:06	13.07	0.01	10	13070	买盘
13:13:03	13.06	--	12	15672	卖盘
13:12:48	13.06	--	18	23508	卖盘
13:12:42	13.06	-0.01	20	26120	卖盘
13:12:39	13.07	0.01	10	13070	买盘
13:12:36	13.06	-0.01	17	22202	卖盘
13:12:30	13.07	--	2038	2663666	买盘
13:12:27	13.07	--	101	132791	买盘
13:12:21	13.07	--	205	267935	买盘
13:12:18	13.07	0.01	26	33982	买盘
13:12:15	13.06	-0.01	100	130600	卖盘
13:12:12	13.07	0.01	101	132007	买盘
13:12:09	13.06	-0.01	4	5224	卖盘
13:12:06	13.07	0.01	10	13070	买盘
13:12:03	13.06	--	10	13060	卖盘
13:11:51	13.06	-0.01	2	2612	卖盘
13:11:42	13.07	0.01	7	9149	买盘
13:11:36	13.06	-0.01	29	37874	卖盘
13:11:33	13.07	0.01	20	26140	买盘
13:11:09	13.06	-0.01	5	6530	卖盘
13:11:06	13.07	--	14	18298	买盘
13:10:48	13.07	--	14	18298	买盘
13:10:42	13.07	--	10	13070	买盘
13:10:39	13.07	-0.02	362	473134	卖盘
13:10:33	13.09	0.02	20	26180	买盘
13:10:24	13.07	--	57	74499	卖盘
13:10:15	13.07	--	6	7842	卖盘
13:10:12	13.07	--	22	28754	买盘
13:10:09	13.07	--	30	39210	买盘
13:10:00	13.07	0.01	30	39210	买盘
13:09:54	13.06	-0.01	49	63994	卖盘
13:09:48	13.07	0.01	68	88876	买盘
13:09:42	13.06	-0.01	25	32650	卖盘
13:09:36	13.07	--	2	2614	买盘
13:09:33	13.07	--	60	78420	买盘
13:09:27	13.07	0.01	8	10456	买盘
13:09:09	13.06	-0.01	30	39180	卖盘
13:09:06	13.07	0.01	15	19605	买盘
13:09:00	13.06	--	8	10448	卖盘
13:08:39	13.06	-0.01	9	11754	卖盘
13:08:33	13.07	--	23	30061	买盘
13:08:09	13.07	--	32	41824	买盘
13:08:03	13.07	--	10	13070	买盘
13:08:00	13.07	--	6	7842	买盘
13:07:48	13.07	0.01	4	5228	买盘
13:07:36	13.06	--	9	11754	卖盘
13:07:30	13.06	--	10	13060	卖盘
13:07:27	13.06	-0.01	9	11754	卖盘
13:07:15	13.07	--	5	6535	买盘
13:06:48	13.07	0.01	40	52280	买盘
13:06:15	13.06	0.01	193	252058	买盘
13:06:12	13.05	--	18	23490	卖盘
13:05:54	13.05	--	2	2610	卖盘
13:05:48	13.05	--	15	19575	卖盘
13:05:42	13.05	-0.01	10	13050	卖盘
13:05:36	13.06	0.01	10	13060	买盘
13:05:21	13.05	-0.01	30	39150	卖盘
13:05:06	13.06	--	42	54852	买盘
13:04:57	13.06	--	236	308216	卖盘
13:04:39	13.06	-0.01	1	1306	卖盘
13:04:09	13.07	--	2	2614	买盘
13:03:54	13.07	0.01	2	2614	买盘
13:03:48	13.06	--	5	6530	卖盘
13:03:45	13.06	--	4	5224	卖盘
13:03:42	13.06	-0.01	10	13060	卖盘
13:03:39	13.07	0.02	99	129393	买盘
13:03:27	13.05	-0.02	43	56115	卖盘
13:03:06	13.07	0.02	20	26140	买盘
13:02:57	13.05	-0.02	50	65250	卖盘
13:02:54	13.07	--	3	3921	买盘
13:02:45	13.07	--	22	28754	买盘
13:02:42	13.07	0.01	77	100639	买盘
13:02:06	13.06	--	60	78360	卖盘
13:02:00	13.06	--	1	1306	卖盘
13:01:57	13.06	--	5	6530	卖盘
13:01:42	13.06	--	11	14366	卖盘
13:01:36	13.06	-0.01	17	22202	卖盘
13:01:21	13.07	--	10	13070	买盘
13:01:09	13.07	0.01	6	7842	买盘
13:00:27	13.06	0.01	6	7836	中性盘
13:00:09	13.05	--	70	91350	卖盘
13:00:06	13.05	-0.01	276	360180	卖盘
13:00:03	13.06	--	0	0	买盘
11:30:03	13.06	--	0	0	买盘
11:29:39	13.06	0.01	101	131906	买盘
11:29:27	13.05	0.01	18	23490	中性盘
11:28:45	13.04	--	59	76936	买盘
11:28:42	13.04	--	54	70416	买盘
11:28:36	13.04	--	30	39120	买盘
11:28:30	13.04	--	49	63895	买盘
11:28:27	13.04	--	190	247759	买盘
11:28:21	13.04	-0.02	10	13040	卖盘
11:28:09	13.06	--	30	39180	买盘
11:28:06	13.06	--	10	13060	买盘
11:28:03	13.06	--	20	26120	买盘
11:27:45	13.06	--	40	52240	买盘
11:27:24	13.06	--	9	11754	买盘
11:27:21	13.06	0.04	4	5224	买盘
11:27:15	13.02	--	2	2604	卖盘
11:27:06	13.02	-0.05	1	1302	卖盘
11:27:00	13.07	0.05	50	65350	买盘
11:26:54	13.02	--	2	2604	卖盘
11:26:36	13.02	--	100	130200	卖盘
11:26:09	13.02	0.01	6	8567	买盘
11:26:06	13.01	-0.01	5	6505	卖盘
11:25:57	13.02	--	3	3906	买盘
11:25:51	13.02	--	1	1302	买盘
11:25:48	13.02	-0.05	210	273966	卖盘
11:25:45	13.07	--	33	43131	买盘
11:25:42	13.07	0.01	14	18298	买盘
11:25:39	13.06	--	22	28732	卖盘
11:25:36	13.06	--	5	6530	卖盘
11:25:18	13.06	--	22	28732	买盘
11:25:06	13.06	--	1	1306	买盘
11:24:45	13.06	--	2	2612	买盘
11:24:39	13.06	--	30	39180	买盘
11:24:15	13.06	--	7	9142	卖盘
11:24:12	13.06	-0.01	2	2612	卖盘
11:24:09	13.07	--	224	292768	买盘
11:24:03	13.07	0.01	20	26140	买盘
11:23:57	13.06	--	10	13060	卖盘
11:23:45	13.06	--	28	36568	卖盘
11:23:39	13.06	0.03	219	286771	买盘
11:23:36	13.03	--	3	3909	卖盘
11:22:54	13.03	--	43	56029	买盘
11:22:48	13.03	--	5	6515	买盘
11:22:36	13.03	--	73	95119	买盘
11:22:33	13.03	--	10	13030	买盘
11:22:27	13.03	--	9	11727	买盘
11:22:03	13.03	--	6	7818	买盘
11:21:57	13.03	--	20	26060	买盘
11:21:48	13.03	0.01	2	2606	买盘
11:21:45	13.02	0.01	35	45570	中性盘
11:21:39	13.01	-0.02	5	6505	卖盘
11:21:33	13.03	--	8	10424	买盘
11:21:27	13.03	--	135	175905	买盘
11:21:18	13.03	--	1	1303	买盘
11:21:12	13.03	-0.04	188	244964	卖盘
11:21:03	13.07	0.02	59	77113	买盘
11:20:57	13.05	0.01	2	2610	买盘
11:20:33	13.04	--	23	29991	卖盘
11:20:18	13.04	-0.01	22	28687	卖盘
11:20:12	13.05	--	5	6525	买盘
11:20:03	13.05	0.02	2	2610	买盘
11:19:36	13.03	--	1	1303	卖盘
11:19:27	13.03	--	2	2606	卖盘
11:19:24	13.03	--	25	32575	卖盘
11:19:12	13.03	-0.03	43	56029	卖盘
11:19:06	13.06	-0.01	20	26120	卖盘
11:18:57	13.07	0.03	3	3921	买盘
11:18:48	13.04	-0.03	60	78240	卖盘
11:18:39	13.07	--	15	19605	买盘
11:18:24	13.07	--	35	45745	买盘
11:18:18	13.07	--	1	1307	买盘
11:18:15	13.07	--	51	66657	买盘
11:17:57	13.07	0.03	9	11763	买盘
11:17:45	13.04	0.01	2	2608	中性盘
11:17:24	13.03	--	2	2606	卖盘
11:17:18	13.03	--	5	6515	卖盘
11:17:12	13.03	--	53	69059	买盘
11:17:06	13.03	--	10	13030	买盘
11:17:03	13.03	--	1	1303	买盘
11:17:00	13.03	--	32	41696	中性盘
11:16:33	13.03	--	3	3909	买盘
11:16:30	13.03	--	12	15636	买盘
11:16:24	13.03	--	1	1303	买盘
11:16:21	13.03	--	18	23454	买盘
11:16:18	13.03	--	4	5212	买盘
11:15:57	13.03	--	46	59938	卖盘
11:15:48	13.03	-0.04	100	130300	卖盘
11:15:45	13.07	0.01	17	22219	买盘
11:15:36	13.06	--	3	3918	买盘
11:15:27	13.06	--	10	13060	买盘
11:15:24	13.06	--	206	269036	买盘
11:15:12	13.06	--	388	506728	卖盘
11:15:03	13.06	--	16	20896	卖盘
11:15:00	13.06	-0.01	220	287320	卖盘
11:14:57	13.07	--	4	5228	买盘
11:14:54	13.07	--	1	1307	买盘
11:14:48	13.07	0.01	53	69271	买盘
11:14:45	13.06	-0.01	20	26120	卖盘
11:14:39	13.07	0.01	1	1307	买盘
11:14:36	13.06	--	10	13060	卖盘
11:14:24	13.06	--	1	1306	卖盘
11:14:21	13.06	--	5	6530	卖盘
11:14:15	13.06	--	4	5224	买盘
11:14:00	13.06	0.01	13	16978	买盘
11:13:54	13.05	-0.01	11	14355	卖盘
11:13:42	13.06	--	18	23508	买盘
11:13:39	13.06	--	5	6530	买盘
11:13:36	13.06	--	9	11754	买盘
11:13:15	13.06	--	4	5224	买盘
11:13:03	13.06	0.01	10	13060	买盘
11:12:57	13.05	--	5	6525	中性盘
11:12:51	13.05	-0.01	10	13050	中性盘
11:12:45	13.06	0.02	28	36568	买盘
11:12:39	13.04	--	4	5216	卖盘
11:12:33	13.04	--	15	19560	买盘
11:12:27	13.04	0.01	100	130399	买盘
11:12:24	13.03	-0.01	7	9121	卖盘
11:12:18	13.04	--	10	13040	买盘
11:12:09	13.04	--	35	45640	买盘
11:12:06	13.04	0.03	5	6520	买盘
11:12:03	13.01	-0.03	500	650500	卖盘
11:11:57	13.04	0.01	31	40424	买盘
11:11:54	13.03	--	93	121179	买盘
11:11:51	13.03	--	32	41696	买盘
11:11:48	13.03	--	3	3909	买盘
11:11:45	13.03	-0.02	89	115967	卖盘
11:11:42	13.05	0.02	132	172260	买盘
11:11:36	13.03	--	102	132906	卖盘
11:11:33	13.03	-0.02	10	13030	卖盘
11:11:30	13.05	0.03	3	3915	买盘
11:11:24	13.02	--	325	423150	卖盘
11:11:21	13.02	--	8	10416	卖盘
11:11:18	13.02	0.01	32	41664	卖盘
11:11:15	13.01	--	8	10408	卖盘
11:11:12	13.01	-0.01	409	532109	卖盘
11:11:09	13.02	0.01	10	13020	卖盘
11:11:06	13.01	-0.02	200	260200	卖盘
11:11:03	13.03	0.02	334	435202	买盘
11:11:00	13.01	-0.01	72	93672	卖盘
11:10:57	13.02	0.01	60	78120	中性盘
11:10:45	13.01	-0.02	33	42933	卖盘
11:10:39	13.03	-0.02	395	514685	卖盘
11:10:36	13.05	-0.01	45	58725	卖盘
11:10:33	13.06	--	60	78360	卖盘
11:10:30	13.06	--	15	19590	卖盘
11:10:27	13.06	-0.01	10	13060	卖盘
11:10:09	13.07	-0.01	204	266628	卖盘
11:10:06	13.08	--	32	41856	买盘
11:09:57	13.08	--	28	36624	卖盘
11:09:51	13.08	-0.01	1	1308	卖盘
11:09:48	13.09	0.01	32	41888	买盘
11:09:42	13.08	--	16	20928	卖盘
11:09:39	13.08	--	39	51012	卖盘
11:09:36	13.08	--	57	74556	卖盘
11:09:33	13.08	--	20	26160	卖盘
11:09:30	13.08	--	309	404172	买盘
11:09:09	13.08	--	52	68016	卖盘
11:09:00	13.08	--	40	52320	卖盘
11:08:51	13.08	-0.01	24	31392	卖盘
11:08:39	13.09	0.01	22	28798	买盘
11:08:36	13.08	-0.01	100	130800	卖盘
11:08:27	13.09	--	1	1309	买盘
11:08:24	13.09	--	52	68068	卖盘
11:08:21	13.09	-0.01	58	75922	卖盘
11:08:06	13.1	--	32	41920	卖盘
11:08:00	13.1	--	50	65500	卖盘
11:07:57	13.1	--	100	131000	卖盘
11:07:54	13.1	--	6	7860	卖盘
11:07:48	13.1	--	59	77290	卖盘
11:07:45	13.1	--	52	68120	卖盘
11:07:42	13.1	--	10	13100	卖盘
11:07:33	13.1	--	61	79910	卖盘
11:07:27	13.1	--	1	1310	卖盘
11:07:15	13.1	0.01	55	72050	中性盘
11:07:03	13.09	-0.02	30	39270	卖盘
11:06:54	13.11	--	2	2622	买盘
11:06:48	13.11	--	5	6555	卖盘
11:06:42	13.11	--	3	3933	卖盘
11:06:39	13.11	0.02	30	39330	买盘
11:06:36	13.09	-0.01	62	81158	卖盘
11:06:30	13.1	0.01	25	33798	买盘
11:06:21	13.09	-0.01	30	39270	卖盘
11:06:15	13.1	--	60	78600	买盘
11:06:06	13.1	0.01	5	6550	买盘
11:05:54	13.09	--	3	3927	卖盘
11:05:48	13.09	--	1	1309	卖盘
11:05:42	13.09	--	5	6545	卖盘
11:05:39	13.09	--	10	13090	卖盘
11:05:30	13.09	0.01	50	65450	中性盘
11:05:24	13.08	-0.01	254	332232	卖盘
11:05:21	13.09	0.01	30	39270	卖盘
11:05:18	13.08	-0.02	100	130800	卖盘
11:05:12	13.1	0.01	4	5240	买盘
11:05:09	13.09	-0.01	41	53669	卖盘
11:04:54	13.1	-0.01	420	550462	卖盘
11:04:51	13.11	--	80	104880	卖盘
11:04:45	13.11	--	2	2622	卖盘
11:04:30	13.11	--	5	6555	买盘
11:04:27	13.11	0.01	20	26220	买盘
11:04:21	13.1	-0.01	60	78600	卖盘
11:04:18	13.11	0.01	48	62928	买盘
11:04:15	13.1	-0.02	3	3930	卖盘
11:04:12	13.12	0.02	200	262400	买盘
11:04:06	13.1	-0.02	100	131000	卖盘
11:04:03	13.12	--	110	144320	买盘
11:03:57	13.12	--	100	131200	买盘
11:03:54	13.12	--	100	131200	买盘
11:03:51	13.12	--	30	39360	买盘
11:03:48	13.12	--	21	27552	买盘
11:03:36	13.12	--	35	45920	卖盘
11:03:33	13.12	--	5	6560	卖盘
11:03:27	13.12	--	190	249279	卖盘
11:03:24	13.12	-0.01	380	498559	卖盘
11:03:18	13.13	0.01	350	459550	买盘
11:03:15	13.12	--	22	28864	卖盘
11:03:09	13.12	--	40	52480	卖盘
11:03:06	13.12	--	118	154816	卖盘
11:03:03	13.12	-0.01	5	6560	卖盘
11:02:57	13.13	--	66	86658	买盘
11:02:54	13.13	0.01	13	17069	买盘
11:02:45	13.12	--	67	87904	卖盘
11:02:42	13.12	-0.01	1	1312	卖盘
11:02:33	13.13	0.01	300	393900	买盘
11:02:30	13.12	-0.01	9	11808	卖盘
11:02:27	13.13	0.01	240	315120	买盘
11:02:21	13.12	-0.01	2	2624	卖盘
11:02:15	13.13	--	338	443794	买盘
11:02:12	13.13	--	55	72215	买盘
11:02:09	13.13	--	322	422786	卖盘
11:02:06	13.13	-0.01	40	52520	卖盘
11:02:00	13.14	0.01	130	170820	买盘
11:01:54	13.13	--	4	5252	卖盘
11:01:51	13.13	0.01	3	3939	中性盘
11:01:48	13.12	-0.01	200	262400	卖盘
11:01:45	13.13	--	3	3939	卖盘
11:01:36	13.13	--	100	131300	卖盘
11:01:33	13.13	--	93	122109	买盘
11:01:30	13.13	0.02	1	1313	买盘
11:01:27	13.11	-0.02	2	2622	卖盘
11:01:15	13.13	0.02	180	236340	买盘
11:01:12	13.11	--	1	1311	卖盘
11:01:09	13.11	-0.02	39	51129	卖盘
11:00:57	13.13	0.02	3	3939	买盘
11:00:48	13.11	-0.01	190	249090	卖盘
11:00:45	13.12	--	119	157177	买盘
11:00:42	13.12	0.01	10	13120	买盘
11:00:39	13.11	-0.01	8	10488	卖盘
11:00:33	13.12	--	87	114144	买盘
11:00:30	13.12	--	10	13120	买盘
11:00:27	13.12	--	250	328000	买盘
11:00:18	13.12	--	39	51430	卖盘
11:00:09	13.12	--	9	12857	卖盘
11:00:06	13.12	0.01	52	68224	卖盘
11:00:00	13.11	-0.02	10	13110	卖盘
10:59:57	13.13	0.01	22	28886	买盘
10:59:51	13.12	--	5	6560	中性盘
10:59:42	13.12	-0.01	5	6560	买盘
10:59:33	13.13	0.01	74	97162	买盘
10:59:30	13.12	-0.01	54	70848	卖盘
10:59:18	13.13	--	92	120796	卖盘
10:59:12	13.13	-0.01	1	1313	卖盘
10:59:09	13.14	--	110	144540	买盘
10:59:06	13.14	--	69	91414	卖盘
10:59:03	13.14	--	26	34729	买盘
10:58:54	13.14	-0.01	47	62506	卖盘
10:58:48	13.15	--	108	142020	买盘
10:58:45	13.15	--	105	138075	买盘
10:58:39	13.15	--	10	13150	买盘
10:58:36	13.15	--	233	306395	卖盘
10:58:30	13.15	--	42	55230	买盘
10:58:24	13.15	0.01	64	84160	买盘
10:58:21	13.14	-0.01	93	122202	卖盘
10:58:18	13.15	--	120	157800	买盘
10:58:15	13.15	0.01	1	1315	买盘
10:58:06	13.14	--	10	13140	卖盘
10:58:03	13.14	--	13	17647	买盘
10:58:00	13.14	0.02	39	51246	买盘
10:57:51	13.12	--	8	10496	卖盘
10:57:48	13.12	--	47	61663	卖盘
10:57:45	13.12	--	111	145632	买盘
10:57:42	13.12	--	13	17056	买盘
10:57:33	13.12	--	521	683552	卖盘
10:57:30	13.12	-0.01	10	13120	卖盘
10:57:27	13.13	--	4	5252	买盘
10:57:18	13.13	--	87	114231	买盘
10:57:15	13.13	0.01	92	120796	买盘
10:57:03	13.12	0.02	10	13120	中性盘
10:56:54	13.1	--	2	2620	卖盘
10:56:51	13.1	-0.04	130	170300	卖盘
10:56:48	13.14	0.04	200	262800	买盘
10:56:45	13.1	--	80	104800	卖盘
10:56:42	13.1	--	2	2620	卖盘
10:56:33	13.1	--	9	11790	卖盘
10:56:27	13.1	--	503	658930	买盘
10:56:21	13.1	--	54	70740	买盘
10:56:18	13.1	--	100	131000	买盘
10:56:06	13.1	-0.05	431	565356	卖盘
10:56:03	13.15	--	4	5260	卖盘
10:56:00	13.15	--	10	13150	卖盘
10:55:57	13.15	--	2	2630	卖盘
10:55:54	13.15	0.01	48	63685	买盘
10:55:48	13.14	-0.01	72	94608	卖盘
10:55:45	13.15	--	1	1315	买盘
10:55:42	13.15	--	10	13150	买盘
10:55:39	13.15	--	5	6575	买盘
10:55:33	13.15	--	5	6575	买盘
10:55:24	13.15	0.01	25	32875	买盘
10:55:21	13.14	-0.01	8	10512	卖盘
10:55:18	13.15	0.02	20	26300	买盘
10:55:03	13.13	-0.02	300	393900	卖盘
10:54:57	13.15	0.02	13	17095	买盘
10:54:54	13.13	0.02	11	14443	卖盘
10:54:45	13.11	-0.04	124	162564	卖盘
10:54:42	13.15	--	100	131500	买盘
10:54:39	13.15	0.03	48	63120	买盘
10:54:36	13.12	--	5	6560	卖盘
10:54:33	13.12	--	20	26240	卖盘
10:54:27	13.12	0.01	58	76096	买盘
10:54:24	13.11	-0.01	15	19665	卖盘
10:54:18	13.12	0.01	48	62975	买盘
10:54:15	13.11	-0.01	28	36708	卖盘
10:54:06	13.12	--	40	52480	买盘
10:54:03	13.12	--	316	414592	买盘
10:54:00	13.12	--	5	6560	买盘
10:53:57	13.12	--	30	39360	买盘
10:53:54	13.12	--	459	602208	卖盘
10:53:45	13.12	-0.03	921	1208352	卖盘
10:53:36	13.15	-0.01	85	112524	卖盘
10:53:33	13.16	0.01	70	92120	买盘
10:53:30	13.15	-0.01	3	3945	卖盘
10:53:21	13.16	-0.01	195	256620	卖盘
10:53:18	13.17	-0.01	56	73752	卖盘
10:53:15	13.18	--	9	11862	买盘
10:53:09	13.18	--	10	13180	买盘
10:52:54	13.18	--	114	150252	卖盘
10:52:51	13.18	-0.01	5	6590	卖盘
10:52:48	13.19	--	4	5276	买盘
10:52:42	13.19	0.01	3	3957	买盘
10:52:39	13.18	-0.01	6	7908	卖盘
10:52:33	13.19	-0.01	9	11871	卖盘
10:52:30	13.2	--	11	14520	买盘
10:52:27	13.2	--	20	26400	买盘
10:52:21	13.2	0.01	12	15840	买盘
10:52:18	13.19	-0.01	10	13190	卖盘
10:52:15	13.2	-0.01	268	353760	卖盘
10:52:12	13.21	0.01	4	5284	卖盘
10:52:09	13.2	-0.02	50	66000	卖盘
10:52:06	13.22	0.01	158	208876	买盘
10:52:03	13.21	--	40	52840	买盘
10:52:00	13.21	--	50	66050	买盘
10:51:57	13.21	--	79	104359	卖盘
10:51:48	13.21	--	13	17173	买盘
10:51:45	13.21	-0.02	23	30383	买盘
10:51:39	13.23	0.03	266	351918	买盘
10:51:36	13.2	--	10	13200	卖盘
10:51:33	13.2	-0.03	70	92400	卖盘
10:51:30	13.23	0.02	200	264600	买盘
10:51:24	13.21	-0.02	9	11889	买盘
10:51:18	13.23	0.01	170	224910	买盘
10:51:15	13.22	0.01	219	289518	买盘
10:51:12	13.21	--	42	55482	卖盘
10:51:03	13.21	--	212	280052	卖盘
10:51:00	13.21	--	50	66050	卖盘
10:50:54	13.21	0.01	77	101717	买盘
10:50:45	13.2	-0.01	10	13200	卖盘
10:50:42	13.21	--	50	66050	买盘
10:50:39	13.21	0.01	11	14531	买盘
10:50:36	13.2	--	84	110880	卖盘
10:50:33	13.2	--	192	253440	卖盘
10:50:30	13.2	--	1	1320	卖盘
10:50:27	13.2	--	74	97680	卖盘
10:50:21	13.2	0.01	328	432960	买盘
10:50:18	13.19	--	10	13190	卖盘
10:50:15	13.19	-0.01	2	2638	卖盘
10:50:12	13.2	0.01	30	39600	买盘
10:50:09	13.19	--	5	6595	卖盘
10:50:06	13.19	-0.01	1	1319	卖盘
10:50:03	13.2	0.01	168	221760	买盘
10:50:00	13.19	--	10	13190	卖盘
10:49:57	13.19	--	10	13190	卖盘
10:49:54	13.19	--	6	7914	卖盘
10:49:51	13.19	-0.01	23	30337	卖盘
10:49:48	13.2	0.01	40	52800	买盘
10:49:45	13.19	-0.01	9	11871	卖盘
10:49:36	13.2	0.01	23	30360	买盘
10:49:30	13.19	0.01	392	518103	买盘
10:49:24	13.18	-0.01	9	11862	中性盘
10:49:03	13.19	0.02	516	680604	买盘
10:49:00	13.17	0.01	1	1317	买盘
10:48:51	13.16	-0.01	10	13160	中性盘
10:48:42	13.17	0.02	16	21072	买盘
10:48:39	13.15	--	18	23670	卖盘
10:48:27	13.15	--	1	1315	卖盘
10:48:24	13.15	-0.02	6	7890	卖盘
10:48:21	13.17	0.02	33	43461	买盘
10:48:18	13.15	-0.01	10	13150	卖盘
10:48:12	13.16	0.01	1	1316	买盘
10:48:06	13.15	0.02	227	299070	买盘
10:48:03	13.13	--	20	26260	卖盘
10:47:48	13.13	-0.01	80	105040	卖盘
10:47:45	13.14	--	19	24966	买盘
10:47:42	13.14	-0.01	15	19710	中性盘
10:47:30	13.15	0.01	13	17095	买盘
10:47:27	13.14	--	5	6570	买盘
10:47:24	13.14	-0.01	33	43362	卖盘
10:47:21	13.15	--	17	22355	买盘
10:47:09	13.15	0.01	1	1315	买盘
10:47:03	13.14	-0.01	25	32850	卖盘
10:47:00	13.15	--	40	52600	买盘
10:46:57	13.15	0.01	38	49970	买盘
10:46:54	13.14	-0.01	131	172134	卖盘
10:46:51	13.15	0.01	33	43395	买盘
10:46:45	13.14	-0.01	8	10512	卖盘
10:46:42	13.15	--	27	35505	买盘
10:46:39	13.15	--	6	7890	买盘
10:46:36	13.15	0.01	1515	1992225	买盘
10:46:33	13.14	-0.01	54	70956	卖盘
10:46:27	13.15	0.01	79	103885	买盘
10:46:24	13.14	--	11	14454	卖盘
10:46:18	13.14	--	5	6570	卖盘
10:46:15	13.14	--	3	3942	卖盘
10:46:12	13.14	0.01	81	106434	买盘
10:46:09	13.13	0.01	2	2626	买盘
10:46:06	13.12	-0.01	5	6560	卖盘
10:46:03	13.13	-0.01	20	26260	卖盘
10:46:00	13.14	--	1	1314	买盘
10:45:51	13.14	-0.03	1611	2116854	卖盘
10:45:45	13.17	-0.01	2	2634	买盘
10:45:42	13.18	0.02	15	19770	中性盘
10:45:39	13.16	-0.02	321	422436	卖盘
10:45:30	13.18	--	26	34268	卖盘
10:45:27	13.18	-0.01	35	46130	卖盘
10:45:24	13.19	0.02	158	208402	买盘
10:45:21	13.17	-0.01	35	46095	卖盘
10:45:18	13.18	0.01	2	2636	买盘
10:45:15	13.17	-0.02	39	51363	卖盘
10:45:12	13.19	--	22	29018	买盘
10:45:09	13.19	--	17	22423	买盘
10:45:06	13.19	0.01	113	149047	买盘
10:45:03	13.18	-0.01	33	43494	卖盘
10:45:00	13.19	0.01	1	1319	买盘
10:44:57	13.18	-0.01	60	79080	卖盘
10:44:54	13.19	--	1	1319	买盘
10:44:48	13.19	-0.01	186	245334	卖盘
10:44:39	13.2	--	29	38280	买盘
10:44:33	13.2	--	36	47520	买盘
10:44:30	13.2	0.01	100	132000	买盘
10:44:27	13.19	-0.01	319	420761	卖盘
10:44:24	13.2	0.01	142	187440	买盘
10:44:21	13.19	--	3	3957	卖盘
10:44:18	13.19	--	6	7914	卖盘
10:44:15	13.19	--	16	21104	卖盘
10:44:12	13.19	0.03	216	284904	买盘
10:44:09	13.16	-0.02	1	1316	中性盘
10:44:03	13.18	0.02	7	9226	卖盘
10:44:00	13.16	-0.02	99	130284	卖盘
10:43:57	13.18	0.01	5	6590	买盘
10:43:54	13.17	--	31	40827	卖盘
10:43:42	13.17	--	18	23706	买盘
10:43:39	13.17	--	9	11853	买盘
10:43:36	13.17	0.01	20	26340	买盘
10:43:33	13.16	-0.01	10	13160	卖盘
10:43:21	13.17	-0.03	3	3951	买盘
10:43:18	13.2	0.08	50	66000	买盘
10:43:15	13.12	-0.04	162	212544	卖盘
10:43:12	13.16	-0.04	157	206612	卖盘
10:43:09	13.2	--	13	17160	买盘
10:43:06	13.2	0.04	128	168960	买盘
10:43:03	13.16	-0.04	7	9212	卖盘
10:43:00	13.2	0.04	1	1320	买盘
10:42:57	13.16	0.03	84	110544	卖盘
10:42:54	13.13	--	17	22321	卖盘
10:42:51	13.13	-0.07	108	142329	卖盘
10:42:48	13.2	-0.02	241	318120	卖盘
10:42:45	13.22	--	29	38338	买盘
10:42:42	13.22	0.03	230	304060	买盘
10:42:39	13.19	--	31	40889	卖盘
10:42:36	13.19	-0.03	14	18466	卖盘
10:42:33	13.22	--	40	52880	买盘
10:42:30	13.22	-0.01	25	33050	卖盘
10:42:27	13.23	0.03	94	124362	买盘
10:42:24	13.2	--	15	19800	买盘
10:42:21	13.2	-0.02	140	184800	卖盘
10:42:18	13.22	-0.02	5	6610	买盘
10:42:15	13.24	--	11	14564	买盘
10:42:12	13.24	-0.01	171	226404	卖盘
10:42:09	13.25	0.02	589	780425	买盘
10:42:06	13.23	-0.01	64	84672	买盘
10:42:03	13.24	0.01	216	286778	买盘
10:42:00	13.23	--	30	39690	卖盘
10:41:57	13.23	--	6	7938	卖盘
10:41:54	13.23	0.04	909	1203136	买盘
10:41:51	13.19	0.01	61	80459	买盘
10:41:48	13.18	-0.02	623	821114	卖盘
10:41:45	13.2	0.02	70	92400	买盘
10:41:42	13.18	-0.01	82	108076	卖盘
10:41:39	13.19	0.01	12	15828	买盘
10:41:36	13.18	--	10	13180	卖盘
10:41:33	13.18	-0.01	35	46130	卖盘
10:41:30	13.19	0.01	43	56717	买盘
10:41:27	13.18	0.02	1146	1510428	买盘
10:41:24	13.16	0.01	45	59220	买盘
10:41:21	13.15	-0.01	28	36820	卖盘
10:41:18	13.16	0.01	5	6580	买盘
10:41:15	13.15	--	21	27615	买盘
10:41:12	13.15	-0.01	95	124925	中性盘
10:41:09	13.16	0.02	59	77644	买盘
10:41:06	13.14	--	1	1314	卖盘
10:41:03	13.14	-0.01	59	77526	买盘
10:41:00	13.15	0.01	710	933650	买盘
10:40:57	13.14	--	23	30222	买盘
10:40:54	13.14	0.01	56	73584	买盘
10:40:51	13.13	--	6	7878	买盘
10:40:48	13.13	--	4	5252	卖盘
10:40:45	13.13	-0.01	87	114231	卖盘
10:40:42	13.14	0.02	45	59130	买盘
10:40:39	13.12	-0.01	93	122016	卖盘
10:40:36	13.13	-0.01	24	31512	卖盘
10:40:33	13.14	0.01	112	147168	买盘
10:40:30	13.13	-0.01	16	21008	卖盘
10:40:27	13.14	0.02	8	10512	买盘
10:40:24	13.12	-0.03	125	164000	卖盘
10:40:21	13.15	0.01	309	406335	买盘
10:40:18	13.14	0.01	392	515088	买盘
10:40:15	13.13	--	63	82719	卖盘
10:40:12	13.13	0.01	15	19695	中性盘
10:40:09	13.12	-0.01	71	93152	卖盘
10:40:06	13.13	--	12	15756	卖盘
10:40:03	13.13	-0.02	26	34138	中性盘
10:40:00	13.15	0.03	632	831080	买盘
10:39:57	13.12	--	105	137760	卖盘
10:39:54	13.12	--	24	31487	卖盘
10:39:51	13.12	--	49	64287	卖盘
10:39:45	13.12	--	31	40672	买盘
10:39:42	13.12	--	4	5248	买盘
10:39:39	13.12	0.01	13	17056	买盘
10:39:36	13.11	-0.01	53	69483	卖盘
10:39:33	13.12	0.01	29	38048	买盘
10:39:30	13.11	0.01	46	60306	中性盘
10:39:21	13.1	-0.01	55	72050	卖盘
10:39:18	13.11	--	50	65550	卖盘
10:39:15	13.11	0.01	6	7866	卖盘
10:39:09	13.1	--	17	22270	卖盘
10:39:06	13.1	--	242	317020	卖盘
10:39:03	13.1	--	21	27510	卖盘
10:39:00	13.1	--	38	49780	卖盘
10:38:57	13.1	0.02	885	1159612	买盘
10:38:54	13.08	0.01	2	2616	买盘
10:38:48	13.07	--	44	57508	卖盘
10:38:45	13.07	--	27	35289	买盘
10:38:42	13.07	--	37	48359	买盘
10:38:39	13.07	-0.01	8	10456	买盘
10:38:36	13.08	0.01	106	138648	卖盘
10:38:33	13.07	--	39	50973	卖盘
10:38:30	13.07	-0.01	59	77113	卖盘
10:38:27	13.08	0.01	1325	1733100	买盘
10:38:24	13.07	0.01	1	1307	卖盘
10:38:21	13.06	-0.01	140	182840	卖盘
10:38:18	13.07	0.01	49	64043	卖盘
10:38:15	13.06	-0.03	51	66606	卖盘
10:38:12	13.09	0.03	300	392700	买盘
10:38:09	13.06	--	42	54852	卖盘
10:38:03	13.06	-0.01	151	197206	卖盘
10:38:00	13.07	-0.01	31	40517	中性盘
10:37:57	13.08	0.01	92	120336	买盘
10:37:54	13.07	--	10	13070	买盘
10:37:51	13.07	0.01	47	61429	买盘
10:37:48	13.06	-0.02	12	15672	卖盘
10:37:42	13.08	-0.01	5	6540	中性盘
10:37:39	13.09	0.03	53	69377	买盘
10:37:36	13.06	-0.03	70	91420	卖盘
10:37:33	13.09	--	53	69377	卖盘
10:37:30	13.09	0.03	89	116501	买盘
10:37:27	13.06	-0.03	137	178922	卖盘
10:37:24	13.09	--	32	41888	买盘
10:37:21	13.09	0.01	339	443751	买盘
10:37:18	13.08	--	169	221052	买盘
10:37:15	13.08	-0.02	232	303456	卖盘
10:37:12	13.1	0.01	53	69430	买盘
10:37:09	13.09	-0.01	5	6545	中性盘
10:37:06	13.1	0.01	172	225320	买盘
10:37:03	13.09	--	67	87703	买盘
10:37:00	13.09	0.01	14	18326	中性盘
10:36:57	13.08	-0.02	26	34008	卖盘
10:36:54	13.1	0.02	37	48470	买盘
10:36:51	13.08	-0.01	7	9156	卖盘
10:36:48	13.09	-0.01	21	27489	买盘
10:36:45	13.1	0.02	225	294750	买盘
10:36:42	13.08	--	40	52320	卖盘
10:36:39	13.08	-0.01	220	287760	卖盘
10:36:33	13.09	0.01	165	215985	买盘
10:36:30	13.08	-0.01	21	27468	买盘
10:36:27	13.09	--	34	44506	买盘
10:36:24	13.09	--	121	158389	买盘
10:36:21	13.09	0.03	20	26180	买盘
10:36:18	13.06	-0.03	100	130600	卖盘
10:36:12	13.09	0.01	620	811580	买盘
10:36:09	13.08	0.01	108	141264	买盘
10:36:06	13.07	--	106	138542	买盘
10:36:03	13.07	--	222	290154	买盘
10:36:00	13.07	0.01	48	62736	买盘
10:35:51	13.06	0.01	295	385270	买盘
10:35:48	13.05	--	71	92655	买盘
10:35:45	13.05	--	87	113535	买盘
10:35:42	13.05	--	30	39150	买盘
10:35:39	13.05	0.01	20	26100	买盘
10:35:36	13.04	-0.01	17	22168	中性盘
10:35:30	13.05	0.02	500	652500	买盘
10:35:27	13.03	--	155	202486	买盘
10:35:24	13.03	--	33	42999	买盘
10:35:21	13.03	0.02	29	37787	买盘
10:35:18	13.01	--	5	6505	卖盘
10:35:15	13.01	-0.02	40	52326	中性盘
10:35:09	13.03	0.03	100	130300	买盘
10:35:03	13.0	--	120	156780	卖盘
10:35:00	13.0	--	55	71500	卖盘
10:34:57	13.0	--	38	49400	卖盘
10:34:54	13.0	0.01	34	44720	买盘
10:34:51	12.99	--	127	164973	卖盘
10:34:48	12.99	-0.01	102	132498	卖盘
10:34:42	13.0	--	20	26000	买盘
10:34:39	13.0	--	94	122200	买盘
10:34:36	13.0	--	91	118300	买盘
10:34:30	13.0	0.02	150	195000	买盘
10:34:27	12.98	-0.02	345	447810	卖盘
10:34:24	13.0	--	30	39000	买盘
10:34:21	13.0	0.01	429	557700	买盘
10:34:18	12.99	--	32	41568	买盘
10:34:15	12.99	--	116	150684	买盘
10:34:12	12.99	--	319	414381	买盘
10:34:09	12.99	0.02	1	1299	买盘
10:34:06	12.97	-0.02	10	12970	卖盘
10:34:00	12.99	0.04	487	632613	买盘
10:33:57	12.95	-0.02	5	6475	卖盘
10:33:54	12.97	0.02	56	72632	买盘
10:33:42	12.95	--	6	8288	买盘
10:33:39	12.95	--	78	101010	买盘
10:33:36	12.95	--	10	12950	买盘
10:33:33	12.95	0.01	87	112665	买盘
10:33:30	12.94	-0.01	4	5176	中性盘
10:33:27	12.95	--	12	15540	买盘
10:33:24	12.95	--	17	22015	买盘
10:33:18	12.95	--	50	64750	买盘
10:33:15	12.95	-0.02	145	188552	卖盘
10:33:06	12.97	0.01	10	12970	中性盘
10:33:03	12.96	--	13	17366	卖盘
10:33:00	12.96	-0.02	21	27216	卖盘
10:32:57	12.98	--	26	33748	买盘
10:32:54	12.98	0.02	251	325798	买盘
10:32:51	12.96	0.01	501	649296	买盘
10:32:48	12.95	--	54	69930	卖盘
10:32:45	12.95	--	10	12950	卖盘
10:32:42	12.95	--	2	2590	卖盘
10:32:36	12.95	--	18	23310	卖盘
10:32:33	12.95	--	5	6475	卖盘
10:32:30	12.95	0.04	1343	1739185	买盘
10:32:27	12.91	--	45	58701	卖盘
10:32:24	12.91	0.01	20	25820	中性盘
10:32:15	12.9	-0.01	200	258000	卖盘
10:32:12	12.91	0.01	3	3873	卖盘
10:32:03	12.9	-0.03	1000	1290000	卖盘
10:32:00	12.93	0.02	348	449964	买盘
10:31:51	12.91	-0.02	180	232380	卖盘
10:31:36	12.93	--	12	15516	卖盘
10:31:30	12.93	--	88	113784	买盘
10:31:18	12.93	--	89	115077	买盘
10:31:12	12.93	-0.01	14	18102	卖盘
10:31:03	12.94	--	392	507248	买盘
10:30:54	12.94	--	87	112578	买盘
10:30:51	12.94	--	19	24586	买盘
10:30:48	12.94	--	17	21998	卖盘
10:30:45	12.94	--	65	84110	卖盘
10:30:42	12.94	0.01	58	75052	买盘
10:30:39	12.93	-0.01	4	5172	卖盘
10:30:33	12.94	--	64	82816	卖盘
10:30:30	12.94	--	71	91874	卖盘
10:30:27	12.94	--	10	12940	卖盘
10:30:24	12.94	--	98	126812	卖盘
10:30:21	12.94	-0.01	100	129400	卖盘
10:30:18	12.95	0.01	1	1295	买盘
10:30:15	12.94	--	68	87992	卖盘
10:30:12	12.94	--	50	64700	卖盘
10:30:09	12.94	0.01	134	173396	买盘
10:30:03	12.93	--	30	38790	卖盘
10:29:57	12.93	--	50	64650	卖盘
10:29:54	12.93	0.01	76	98268	买盘
10:29:45	12.92	--	218	281656	卖盘
10:29:39	12.92	--	145	187340	卖盘
10:29:27	12.92	-0.01	30	38760	买盘
10:29:12	12.93	--	39	50427	买盘
10:29:03	12.93	0.03	86	111198	买盘
10:28:54	12.9	-0.03	174	224460	卖盘
10:28:51	12.93	--	89	115077	买盘
10:28:48	12.93	--	58	74994	买盘
10:28:45	12.93	--	36	46548	卖盘
10:28:42	12.93	--	30	38790	卖盘
10:28:39	12.93	--	50	64650	卖盘
10:28:33	12.93	--	30	38790	卖盘
10:28:27	12.93	-0.01	32	41376	中性盘
10:28:24	12.94	0.01	87	112578	买盘
10:28:18	12.93	--	61	78873	买盘
10:28:15	12.93	0.02	39	50427	中性盘
10:28:12	12.91	-0.02	39	50349	卖盘
10:28:06	12.93	--	17	21981	卖盘
10:28:03	12.93	-0.01	57	73701	卖盘
10:27:57	12.94	0.01	5	6470	买盘
10:27:42	12.93	--	10	12930	卖盘
10:27:39	12.93	--	64	82752	买盘
10:27:36	12.93	--	111	143523	买盘
10:27:33	12.93	--	89	115077	买盘
10:27:30	12.93	0.01	10	12930	买盘
10:27:24	12.92	0.01	9	11628	中性盘
10:27:12	12.91	-0.03	8	10328	卖盘
10:27:03	12.94	--	3	3882	买盘
10:27:00	12.94	-0.01	2	2588	中性盘
10:26:57	12.95	0.01	39	50505	买盘
10:26:54	12.94	--	7	9058	卖盘
10:26:51	12.94	--	46	59524	买盘
10:26:48	12.94	--	59	76346	卖盘
10:26:45	12.94	--	18	23292	卖盘
10:26:42	12.94	--	25	32350	卖盘
10:26:39	12.94	0.02	222	287268	买盘
10:26:36	12.92	-0.01	40	51680	卖盘
10:26:30	12.93	--	395	510735	卖盘
10:26:27	12.93	--	10	12930	卖盘
10:26:24	12.93	--	15	19395	卖盘
10:26:21	12.93	0.02	336	434448	买盘
10:26:18	12.91	-0.01	8	10328	卖盘
10:26:15	12.92	0.01	15	19380	买盘
10:26:12	12.91	--	6	7746	卖盘
10:26:03	12.91	-0.02	5	6455	卖盘
10:26:00	12.93	--	204	263772	卖盘
10:25:57	12.93	-0.01	76	98268	卖盘
10:25:54	12.94	--	122	157868	买盘
10:25:42	12.94	0.01	20	25880	买盘
10:25:39	12.93	--	31	40083	买盘
10:25:30	12.93	--	5	6465	卖盘
10:25:21	12.93	--	25	32325	买盘
10:25:15	12.93	0.03	89	115077	买盘
10:25:12	12.9	-0.04	20	25800	卖盘
10:25:00	12.94	0.06	16	20704	买盘
10:24:51	12.88	-0.05	100	128800	卖盘
10:24:48	12.93	0.03	162	209466	买盘
10:24:45	12.9	--	5	6450	买盘
10:24:39	12.9	--	8	10320	买盘
10:24:30	12.9	--	47	60630	卖盘
10:24:27	12.9	0.02	1253	1616370	买盘
10:24:21	12.88	0.01	456	587328	买盘
10:24:18	12.87	--	8	10296	卖盘
10:24:15	12.87	--	20	25740	卖盘
10:24:00	12.87	--	3	3860	卖盘
10:23:48	12.87	0.02	34	43758	买盘
10:23:45	12.85	0.02	214	274990	卖盘
10:23:24	12.83	-0.04	22	28226	卖盘
10:23:18	12.87	0.04	5	6435	买盘
10:23:09	12.83	-0.02	752	964816	卖盘
10:22:54	12.85	0.02	103	132355	买盘
10:22:51	12.83	0.03	10	12830	买盘
10:22:39	12.8	-0.03	51	65280	卖盘
10:22:33	12.83	--	10	12830	买盘
10:22:30	12.83	--	10	12830	买盘
10:22:27	12.83	0.03	20	25660	买盘
10:22:06	12.8	--	10	12800	卖盘
10:21:39	12.8	0.01	6	7680	中性盘
10:21:03	12.79	-0.03	8	10232	卖盘
10:20:48	12.82	0.02	2	2564	买盘
10:20:45	12.8	-0.02	50	64000	卖盘
10:20:33	12.82	--	37	47434	买盘
10:20:06	12.82	0.02	20	25640	买盘
10:19:54	12.8	--	5	6400	卖盘
10:19:45	12.8	--	20	25600	卖盘
10:19:42	12.8	--	2	2560	卖盘
10:19:33	12.8	0.01	9	11520	买盘
10:19:24	12.79	--	3	3836	卖盘
10:19:18	12.79	-0.01	12	15347	卖盘
10:19:15	12.8	--	26	33280	买盘
10:19:12	12.8	--	23	29440	买盘
10:19:03	12.8	0.01	14	17920	买盘
10:18:51	12.79	--	0	102	买盘
10:18:48	12.79	0.01	111	141969	买盘
10:18:45	12.78	-0.01	2	2556	卖盘
10:18:39	12.79	--	108	138132	买盘
10:18:27	12.79	0.01	2	2558	买盘
10:18:24	12.78	--	2	2556	卖盘
10:17:51	12.78	-0.01	68	86904	卖盘
10:17:42	12.79	0.01	50	63949	买盘
10:17:12	12.78	--	10	12780	卖盘
10:17:03	12.78	--	43	55094	买盘
10:17:00	12.78	--	3	3834	买盘
10:16:57	12.78	--	8	10224	买盘
10:16:54	12.78	--	16	20448	买盘
10:16:51	12.78	--	8	10224	买盘
10:16:36	12.78	--	35	44730	买盘
10:16:30	12.78	--	45	58647	卖盘
10:16:21	12.78	--	120	153360	卖盘
10:16:18	12.78	--	37	47286	卖盘
10:16:15	12.78	-0.01	20	25560	卖盘
10:15:36	12.79	0.01	5	6395	买盘
10:15:12	12.78	--	2	2556	卖盘
10:15:03	12.78	-0.01	2	2556	卖盘
10:14:54	12.79	0.01	15	19185	买盘
10:14:42	12.78	--	50	63900	卖盘
10:14:36	12.78	--	10	12780	卖盘
10:14:18	12.78	-0.01	33	42174	卖盘
10:13:57	12.79	-0.01	15	19185	卖盘
10:13:33	12.8	--	40	51200	卖盘
10:13:27	12.8	-0.02	50	64000	卖盘
10:13:18	12.82	--	20	25640	买盘
10:13:09	12.82	--	52	66664	买盘
10:13:06	12.82	--	83	106406	买盘
10:13:03	12.82	--	5	6410	买盘
10:12:57	12.82	--	30	38460	买盘
10:12:45	12.82	--	15	19230	卖盘
10:12:39	12.82	0.01	57	73074	买盘
10:12:33	12.81	0.01	3	3843	中性盘
10:11:57	12.8	--	28	35840	卖盘
10:11:54	12.8	--	10	12800	卖盘
10:11:45	12.8	--	3	3840	卖盘
10:11:42	12.8	--	79	101120	买盘
10:11:30	12.8	--	45	57600	买盘
10:11:27	12.8	--	6	7680	买盘
10:11:21	12.8	--	1	1280	买盘
10:11:15	12.8	0.01	9	11520	买盘
10:10:39	12.79	-0.01	25	31974	卖盘
10:10:36	12.8	--	14	17920	买盘
10:10:30	12.8	0.01	113	144640	买盘
10:10:27	12.79	--	33	42207	卖盘
10:10:21	12.79	--	5	6395	卖盘
10:10:12	12.79	--	32	40928	卖盘
10:10:03	12.79	--	79	101041	买盘
10:09:36	12.79	0.01	1	1279	买盘
10:09:33	12.78	--	6	7808	卖盘
10:09:24	12.78	--	2	2556	卖盘
10:09:21	12.78	--	2	2556	卖盘
10:09:06	12.78	--	8	10224	卖盘
10:09:03	12.78	--	20	25560	卖盘
10:08:51	12.78	--	8	10224	买盘
10:08:42	12.78	0.01	59	75402	买盘
10:08:39	12.77	--	35	44695	卖盘
10:08:33	12.77	0.01	3	3831	买盘
10:08:30	12.76	--	10	12760	卖盘
10:08:15	12.76	--	73	93148	买盘
10:08:09	12.76	--	14	17864	卖盘
10:08:06	12.76	--	25	31900	卖盘
10:08:00	12.76	0.01	11	14036	卖盘
10:07:36	12.75	-0.02	73	93075	卖盘
10:07:27	12.77	0.01	6	7662	买盘
10:07:21	12.76	--	7	8932	卖盘
10:07:09	12.76	-0.01	78	99528	卖盘
10:07:03	12.77	--	47	60019	卖盘
10:07:00	12.77	--	16	20432	卖盘
10:06:54	12.77	-0.01	6	7662	卖盘
10:06:42	12.78	--	18	23004	卖盘
10:06:27	12.78	--	10	12780	买盘
10:05:57	12.78	0.01	33	42174	买盘
10:05:51	12.77	-0.01	2	2554	卖盘
10:05:45	12.78	--	5	6390	买盘
10:05:39	12.78	--	1	1278	卖盘
10:05:21	12.78	0.01	2	2556	中性盘
10:05:18	12.77	-0.01	108	137916	卖盘
10:04:54	12.78	0.01	118	150804	买盘
10:04:42	12.77	0.02	75	95775	买盘
10:04:36	12.75	--	30	38250	卖盘
10:04:21	12.75	--	12	15300	卖盘
10:04:15	12.75	--	132	168300	买盘
10:04:12	12.75	-0.02	10	12750	中性盘
10:04:03	12.77	0.03	53	67681	买盘
10:03:54	12.74	-0.03	16	20384	卖盘
10:03:51	12.77	--	2	2554	买盘
10:03:33	12.77	0.02	20	25540	买盘
10:03:30	12.75	0.01	7	8925	买盘
10:03:09	12.74	--	35	44590	买盘
10:03:03	12.74	--	40	50960	买盘
10:03:00	12.74	-0.01	258	328692	卖盘
10:02:57	12.75	--	8	10200	买盘
10:02:45	12.75	--	20	25500	买盘
10:02:39	12.75	--	24	30600	买盘
10:02:36	12.75	--	9	11475	买盘
10:02:18	12.75	--	4	5100	买盘
10:02:12	12.75	-0.03	217	276675	卖盘
10:02:06	12.78	--	10	12780	买盘
10:02:03	12.78	--	106	135468	买盘
10:01:36	12.78	--	10	12780	买盘
10:01:24	12.78	--	10	12780	买盘
10:01:21	12.78	0.03	4	5112	买盘
10:01:15	12.75	--	72	91800	买盘
10:01:12	12.75	-0.03	122	155550	卖盘
10:01:09	12.78	0.03	13	16614	买盘
10:00:57	12.75	-0.03	2	2550	卖盘
10:00:51	12.78	0.04	3	3834	买盘
10:00:27	12.74	--	24	30576	卖盘
10:00:24	12.74	--	39	49686	卖盘
10:00:21	12.74	--	16	20384	买盘
10:00:18	12.74	--	123	156702	买盘
10:00:12	12.74	--	3	3822	买盘
10:00:09	12.74	0.01	140	178360	买盘
10:00:06	12.73	-0.01	38	48374	卖盘
10:00:03	12.74	--	100	127400	买盘
09:59:54	12.74	0.01	10	12740	买盘
09:59:48	12.73	0.01	1	1273	买盘
09:59:45	12.72	--	4	5088	卖盘
09:59:39	12.72	-0.01	1	1272	卖盘
09:59:33	12.73	0.02	9	11457	买盘
09:59:30	12.71	--	50	63550	卖盘
09:59:21	12.71	-0.02	416	528736	卖盘
09:59:18	12.73	-0.01	23	29279	卖盘
09:59:15	12.74	--	5	6370	买盘
09:59:12	12.74	--	5	6370	买盘
09:59:00	12.74	-0.04	40	50960	卖盘
09:58:54	12.78	0.03	5	6390	买盘
09:58:45	12.75	--	126	160650	卖盘
09:58:36	12.75	--	3	3825	买盘
09:58:30	12.75	--	405	516375	卖盘
09:58:24	12.75	--	2	2550	卖盘
09:58:18	12.75	--	7	8925	卖盘
09:58:15	12.75	--	3	3825	卖盘
09:58:12	12.75	--	6	7650	买盘
09:58:06	12.75	0.01	53	67575	买盘
09:58:03	12.74	--	93	118482	买盘
09:58:00	12.74	--	29	36946	卖盘
09:57:54	12.74	-0.01	100	127400	卖盘
09:57:51	12.75	--	1	1275	买盘
09:57:48	12.75	--	10	12750	买盘
09:57:45	12.75	--	46	58650	卖盘
09:57:42	12.75	-0.01	147	187425	卖盘
09:57:39	12.76	--	2	2552	卖盘
09:57:33	12.76	-0.02	200	255200	卖盘
09:57:24	12.78	--	1	1278	卖盘
09:57:18	12.78	-0.02	105	134190	卖盘
09:57:09	12.8	--	12	15360	买盘
09:57:06	12.8	0.01	89	113920	买盘
09:57:00	12.79	-0.01	17	21743	卖盘
09:56:57	12.8	--	20	25600	买盘
09:56:54	12.8	--	30	38400	买盘
09:56:42	12.8	--	26	33280	卖盘
09:56:36	12.8	--	4	5120	卖盘
09:56:15	12.8	--	6	7680	买盘
09:56:12	12.8	0.01	5	6400	买盘
09:56:09	12.79	-0.01	56	71624	卖盘
09:56:00	12.8	--	4	5120	卖盘
09:55:57	12.8	--	10	12800	卖盘
09:55:51	12.8	--	27	34560	买盘
09:55:45	12.8	--	14	17920	卖盘
09:55:42	12.8	0.01	93	119040	买盘
09:55:39	12.79	-0.01	32	40928	中性盘
09:55:30	12.8	--	185	236800	买盘
09:55:21	12.8	--	30	38400	买盘
09:55:18	12.8	--	2	2560	买盘
09:55:15	12.8	--	36	46080	买盘
09:55:09	12.8	--	31	39680	卖盘
09:55:00	12.8	--	10	12800	卖盘
09:54:51	12.8	-0.04	117	149760	卖盘
09:54:45	12.84	0.04	10	12840	买盘
09:54:42	12.8	-0.04	400	512000	卖盘
09:54:33	12.84	--	44	56496	卖盘
09:54:27	12.84	--	20	25680	卖盘
09:54:21	12.84	-0.01	40	51360	卖盘
09:54:12	12.85	--	1	1285	买盘
09:54:03	12.85	--	10	12850	买盘
09:54:00	12.85	--	5	6425	买盘
09:53:54	12.85	0.01	20	25700	买盘
09:53:45	12.84	-0.01	34	43656	卖盘
09:53:36	12.85	--	20	25700	买盘
09:53:15	12.85	--	4	5140	卖盘
09:53:12	12.85	--	10	12850	卖盘
09:53:06	12.85	--	9	11565	卖盘
09:52:54	12.85	--	8	10280	中性盘
09:52:30	12.85	-0.03	20	25700	卖盘
09:52:24	12.88	0.03	35	45080	买盘
09:52:12	12.85	--	43	55255	卖盘
09:52:00	12.85	-0.03	10	12850	卖盘
09:51:51	12.88	0.03	71	91448	买盘
09:51:48	12.85	--	31	39835	卖盘
09:51:36	12.85	--	10	12850	卖盘
09:51:21	12.85	-0.01	146	187610	卖盘
09:51:15	12.86	--	6	7716	卖盘
09:51:12	12.86	0.01	103	132458	买盘
09:51:03	12.85	--	9	11565	卖盘
09:50:54	12.85	--	5	6425	卖盘
09:50:51	12.85	-0.01	15	19275	卖盘
09:50:48	12.86	--	1	1286	卖盘
09:50:42	12.86	--	66	84876	卖盘
09:50:39	12.86	--	24	30864	卖盘
09:50:30	12.86	-0.02	50	64300	卖盘
09:50:27	12.88	0.02	280	360640	买盘
09:50:21	12.86	-0.02	50	64300	卖盘
09:50:15	12.88	0.02	10	12880	买盘
09:50:12	12.86	-0.01	63	81018	卖盘
09:50:09	12.87	-0.01	50	64349	卖盘
09:50:06	12.88	0.01	20	25760	买盘
09:50:03	12.87	-0.01	50	64349	卖盘
09:50:00	12.88	--	14	18032	买盘
09:49:48	12.88	--	344	443072	卖盘
09:49:42	12.88	--	5	6440	卖盘
09:49:30	12.88	--	14	18032	卖盘
09:49:27	12.88	--	24	30912	卖盘
09:49:24	12.88	--	5	6440	卖盘
09:49:21	12.88	--	20	25760	卖盘
09:49:15	12.88	-0.01	40	51520	卖盘
09:49:12	12.89	--	10	12890	买盘
09:48:48	12.89	0.01	2	2578	买盘
09:48:42	12.88	--	11	14168	卖盘
09:48:21	12.88	-0.01	16	20608	卖盘
09:48:18	12.89	--	5	6445	买盘
09:48:15	12.89	0.01	2	2578	中性盘
09:48:06	12.88	-0.01	25	32200	卖盘
09:47:54	12.89	--	8	10312	买盘
09:47:42	12.89	0.01	2	2578	买盘
09:47:30	12.88	--	4	5152	卖盘
09:47:21	12.88	-0.02	30	38640	卖盘
09:47:12	12.9	0.02	10	12900	买盘
09:46:57	12.88	--	10	12880	卖盘
09:46:51	12.88	-0.02	10	12880	卖盘
09:46:45	12.9	0.01	30	38700	买盘
09:46:42	12.89	0.01	14	18046	中性盘
09:46:27	12.88	--	14	18032	卖盘
09:46:03	12.88	--	3	3864	卖盘
09:46:00	12.88	-0.02	106	136528	卖盘
09:45:57	12.9	0.03	50	64500	买盘
09:45:51	12.87	--	9	11583	卖盘
09:45:48	12.87	-0.03	20	25740	卖盘
09:45:45	12.9	0.03	216	278640	买盘
09:45:42	12.87	--	22	28314	卖盘
09:45:33	12.87	--	10	12870	卖盘
09:45:30	12.87	--	16	20592	买盘
09:45:21	12.87	--	20	25740	买盘
09:45:12	12.87	--	10	12870	买盘
09:45:09	12.87	-0.01	19	24453	卖盘
09:45:06	12.88	0.01	5	6440	中性盘
09:44:57	12.87	--	9	11583	卖盘
09:44:54	12.87	--	23	29601	卖盘
09:44:51	12.87	-0.01	24	30887	卖盘
09:44:48	12.88	0.02	29	37352	买盘
09:44:24	12.86	--	66	84876	卖盘
09:44:21	12.86	--	1	1286	卖盘
09:44:09	12.86	-0.03	80	102880	卖盘
09:44:03	12.89	--	9	11601	买盘
09:43:54	12.89	-0.01	10	12890	卖盘
09:43:24	12.9	--	10	12900	买盘
09:43:18	12.9	--	57	73530	卖盘
09:43:03	12.9	0.03	251	323790	买盘
09:42:57	12.87	-0.01	10	12870	卖盘
09:42:48	12.88	--	48	61824	卖盘
09:42:42	12.88	--	15	19320	卖盘
09:42:30	12.88	-0.01	20	25760	卖盘
09:42:24	12.89	0.01	90	116010	买盘
09:42:21	12.88	--	25	32200	卖盘
09:42:12	12.88	-0.01	10	12880	卖盘
09:41:54	12.89	--	10	12890	买盘
09:41:51	12.89	--	3	3867	买盘
09:41:42	12.89	--	3	3867	卖盘
09:41:39	12.89	-0.01	20	25780	卖盘
09:41:30	12.9	0.01	50	64500	买盘
09:41:27	12.89	--	2	2578	卖盘
09:41:24	12.89	--	28	36092	买盘
09:41:18	12.89	-0.01	9	11601	中性盘
09:41:06	12.9	--	15	19350	买盘
09:41:00	12.9	-0.01	17	21930	卖盘
09:40:57	12.91	0.01	107	138137	买盘
09:40:54	12.9	--	10	12900	卖盘
09:40:51	12.9	0.01	11	14190	买盘
09:40:45	12.89	0.01	24	30936	买盘
09:40:39	12.88	-0.02	86	110768	卖盘
09:40:27	12.9	--	31	39990	买盘
09:40:18	12.9	-0.01	10	12900	中性盘
09:40:03	12.91	--	20	25820	卖盘
09:40:00	12.91	0.04	60	77460	买盘
09:39:57	12.87	-0.03	5	6435	卖盘
09:39:51	12.9	--	2	2580	卖盘
09:39:45	12.9	0.01	151	194790	买盘
09:39:42	12.89	0.03	47	60583	买盘
09:39:39	12.86	-0.04	16	20576	卖盘
09:39:33	12.9	--	13	16770	买盘
09:39:27	12.9	0.04	20	25800	买盘
09:39:12	12.86	-0.04	1	1286	卖盘
09:39:09	12.9	-0.01	20	25800	中性盘
09:38:45	12.91	0.01	30	38730	买盘
09:38:39	12.9	--	25	32250	卖盘
09:38:21	12.9	-0.01	5	6450	卖盘
09:38:18	12.91	0.06	336	433776	买盘
09:38:15	12.85	0.01	9	11565	买盘
09:38:12	12.84	-0.01	3	3852	卖盘
09:38:09	12.85	--	22	28270	买盘
09:38:03	12.85	0.02	5	6425	买盘
09:37:51	12.83	-0.01	82	105206	卖盘
09:37:39	12.84	-0.01	10	12840	卖盘
09:37:30	12.85	0.02	2	2570	卖盘
09:37:24	12.83	--	99	127017	卖盘
09:37:15	12.83	--	20	25660	卖盘
09:37:03	12.83	--	56	71848	买盘
09:37:00	12.83	--	4	5132	买盘
09:36:57	12.83	0.01	23	29509	买盘
09:36:54	12.82	--	85	108970	卖盘
09:36:51	12.82	--	5	6410	卖盘
09:36:48	12.82	--	6	7692	卖盘
09:36:45	12.82	-0.01	1	1282	卖盘
09:36:42	12.83	0.01	2	2566	买盘
09:36:39	12.82	--	6	7692	买盘
09:36:36	12.82	--	21	26922	买盘
09:36:33	12.82	--	2	2564	买盘
09:36:30	12.82	--	1	1282	买盘
09:36:24	12.82	--	10	12820	买盘
09:36:21	12.82	-0.01	165	211530	卖盘
09:36:18	12.83	-0.04	23	29509	卖盘
09:36:09	12.87	0.05	2	2574	买盘
09:36:03	12.82	--	76	97432	卖盘
09:35:51	12.82	--	30	38460	卖盘
09:35:48	12.82	-0.06	10	12820	卖盘
09:35:42	12.88	--	3	3864	买盘
09:35:39	12.88	0.06	26	33488	买盘
09:35:36	12.82	--	7	8974	卖盘
09:35:30	12.82	-0.06	4	5128	卖盘
09:35:21	12.88	0.05	406	522928	买盘
09:35:18	12.83	0.01	21	26943	中性盘
09:35:12	12.82	-0.01	306	392292	卖盘
09:35:09	12.83	--	20	25660	卖盘
09:35:06	12.83	--	3	3849	卖盘
09:35:03	12.83	-0.05	30	38490	卖盘
09:34:57	12.88	--	8	10304	买盘
09:34:51	12.88	0.06	10	12880	中性盘
09:34:42	12.82	-0.08	30	38460	卖盘
09:34:36	12.9	--	16	20640	买盘
09:34:33	12.9	--	3	3870	买盘
09:34:30	12.9	-0.01	137	176730	卖盘
09:34:27	12.91	0.01	1	1291	买盘
09:34:21	12.9	--	20	25800	卖盘
09:34:15	12.9	-0.02	60	77400	卖盘
09:34:12	12.92	0.01	34	43928	买盘
09:34:09	12.91	--	20	25820	买盘
09:34:06	12.91	-0.02	79	101989	卖盘
09:34:00	12.93	0.02	50	64650	买盘
09:33:57	12.91	-0.03	10	12910	卖盘
09:33:54	12.94	--	52	67288	卖盘
09:33:51	12.94	-0.01	21	27174	卖盘
09:33:48	12.95	--	1	1295	买盘
09:33:45	12.95	0.01	38	49210	买盘
09:33:42	12.94	0.01	2	2588	卖盘
09:33:39	12.93	-0.01	1283	1658919	卖盘
09:33:36	12.94	--	11	14234	买盘
09:33:30	12.94	--	6	7764	买盘
09:33:27	12.94	0.01	24	31056	买盘
09:33:24	12.93	--	21	27153	卖盘
09:33:21	12.93	0.03	601	777093	买盘
09:33:18	12.9	-0.01	10	12900	卖盘
09:33:15	12.91	0.01	2	2582	买盘
09:33:12	12.9	--	18	23220	中性盘
09:32:54	12.9	0.02	20	25800	买盘
09:32:51	12.88	-0.02	20	25760	卖盘
09:32:48	12.9	--	1	1290	买盘
09:32:45	12.9	-0.01	223	287670	卖盘
09:32:42	12.91	-0.02	30	38730	卖盘
09:32:36	12.93	0.01	26	33618	买盘
09:32:33	12.92	-0.01	7	9044	中性盘
09:32:27	12.93	--	54	69822	卖盘
09:32:24	12.93	--	53	68529	卖盘
09:32:18	12.93	-0.02	30	38790	卖盘
09:32:12	12.95	0.01	5	6475	买盘
09:32:09	12.94	-0.01	17	21998	中性盘
09:32:00	12.95	--	39	50505	卖盘
09:31:57	12.95	-0.01	40	51800	卖盘
09:31:48	12.96	0.01	19	24624	买盘
09:31:45	12.95	-0.02	10	12950	卖盘
09:31:42	12.97	--	54	70038	卖盘
09:31:39	12.97	--	15	19455	卖盘
09:31:33	12.97	--	56	72632	买盘
09:31:27	12.97	--	46	59662	卖盘
09:31:24	12.97	-0.02	12	15564	卖盘
09:31:21	12.99	--	10	12990	买盘
09:31:15	12.99	0.02	106	137694	买盘
09:31:12	12.97	--	5	6485	买盘
09:31:09	12.97	--	38	49286	买盘
09:31:06	12.97	--	30	38910	买盘
09:31:03	12.97	-0.03	305	395662	卖盘
09:31:00	13.0	0.01	42	54600	买盘
09:30:57	12.99	--	1	1299	卖盘
09:30:54	12.99	--	204	264996	卖盘
09:30:51	12.99	--	40	51960	卖盘
09:30:48	12.99	--	56	72744	卖盘
09:30:45	12.99	--	25	33696	卖盘
09:30:42	12.99	0.03	762	989838	买盘
09:30:39	12.96	-0.02	228	295488	卖盘
09:30:36	12.98	0.01	45	58410	买盘
09:30:27	12.97	--	2	2594	卖盘
09:30:24	12.97	-0.01	10	12970	卖盘
09:30:21	12.98	0.01	49	63602	买盘
09:30:12	12.97	-0.02	20	25940	卖盘
09:30:09	12.99	0.01	158	205242	买盘
09:30:06	12.98	0.03	441	572418	买盘
09:30:03	12.95	--	4	5180	卖盘
09:25:03	12.95	12.95	502	650090	买盘
