成交时间	成交价	价格变动	成交量(手)	成交额(元)	性质
15:00:03	7.23	0.01	2817	2036691	买盘
14:57:03	7.22	--	0	0	买盘
14:56:57	7.22	--	8	5776	买盘
14:56:54	7.22	--	205	148010	买盘
14:56:51	7.22	0.01	430	310460	买盘
14:56:48	7.21	-0.01	2	1442	卖盘
14:56:45	7.22	0.01	10	7220	买盘
14:56:42	7.21	--	869	626549	卖盘
14:56:39	7.21	-0.01	12	8652	卖盘
14:56:36	7.22	0.01	60	43320	买盘
14:56:30	7.21	-0.01	20	14420	卖盘
14:56:21	7.22	0.01	847	611534	买盘
14:56:18	7.21	-0.01	218	157178	卖盘
14:56:15	7.22	--	82	59204	买盘
14:56:09	7.22	0.01	30	21660	买盘
14:56:06	7.21	-0.01	321	231441	卖盘
14:56:03	7.22	0.01	5	3610	买盘
14:56:00	7.21	-0.01	10	7210	卖盘
14:55:54	7.22	--	5	3610	买盘
14:55:51	7.22	0.01	2	1444	买盘
14:55:48	7.21	-0.01	126	90846	卖盘
14:55:45	7.22	0.01	7	5054	买盘
14:55:42	7.21	-0.01	26	18746	卖盘
14:55:39	7.22	0.01	15	10830	买盘
14:55:36	7.21	--	476	343196	卖盘
14:55:33	7.21	--	70	50470	卖盘
14:55:30	7.21	-0.01	6	4326	卖盘
14:55:27	7.22	--	8	5776	买盘
14:55:21	7.22	--	65	46930	买盘
14:55:18	7.22	0.01	2	1444	买盘
14:55:15	7.21	-0.01	8	5768	卖盘
14:55:12	7.22	--	28	20216	买盘
14:55:09	7.22	--	110	79420	买盘
14:55:06	7.22	0.01	1	722	买盘
14:55:03	7.21	-0.01	30	21630	卖盘
14:55:00	7.22	--	17	12274	买盘
14:54:57	7.22	0.01	20	14440	买盘
14:54:54	7.21	-0.01	319	229999	卖盘
14:54:51	7.22	--	7	5054	买盘
14:54:48	7.22	--	15	10830	买盘
14:54:45	7.22	0.01	832	600704	买盘
14:54:42	7.21	--	220	158620	卖盘
14:54:36	7.21	-0.01	290	209090	卖盘
14:54:30	7.22	--	23	16606	买盘
14:54:27	7.22	0.01	89	64258	买盘
14:54:15	7.21	--	72	51912	卖盘
14:54:12	7.21	--	63	45423	卖盘
14:54:09	7.21	-0.01	10	7210	卖盘
14:54:06	7.22	--	1	722	买盘
14:54:03	7.22	--	57	41154	买盘
14:54:00	7.22	0.01	10	7220	买盘
14:53:48	7.21	-0.01	200	144200	卖盘
14:53:45	7.22	0.01	77	55594	买盘
14:53:42	7.21	--	35	25235	卖盘
14:53:39	7.21	--	276	198996	卖盘
14:53:36	7.21	-0.01	3	2163	卖盘
14:53:30	7.22	0.01	36	25992	买盘
14:53:27	7.21	-0.01	10	7210	卖盘
14:53:24	7.22	0.01	70	50540	买盘
14:53:21	7.21	--	56	40376	卖盘
14:53:18	7.21	-0.01	25	18025	卖盘
14:53:15	7.22	--	2	1444	买盘
14:53:03	7.22	--	58	41876	买盘
14:53:00	7.22	0.01	40	28880	买盘
14:52:54	7.21	-0.01	10	7210	卖盘
14:52:36	7.22	--	10	7220	买盘
14:52:33	7.22	0.01	3	2166	买盘
14:52:30	7.21	-0.01	200	144200	卖盘
14:52:15	7.22	--	10	7220	买盘
14:52:12	7.22	--	16	11552	买盘
14:52:09	7.22	--	20	14440	买盘
14:52:06	7.22	--	1	722	买盘
14:52:03	7.22	--	2	1444	买盘
14:51:54	7.22	0.01	41	29602	买盘
14:51:48	7.21	--	134	96614	卖盘
14:51:42	7.21	-0.01	66	47586	卖盘
14:51:39	7.22	0.01	5	3610	买盘
14:51:36	7.21	-0.01	9	6489	卖盘
14:51:33	7.22	--	63	45486	买盘
14:51:27	7.22	0.01	158	114076	买盘
14:51:21	7.21	-0.01	50	36050	卖盘
14:51:18	7.22	0.01	5	3610	买盘
14:51:12	7.21	--	206	148526	卖盘
14:51:09	7.21	-0.01	50	36050	卖盘
14:51:06	7.22	--	1	722	买盘
14:51:00	7.22	--	232	167504	买盘
14:50:57	7.22	0.01	10	7220	买盘
14:50:45	7.21	-0.01	49	35329	卖盘
14:50:42	7.22	0.01	22	15884	买盘
14:50:39	7.21	-0.01	13	9373	卖盘
14:50:30	7.22	0.01	75	54150	买盘
14:50:27	7.21	-0.01	29	20909	卖盘
14:50:24	7.22	--	200	144400	买盘
14:50:18	7.22	--	6	4332	买盘
14:50:09	7.22	0.01	78	56316	买盘
14:50:00	7.21	-0.01	28	20188	卖盘
14:49:54	7.22	--	1	722	买盘
14:49:51	7.22	--	94	67868	买盘
14:49:42	7.22	--	54	38988	买盘
14:49:39	7.22	--	1	722	买盘
14:49:36	7.22	--	50	36100	买盘
14:49:33	7.22	--	210	151620	买盘
14:49:30	7.22	0.01	23	16606	买盘
14:49:27	7.21	-0.01	15	10815	卖盘
14:49:24	7.22	--	1	722	买盘
14:49:18	7.22	--	10	7220	买盘
14:49:15	7.22	--	34	24548	买盘
14:49:06	7.22	--	30	21660	买盘
14:49:03	7.22	--	1	722	买盘
14:49:00	7.22	--	11	7942	买盘
14:48:54	7.22	--	34	24548	买盘
14:48:48	7.22	0.01	75	54150	买盘
14:48:42	7.21	--	27	19467	卖盘
14:48:36	7.21	-0.01	164	118244	卖盘
14:48:33	7.22	--	70	50540	买盘
14:48:30	7.22	--	31	22382	买盘
14:48:21	7.22	--	101	72922	买盘
14:48:15	7.22	--	9	6498	买盘
14:48:12	7.22	--	94	67868	买盘
14:48:09	7.22	--	660	476520	买盘
14:48:06	7.22	--	13	9386	买盘
14:48:00	7.22	--	5	3610	买盘
14:47:57	7.22	--	20	14440	买盘
14:47:54	7.22	--	110	79420	买盘
14:47:45	7.22	0.01	9	6498	买盘
14:47:42	7.21	-0.01	100	72100	卖盘
14:47:39	7.22	--	12	8664	买盘
14:47:24	7.22	0.01	95	68590	买盘
14:47:21	7.21	-0.01	26	18746	卖盘
14:47:18	7.22	0.01	72	51984	买盘
14:47:12	7.21	-0.01	21	15141	卖盘
14:47:09	7.22	0.01	130	93860	买盘
14:47:06	7.21	-0.01	21	15141	卖盘
14:47:00	7.22	0.01	28	20216	买盘
14:46:57	7.21	--	6	4326	卖盘
14:46:54	7.21	--	5	3605	卖盘
14:46:51	7.21	--	3	2163	卖盘
14:46:48	7.21	--	11	7931	卖盘
14:46:45	7.21	--	6	4326	卖盘
14:46:42	7.21	--	45	32445	卖盘
14:46:39	7.21	--	148	106708	卖盘
14:46:33	7.21	--	5	3605	卖盘
14:46:30	7.21	--	469	338149	买盘
14:46:27	7.21	--	5	3605	买盘
14:46:21	7.21	--	12	8652	买盘
14:46:15	7.21	--	30	21630	买盘
14:46:09	7.21	0.01	236	170156	买盘
14:46:00	7.2	-0.01	10	7200	卖盘
14:45:57	7.21	--	3	2163	买盘
14:45:51	7.21	--	1	721	买盘
14:45:48	7.21	--	56	40376	买盘
14:45:45	7.21	0.01	428	308588	买盘
14:45:39	7.2	-0.01	412	296640	卖盘
14:45:36	7.21	--	14	10094	买盘
14:45:30	7.21	--	17	12257	买盘
14:45:24	7.21	0.01	10	7210	买盘
14:45:21	7.2	-0.01	2	1440	卖盘
14:45:18	7.21	--	37	26677	买盘
14:45:15	7.21	--	217	156457	买盘
14:45:12	7.21	--	11	7931	买盘
14:45:09	7.21	--	20	14420	买盘
14:45:06	7.21	0.01	1	721	买盘
14:45:00	7.2	--	5	3600	卖盘
14:44:48	7.2	-0.01	110	79200	卖盘
14:44:45	7.21	--	1	721	买盘
14:44:42	7.21	0.01	50	36050	买盘
14:44:39	7.2	--	30	21600	卖盘
14:44:36	7.2	-0.01	5	3600	卖盘
14:44:30	7.21	--	57	41097	卖盘
14:44:27	7.21	--	302	217742	买盘
14:44:21	7.21	0.01	5	3605	买盘
14:44:18	7.2	-0.01	200	144000	卖盘
14:44:15	7.21	--	2	1442	买盘
14:44:09	7.21	--	33	23793	买盘
14:44:06	7.21	--	3	2163	买盘
14:44:00	7.21	--	60	43260	买盘
14:43:57	7.21	--	5	3605	买盘
14:43:54	7.21	--	10	7210	买盘
14:43:51	7.21	--	20	14420	买盘
14:43:48	7.21	--	45	32445	买盘
14:43:45	7.21	--	40	28840	买盘
14:43:42	7.21	--	12	8652	买盘
14:43:39	7.21	--	39	28119	买盘
14:43:36	7.21	--	35	25235	买盘
14:43:30	7.21	--	23	16583	买盘
14:43:21	7.21	--	12	8652	买盘
14:43:18	7.21	--	89	64169	买盘
14:43:12	7.21	--	5	3605	买盘
14:43:09	7.21	--	36	25956	买盘
14:43:06	7.21	--	35	25235	买盘
14:42:57	7.21	--	21	15141	买盘
14:42:51	7.21	--	3	2163	买盘
14:42:48	7.21	--	15	10815	买盘
14:42:36	7.21	--	35	25235	买盘
14:42:33	7.21	--	6	4326	买盘
14:42:27	7.21	--	15	10815	买盘
14:42:24	7.21	0.01	10	7210	买盘
14:42:21	7.2	--	54	38880	卖盘
14:42:09	7.2	-0.01	21	15120	卖盘
14:42:06	7.21	0.01	48	34608	买盘
14:42:00	7.2	--	49	35280	卖盘
14:41:54	7.2	--	52	37440	卖盘
14:41:48	7.2	--	372	267840	卖盘
14:41:45	7.2	-0.01	13	9360	卖盘
14:41:39	7.21	--	1	721	买盘
14:41:36	7.21	--	35	25235	买盘
14:41:33	7.21	0.01	42	30282	买盘
14:41:30	7.2	-0.01	50	36000	卖盘
14:41:27	7.21	0.01	30	21630	买盘
14:41:24	7.2	-0.01	16	11520	卖盘
14:41:21	7.21	--	41	29561	买盘
14:41:18	7.21	0.01	10	7210	买盘
14:41:15	7.2	--	2	1440	卖盘
14:41:12	7.2	--	2	1440	卖盘
14:41:09	7.2	--	56	40320	卖盘
14:41:06	7.2	--	5	3600	卖盘
14:41:03	7.2	--	1	720	卖盘
14:40:57	7.2	-0.01	1	720	卖盘
14:40:54	7.21	0.01	43	31003	买盘
14:40:45	7.2	--	20	14400	卖盘
14:40:33	7.2	-0.01	30	21600	卖盘
14:40:27	7.21	--	30	21630	买盘
14:40:12	7.21	--	41	29561	买盘
14:40:09	7.21	--	50	36050	买盘
14:40:06	7.21	0.01	1	721	买盘
14:40:00	7.2	--	11	7920	卖盘
14:39:42	7.2	--	11	7920	卖盘
14:39:36	7.2	-0.01	97	69840	卖盘
14:39:30	7.21	0.01	10	7210	买盘
14:39:27	7.2	--	1	720	卖盘
14:39:21	7.2	--	11	7920	卖盘
14:39:18	7.2	-0.01	20	14400	卖盘
14:39:15	7.21	--	12	8652	买盘
14:39:09	7.21	--	21	15141	买盘
14:39:06	7.21	--	2	1442	买盘
14:39:00	7.21	--	16	11536	买盘
14:38:57	7.21	--	1	721	买盘
14:38:54	7.21	--	20	14420	买盘
14:38:51	7.21	--	3	2163	买盘
14:38:48	7.21	--	1	721	买盘
14:38:42	7.21	0.01	3	2163	买盘
14:38:39	7.2	-0.01	20	14400	卖盘
14:38:30	7.21	--	7	5047	买盘
14:38:24	7.21	0.01	35	25235	买盘
14:38:18	7.2	-0.01	184	132480	卖盘
14:38:15	7.21	--	62	44702	卖盘
14:38:12	7.21	-0.01	14	10094	卖盘
14:38:09	7.22	--	16	11552	买盘
14:38:06	7.22	0.01	1	722	买盘
14:38:00	7.21	--	267	192507	卖盘
14:37:57	7.21	--	10	7210	卖盘
14:37:54	7.21	--	50	36050	卖盘
14:37:45	7.21	--	265	191065	卖盘
14:37:39	7.21	-0.01	8	5768	卖盘
14:37:33	7.22	0.01	3	2166	买盘
14:37:30	7.21	--	35	25235	卖盘
14:37:24	7.21	--	10	7210	卖盘
14:37:21	7.21	--	1	721	卖盘
14:37:15	7.21	--	7	5047	卖盘
14:37:09	7.21	-0.01	34	24514	卖盘
14:37:06	7.22	0.01	10	7220	买盘
14:37:03	7.21	--	5	3605	卖盘
14:37:00	7.21	--	15	10815	卖盘
14:36:36	7.21	--	14	10094	卖盘
14:36:21	7.21	-0.01	108	77868	卖盘
14:36:09	7.22	0.01	47	33934	买盘
14:36:06	7.21	--	20	14420	卖盘
14:36:03	7.21	--	60	43260	卖盘
14:36:00	7.21	--	15	10815	卖盘
14:35:57	7.21	--	10	7210	卖盘
14:35:39	7.21	--	3	2163	卖盘
14:35:21	7.21	--	17	12257	卖盘
14:35:15	7.21	-0.01	208	149968	卖盘
14:35:09	7.22	--	8	5776	买盘
14:35:06	7.22	0.01	1	722	买盘
14:35:00	7.21	-0.01	15	10815	卖盘
14:34:57	7.22	0.01	134	96748	买盘
14:34:54	7.21	-0.01	7	5047	卖盘
14:34:51	7.22	--	115	83030	买盘
14:34:33	7.22	0.01	20	14440	买盘
14:34:24	7.21	--	13	9373	卖盘
14:34:21	7.21	--	30	21630	卖盘
14:34:18	7.21	-0.01	10	7210	卖盘
14:34:15	7.22	--	31	22382	买盘
14:34:09	7.22	0.01	12	8664	买盘
14:34:03	7.21	--	2	1442	卖盘
14:34:00	7.21	--	15	10815	卖盘
14:33:57	7.21	--	7	5047	卖盘
14:33:54	7.21	--	15	10815	卖盘
14:33:51	7.21	--	4	2884	卖盘
14:33:42	7.21	-0.01	5	3605	卖盘
14:33:39	7.22	0.01	249	179778	买盘
14:33:27	7.21	-0.01	40	28840	卖盘
14:33:24	7.22	0.01	26	18772	买盘
14:33:15	7.21	--	63	45423	卖盘
14:33:12	7.21	-0.01	340	245140	卖盘
14:33:09	7.22	0.01	26	18772	买盘
14:33:00	7.21	--	28	20188	卖盘
14:32:45	7.21	-0.01	2	1442	卖盘
14:32:33	7.22	--	3	2166	买盘
14:32:30	7.22	--	101	72922	买盘
14:32:15	7.22	0.01	19	13718	买盘
14:32:12	7.21	-0.01	6	4326	卖盘
14:32:09	7.22	--	12	8664	买盘
14:32:06	7.22	--	10	7220	买盘
14:32:03	7.22	0.01	1	722	买盘
14:32:00	7.21	--	17	12257	卖盘
14:31:27	7.21	--	19	13699	卖盘
14:31:24	7.21	-0.01	25	18025	卖盘
14:31:15	7.22	--	12	8664	买盘
14:31:09	7.22	0.01	13	9386	买盘
14:31:00	7.21	--	28	20188	卖盘
14:30:42	7.21	--	100	72100	买盘
14:30:39	7.21	--	5	3605	买盘
14:30:36	7.21	--	25	18025	买盘
14:30:33	7.21	--	48	34608	买盘
14:30:24	7.21	--	10	7210	买盘
14:30:21	7.21	--	16	11536	买盘
14:30:18	7.21	--	33	23793	买盘
14:30:15	7.21	-0.01	17	12257	卖盘
14:30:12	7.22	--	75	54150	买盘
14:30:09	7.22	0.01	8	5776	买盘
14:30:06	7.21	-0.01	31	22351	卖盘
14:30:03	7.22	--	1	722	买盘
14:30:00	7.22	0.01	6	4332	买盘
14:29:57	7.21	0.01	20	14420	中性盘
14:29:48	7.2	-0.02	272	195840	卖盘
14:29:45	7.22	0.01	1	722	买盘
14:29:39	7.21	--	7	5047	卖盘
14:29:33	7.21	--	1	721	买盘
14:29:24	7.21	--	39	28119	卖盘
14:29:21	7.21	--	20	14420	卖盘
14:29:18	7.21	--	274	197554	买盘
14:29:12	7.21	--	22	15862	买盘
14:29:09	7.21	0.01	58	41818	买盘
14:29:06	7.2	-0.01	10	7200	卖盘
14:29:03	7.21	--	49	35329	买盘
14:29:00	7.21	0.01	27	19467	买盘
14:28:57	7.2	-0.01	29	20880	卖盘
14:28:54	7.21	0.01	28	20188	买盘
14:28:51	7.2	-0.01	5	3600	卖盘
14:28:48	7.21	0.01	62	44702	买盘
14:28:45	7.2	-0.01	17	12240	卖盘
14:28:42	7.21	--	130	93730	买盘
14:28:33	7.21	--	30	21630	买盘
14:28:24	7.21	--	81	58401	买盘
14:28:21	7.21	0.01	16	11536	买盘
14:28:18	7.2	--	394	283680	卖盘
14:28:15	7.2	-0.01	5	3600	卖盘
14:28:12	7.21	--	28	20188	买盘
14:28:09	7.21	--	77	55517	买盘
14:28:03	7.21	0.01	283	204043	买盘
14:27:51	7.2	-0.01	1	720	卖盘
14:27:45	7.21	--	40	28840	买盘
14:27:36	7.21	--	16	11536	买盘
14:27:33	7.21	--	187	134827	买盘
14:27:30	7.21	--	7	5047	买盘
14:27:27	7.21	--	116	83636	买盘
14:27:21	7.21	0.01	52	37492	买盘
14:27:15	7.2	-0.01	837	602640	卖盘
14:27:12	7.21	--	8	5768	买盘
14:27:09	7.21	--	28	20188	买盘
14:27:03	7.21	--	31	22351	买盘
14:27:00	7.21	0.01	15	10815	买盘
14:26:57	7.2	-0.01	30	21600	卖盘
14:26:51	7.21	--	90	64890	买盘
14:26:48	7.21	--	50	36050	买盘
14:26:45	7.21	0.01	10	7210	买盘
14:26:42	7.2	--	1	720	卖盘
14:26:39	7.2	--	33	23760	卖盘
14:26:30	7.2	--	6	4320	卖盘
14:26:18	7.2	--	10	7200	卖盘
14:26:15	7.2	--	27	19440	卖盘
14:26:12	7.2	-0.01	23	16560	卖盘
14:26:09	7.21	0.01	23	16583	买盘
14:25:57	7.2	--	123	88560	卖盘
14:25:51	7.2	--	13	9360	卖盘
14:25:42	7.2	--	10	7200	卖盘
14:25:39	7.2	--	20	14400	卖盘
14:25:33	7.2	-0.01	3	2160	卖盘
14:25:27	7.21	--	4	2884	买盘
14:25:15	7.21	--	12	8652	买盘
14:25:12	7.21	0.01	16	11536	买盘
14:25:09	7.2	--	16	11520	卖盘
14:25:06	7.2	--	4	2880	卖盘
14:25:03	7.2	--	4	2880	卖盘
14:24:54	7.2	--	10	7200	卖盘
14:24:48	7.2	-0.01	25	18000	卖盘
14:24:45	7.21	0.01	14	10094	买盘
14:24:42	7.2	-0.01	20	14400	卖盘
14:24:33	7.21	0.01	15	10815	买盘
14:24:30	7.2	--	19	13680	卖盘
14:24:24	7.2	-0.01	54	38880	卖盘
14:24:12	7.21	0.01	13	9373	买盘
14:24:09	7.2	-0.01	31	22320	卖盘
14:24:03	7.21	0.01	21	15141	买盘
14:24:00	7.2	--	60	43200	卖盘
14:23:54	7.2	--	2	1440	卖盘
14:23:48	7.2	--	44	31680	卖盘
14:23:45	7.2	--	3	2160	卖盘
14:23:39	7.2	--	33	23760	卖盘
14:23:24	7.2	-0.01	29	20880	卖盘
14:23:21	7.21	0.01	30	21630	买盘
14:23:15	7.2	--	10	7200	卖盘
14:23:12	7.2	--	18	12960	卖盘
14:23:09	7.2	-0.01	19	13680	卖盘
14:23:03	7.21	--	38	27398	买盘
14:22:57	7.21	--	2	1442	买盘
14:22:51	7.21	0.01	10	7210	买盘
14:22:48	7.2	--	3	2160	卖盘
14:22:45	7.2	-0.01	19	13680	卖盘
14:22:33	7.21	--	50	36050	卖盘
14:22:30	7.21	--	1	721	卖盘
14:22:27	7.21	--	133	95893	卖盘
14:22:21	7.21	--	10	7210	卖盘
14:22:18	7.21	--	46	33166	卖盘
14:22:09	7.21	--	120	86520	卖盘
14:22:06	7.21	-0.01	10	7210	卖盘
14:22:03	7.22	0.01	29	20938	买盘
14:22:00	7.21	--	40	28840	卖盘
14:21:57	7.21	--	64	46144	卖盘
14:21:54	7.21	--	16	11536	卖盘
14:21:48	7.21	--	589	424669	卖盘
14:21:45	7.21	--	74	53354	卖盘
14:21:42	7.21	--	10	7210	卖盘
14:21:36	7.21	--	33	23793	卖盘
14:21:33	7.21	--	188	135548	卖盘
14:21:27	7.21	-0.01	102	73542	卖盘
14:21:12	7.22	--	50	36100	买盘
14:21:09	7.22	0.01	16	11552	买盘
14:21:06	7.21	--	11	7931	卖盘
14:21:00	7.21	--	30	21630	卖盘
14:20:57	7.21	--	112	80752	卖盘
14:20:54	7.21	0.01	188	135548	买盘
14:20:48	7.2	--	3	2160	卖盘
14:20:45	7.2	-0.01	12	8640	卖盘
14:20:42	7.21	--	34	24514	买盘
14:20:39	7.21	--	50	36050	买盘
14:20:36	7.21	--	115	82915	买盘
14:20:27	7.21	--	5	3605	买盘
14:20:21	7.21	--	36	25956	买盘
14:20:18	7.21	0.01	10	7210	买盘
14:20:15	7.2	-0.01	3	2160	卖盘
14:20:12	7.21	--	45	32445	买盘
14:20:09	7.21	--	58	41818	卖盘
14:20:06	7.21	-0.01	4	2884	卖盘
14:20:03	7.22	0.01	23	16606	买盘
14:20:00	7.21	-0.01	60	43260	卖盘
14:19:54	7.22	0.01	10	7220	买盘
14:19:45	7.21	--	55	39655	买盘
14:19:36	7.21	--	200	144200	买盘
14:19:21	7.21	0.01	15	10815	买盘
14:19:15	7.2	--	71	51120	卖盘
14:19:09	7.2	--	46	33120	卖盘
14:19:06	7.2	--	91	65520	卖盘
14:19:03	7.2	-0.01	64	46080	卖盘
14:18:57	7.21	0.01	20	14420	买盘
14:18:48	7.2	--	185	133200	卖盘
14:18:45	7.2	--	38	27360	卖盘
14:18:39	7.2	-0.01	61	43920	卖盘
14:18:36	7.21	--	7	5047	买盘
14:18:15	7.21	--	1	721	买盘
14:18:09	7.21	--	12	8652	买盘
14:18:06	7.21	--	8	5768	买盘
14:18:03	7.21	--	20	14420	买盘
14:18:00	7.21	--	275	198275	卖盘
14:17:57	7.21	--	25	18025	卖盘
14:17:54	7.21	--	45	32445	卖盘
14:17:48	7.21	--	14	10094	卖盘
14:17:42	7.21	--	50	36050	卖盘
14:17:39	7.21	-0.01	34	24514	卖盘
14:17:36	7.22	0.01	73	52706	买盘
14:17:30	7.21	--	156	112476	卖盘
14:17:27	7.21	--	370	266770	卖盘
14:17:24	7.21	--	159	114639	卖盘
14:17:21	7.21	--	5	3605	卖盘
14:17:15	7.21	-0.01	74	53354	卖盘
14:17:09	7.22	--	8	5776	买盘
14:17:06	7.22	--	9	6498	买盘
14:17:03	7.22	0.01	13	9386	买盘
14:17:00	7.21	--	79	56959	卖盘
14:16:57	7.21	--	8	5768	卖盘
14:16:54	7.21	--	11	7931	卖盘
14:16:51	7.21	--	5	3605	卖盘
14:16:48	7.21	--	710	511910	卖盘
14:16:42	7.21	--	90	64890	卖盘
14:16:21	7.21	--	14	10094	卖盘
14:16:12	7.21	-0.01	70	50470	卖盘
14:16:09	7.22	--	24	17328	买盘
14:16:06	7.22	--	18	12996	买盘
14:16:03	7.22	0.01	14	10108	买盘
14:16:00	7.21	-0.01	30	21630	卖盘
14:15:51	7.22	--	63	45486	卖盘
14:15:48	7.22	--	101	72922	卖盘
14:15:45	7.22	--	328	236816	卖盘
14:15:42	7.22	--	50	36100	卖盘
14:15:39	7.22	--	7	5054	卖盘
14:15:36	7.22	-0.01	340	245480	卖盘
14:15:33	7.23	0.01	116	83868	买盘
14:15:30	7.22	-0.01	20	14440	卖盘
14:15:27	7.23	0.01	73	52779	买盘
14:15:24	7.22	--	82	59204	卖盘
14:15:21	7.22	--	806	581932	卖盘
14:15:15	7.22	--	20	14440	卖盘
14:15:12	7.22	-0.01	62	44764	卖盘
14:15:09	7.23	--	8	5784	买盘
14:15:03	7.23	0.01	13	9399	买盘
14:14:54	7.22	--	29	20938	卖盘
14:14:42	7.22	-0.01	7	5054	卖盘
14:14:27	7.23	--	113	81699	买盘
14:14:12	7.23	--	32	23136	买盘
14:14:09	7.23	--	4	2892	买盘
14:14:03	7.23	0.01	50	36150	买盘
14:13:57	7.22	-0.01	10	7220	卖盘
14:13:54	7.23	--	10	7230	买盘
14:13:39	7.23	--	20	14460	买盘
14:13:12	7.23	--	43	31089	买盘
14:13:09	7.23	--	4	2892	买盘
14:13:06	7.23	--	20	14460	买盘
14:13:03	7.23	--	13	9399	买盘
14:12:57	7.23	0.01	9	6507	买盘
14:12:51	7.22	--	6	4332	卖盘
14:12:42	7.22	-0.01	15	10830	卖盘
14:12:39	7.23	--	50	36150	买盘
14:12:30	7.23	--	10	7230	买盘
14:12:24	7.23	0.01	20	14460	买盘
14:12:21	7.22	-0.01	20	14440	卖盘
14:12:15	7.23	--	67	48441	买盘
14:12:12	7.23	--	28	20244	买盘
14:12:09	7.23	--	4	2892	买盘
14:12:06	7.23	--	8	5784	买盘
14:12:03	7.23	0.01	13	9399	买盘
14:12:00	7.22	--	1	722	卖盘
14:11:57	7.22	-0.01	19	13718	卖盘
14:11:33	7.23	--	30	21690	买盘
14:11:27	7.23	0.01	179	129417	买盘
14:11:24	7.22	-0.01	10	7220	卖盘
14:11:15	7.23	--	69	49887	买盘
14:11:12	7.23	0.01	32	23136	买盘
14:11:09	7.22	--	8	5776	卖盘
14:11:06	7.22	-0.01	3	2166	卖盘
14:11:03	7.23	0.01	30	21690	买盘
14:11:00	7.22	--	5	3610	卖盘
14:10:57	7.22	-0.01	37	26714	卖盘
14:10:48	7.23	0.01	10	7230	买盘
14:10:42	7.22	--	37	26714	卖盘
14:10:39	7.22	-0.01	70	50540	卖盘
14:10:33	7.23	0.01	20	14460	买盘
14:10:27	7.22	-0.01	59	42598	卖盘
14:10:12	7.23	--	91	65793	买盘
14:10:09	7.23	--	115	83145	买盘
14:10:06	7.23	--	54	39042	买盘
14:10:03	7.23	0.01	63	45549	买盘
14:10:00	7.22	--	40	28880	卖盘
14:09:54	7.22	--	5	3610	卖盘
14:09:51	7.22	--	97	70034	卖盘
14:09:42	7.22	-0.01	13	9386	卖盘
14:09:33	7.23	0.01	41	29643	买盘
14:09:30	7.22	--	515	371830	卖盘
14:09:27	7.22	--	39	28158	卖盘
14:09:21	7.22	--	50	36100	卖盘
14:09:18	7.22	-0.01	24	17328	卖盘
14:09:15	7.23	--	67	48441	买盘
14:09:12	7.23	0.01	28	20244	买盘
14:09:09	7.22	-0.01	20	14440	卖盘
14:09:06	7.23	--	8	5784	买盘
14:09:03	7.23	--	233	168459	买盘
14:09:00	7.23	--	20	14460	买盘
14:08:57	7.23	--	13	9399	买盘
14:08:36	7.23	--	20	14460	买盘
14:08:33	7.23	--	7	5061	买盘
14:08:30	7.23	--	80	57840	买盘
14:08:21	7.23	--	200	144600	买盘
14:08:18	7.23	-0.01	125	90375	中性盘
14:08:12	7.24	0.01	99	71676	买盘
14:08:09	7.23	--	20	14460	卖盘
14:08:06	7.23	--	28	20244	卖盘
14:08:03	7.23	--	24	17352	卖盘
14:08:00	7.23	--	410	296430	卖盘
14:07:54	7.23	-0.01	29	20967	卖盘
14:07:51	7.24	0.01	5	3620	买盘
14:07:30	7.23	-0.01	20	14460	中性盘
14:07:18	7.24	0.01	43	31132	买盘
14:07:12	7.23	-0.01	32	23136	中性盘
14:07:09	7.24	0.01	64	46336	买盘
14:07:06	7.23	-0.01	39	28197	卖盘
14:07:03	7.24	0.01	128	92672	买盘
14:07:00	7.23	--	20	14460	卖盘
14:06:57	7.23	--	106	76638	卖盘
14:06:48	7.23	-0.01	30	21690	卖盘
14:06:42	7.24	0.01	5	3620	买盘
14:06:39	7.23	-0.01	250	180750	卖盘
14:06:36	7.24	--	1	724	买盘
14:06:30	7.24	0.01	21	15204	买盘
14:06:21	7.23	--	34	24582	卖盘
14:06:18	7.23	--	30	21690	卖盘
14:06:15	7.23	-0.01	10	7230	卖盘
14:06:12	7.24	0.01	12	8688	买盘
14:06:09	7.23	-0.01	20	14460	卖盘
14:06:06	7.24	--	4	2896	买盘
14:06:03	7.24	0.01	24	17376	买盘
14:05:54	7.23	-0.01	10	7230	卖盘
14:05:48	7.24	0.01	68	49232	买盘
14:05:45	7.23	-0.01	2	1446	卖盘
14:05:42	7.24	--	1	724	买盘
14:05:39	7.24	--	18	13032	买盘
14:05:36	7.24	0.01	9	6516	买盘
14:05:30	7.23	-0.01	32	23136	卖盘
14:05:27	7.24	--	1	724	买盘
14:05:24	7.24	--	100	72400	买盘
14:05:21	7.24	0.01	1	724	买盘
14:05:18	7.23	-0.01	5	3615	卖盘
14:05:12	7.24	0.01	23	16652	买盘
14:05:09	7.23	-0.01	20	14460	卖盘
14:05:06	7.24	0.01	14	10136	买盘
14:05:00	7.23	--	35	25305	卖盘
14:04:54	7.23	--	47	33981	买盘
14:04:51	7.23	--	8	5784	买盘
14:04:48	7.23	--	1	723	买盘
14:04:45	7.23	--	8	5784	中性盘
14:04:39	7.23	--	2	1446	买盘
14:04:36	7.23	--	80	57840	买盘
14:04:33	7.23	--	1	723	买盘
14:04:30	7.23	--	52	37596	买盘
14:04:27	7.23	--	37	26751	卖盘
14:04:24	7.23	--	40	28920	卖盘
14:04:18	7.23	-0.01	10	7230	卖盘
14:04:15	7.24	--	300	217200	买盘
14:04:12	7.24	0.01	23	16652	买盘
14:04:09	7.23	--	20	14460	卖盘
14:04:06	7.23	-0.01	164	118572	卖盘
14:04:03	7.24	--	13	9412	买盘
14:03:57	7.24	0.01	1	724	买盘
14:03:51	7.23	--	30	21690	卖盘
14:03:48	7.23	-0.01	85	61455	卖盘
14:03:39	7.24	0.01	69	49956	买盘
14:03:36	7.23	--	56	40488	卖盘
14:03:33	7.23	0.01	50	36150	买盘
14:03:30	7.22	-0.01	10	7220	卖盘
14:03:21	7.23	--	20	14460	买盘
14:03:18	7.23	--	7	5061	买盘
14:03:15	7.23	-0.01	1	723	中性盘
14:03:12	7.24	0.02	8	5792	买盘
14:03:09	7.22	-0.02	35	25270	卖盘
14:03:06	7.24	--	84	60816	买盘
14:03:03	7.24	--	13	9412	买盘
14:03:00	7.24	0.01	20	14480	买盘
14:02:57	7.23	--	140	101220	买盘
14:02:54	7.23	--	32	23136	卖盘
14:02:45	7.23	-0.01	28	20244	卖盘
14:02:42	7.24	--	1	724	买盘
14:02:39	7.24	0.01	160	115840	买盘
14:02:36	7.23	-0.01	5	3615	卖盘
14:02:33	7.24	--	150	108600	买盘
14:02:30	7.24	0.01	21	15204	买盘
14:02:27	7.23	-0.01	18	13014	卖盘
14:02:15	7.24	--	4	2896	买盘
14:02:12	7.24	0.01	8	5792	买盘
14:02:09	7.23	--	178	128694	买盘
14:02:06	7.23	--	13	9399	买盘
14:02:00	7.23	--	139	100497	买盘
14:01:57	7.23	0.01	7	5061	中性盘
14:01:51	7.22	-0.02	687	496014	卖盘
14:01:48	7.24	0.01	49	35476	买盘
14:01:45	7.23	--	4	2892	卖盘
14:01:42	7.23	-0.01	21	15183	卖盘
14:01:39	7.24	--	42	30408	买盘
14:01:33	7.24	--	15	10860	买盘
14:01:30	7.24	0.01	6	4344	买盘
14:01:27	7.23	-0.01	34	24582	卖盘
14:01:18	7.24	--	200	144800	买盘
14:01:15	7.24	--	249	180276	买盘
14:01:12	7.24	0.01	13	9412	买盘
14:01:09	7.23	--	70	50610	卖盘
14:01:03	7.23	-0.01	22	15906	卖盘
14:01:00	7.24	--	27	19548	买盘
14:00:57	7.24	--	30	21720	买盘
14:00:54	7.24	--	30	21720	买盘
14:00:48	7.24	--	10	7240	买盘
14:00:42	7.24	--	5	3620	买盘
14:00:36	7.24	0.01	1	724	买盘
14:00:30	7.23	-0.01	10	7230	卖盘
14:00:21	7.24	0.01	1	724	买盘
14:00:18	7.23	-0.01	24	17352	卖盘
14:00:15	7.24	--	4	2896	买盘
14:00:12	7.24	0.01	118	85432	买盘
14:00:09	7.23	--	140	101220	买盘
14:00:06	7.23	--	59	42657	买盘
14:00:03	7.23	--	28	20244	买盘
14:00:00	7.23	--	77	55671	买盘
13:59:57	7.23	--	27	19521	买盘
13:59:54	7.23	0.01	198	143154	买盘
13:59:48	7.22	-0.01	108	77976	卖盘
13:59:45	7.23	--	1	723	买盘
13:59:42	7.23	0.01	20	14460	买盘
13:59:39	7.22	-0.01	195	140790	卖盘
13:59:36	7.23	--	30	21690	买盘
13:59:33	7.23	--	4	2892	买盘
13:59:30	7.23	--	130	93990	买盘
13:59:27	7.23	0.01	1	723	买盘
13:59:24	7.22	--	16	11552	卖盘
13:59:18	7.22	-0.01	36	25992	卖盘
13:59:15	7.23	--	71	51333	买盘
13:59:12	7.23	0.01	54	39042	买盘
13:59:09	7.22	-0.01	20	14440	卖盘
13:59:06	7.23	0.01	346	250158	买盘
13:58:57	7.22	--	96	69312	卖盘
13:58:54	7.22	-0.01	37	26714	卖盘
13:58:51	7.23	--	270	195210	买盘
13:58:42	7.23	--	5	3615	买盘
13:58:39	7.23	--	4	2892	买盘
13:58:36	7.23	--	50	36150	买盘
13:58:30	7.23	--	38	27474	买盘
13:58:24	7.23	--	5	3615	买盘
13:58:21	7.23	--	42	30366	买盘
13:58:15	7.23	0.01	4	2892	买盘
13:58:12	7.22	--	53	38266	卖盘
13:58:09	7.22	--	20	14440	卖盘
13:58:06	7.22	-0.01	37	26714	卖盘
13:58:00	7.23	--	134	96882	买盘
13:57:57	7.23	0.01	151	109173	买盘
13:57:42	7.22	--	30	21660	卖盘
13:57:39	7.22	--	14	10108	卖盘
13:57:30	7.22	-0.01	7	5054	卖盘
13:57:18	7.23	--	2	1446	买盘
13:57:15	7.23	--	4	2892	买盘
13:57:12	7.23	0.01	12	8676	买盘
13:57:09	7.22	-0.01	20	14440	卖盘
13:57:03	7.23	--	41	29643	买盘
13:57:00	7.23	--	45	32535	买盘
13:56:54	7.23	--	50	36150	买盘
13:56:42	7.23	0.01	2	1446	买盘
13:56:39	7.22	-0.01	126	90972	卖盘
13:56:36	7.23	--	224	161952	买盘
13:56:15	7.23	--	4	2892	买盘
13:56:12	7.23	0.01	43	31089	买盘
13:56:09	7.22	--	20	14440	卖盘
13:56:03	7.22	--	15	10830	卖盘
13:56:00	7.22	--	10	7220	卖盘
13:55:51	7.22	--	20	14440	卖盘
13:55:42	7.22	-0.01	26	18772	卖盘
13:55:36	7.23	0.01	5	3615	买盘
13:55:33	7.22	--	50	36100	卖盘
13:55:30	7.22	-0.01	115	83030	卖盘
13:55:27	7.23	--	2	1446	买盘
13:55:24	7.23	--	20	14460	买盘
13:55:18	7.23	--	4	2892	买盘
13:55:15	7.23	--	4	2892	买盘
13:55:12	7.23	--	33	23859	买盘
13:55:06	7.23	--	33	23859	买盘
13:54:51	7.23	--	10	7230	买盘
13:54:45	7.23	--	200	144600	买盘
13:54:39	7.23	--	58	41934	买盘
13:54:36	7.23	--	10	7230	买盘
13:54:24	7.23	--	1	723	买盘
13:54:12	7.23	0.01	13	9399	买盘
13:54:09	7.22	--	10	7220	卖盘
13:54:06	7.22	-0.01	3	2166	卖盘
13:54:03	7.23	0.01	1	723	买盘
13:53:54	7.22	--	21	15162	卖盘
13:53:48	7.22	-0.01	5	3610	卖盘
13:53:42	7.23	0.02	20	14460	买盘
13:53:39	7.21	-0.01	739	532819	卖盘
13:53:36	7.22	-0.01	50	36100	卖盘
13:53:33	7.23	--	1	723	买盘
13:53:24	7.23	0.01	36	26028	买盘
13:53:21	7.22	-0.01	582	420204	卖盘
13:53:12	7.23	--	12	8676	买盘
13:53:09	7.23	--	18	13014	买盘
13:53:06	7.23	0.01	2	1446	买盘
13:53:03	7.22	--	50	36100	卖盘
13:53:00	7.22	--	7	5054	卖盘
13:52:57	7.22	-0.01	72	51984	卖盘
13:52:48	7.23	--	12	8676	买盘
13:52:45	7.23	0.01	460	332580	买盘
13:52:42	7.22	-0.01	159	114798	卖盘
13:52:39	7.23	--	41	29643	买盘
13:52:24	7.23	--	15	10845	买盘
13:52:18	7.23	--	4	2892	买盘
13:52:15	7.23	--	41	29643	买盘
13:52:12	7.23	--	12	8676	买盘
13:52:09	7.23	--	91	65793	买盘
13:52:06	7.23	0.01	45	32535	买盘
13:52:03	7.22	-0.01	10	7220	卖盘
13:52:00	7.23	0.01	1	723	买盘
13:51:57	7.22	-0.01	50	36100	卖盘
13:51:51	7.23	--	31	22413	买盘
13:51:45	7.23	--	20	14460	买盘
13:51:30	7.23	0.01	4	2892	买盘
13:51:24	7.22	-0.01	22	15884	卖盘
13:51:21	7.23	--	1	723	买盘
13:51:18	7.23	0.01	154	111342	买盘
13:51:15	7.22	-0.01	105	75810	卖盘
13:51:12	7.23	0.01	16	11568	买盘
13:51:09	7.22	-0.01	5	3610	卖盘
13:50:57	7.23	--	1	723	买盘
13:50:54	7.23	0.01	224	161952	买盘
13:50:36	7.22	-0.01	50	36100	卖盘
13:50:33	7.23	--	13	9399	买盘
13:50:30	7.23	--	37	26751	买盘
13:50:24	7.23	--	36	26028	买盘
13:50:18	7.23	--	10	7230	买盘
13:50:15	7.23	--	73	52779	买盘
13:50:12	7.23	--	13	9399	买盘
13:50:06	7.23	0.01	1	723	买盘
13:50:00	7.22	-0.01	22	15884	卖盘
13:49:51	7.23	--	56	40488	买盘
13:49:48	7.23	0.01	21	15183	买盘
13:49:42	7.22	--	7	5054	卖盘
13:49:39	7.22	--	55	39710	卖盘
13:49:36	7.22	--	301	217322	卖盘
13:49:30	7.22	-0.01	19	13718	卖盘
13:49:27	7.23	--	178	128694	买盘
13:49:21	7.23	--	262	189426	买盘
13:49:18	7.23	--	60	43380	买盘
13:49:15	7.23	--	100	72300	买盘
13:49:12	7.23	--	28	20244	买盘
13:49:06	7.23	--	5	3615	买盘
13:49:03	7.23	--	719	519837	买盘
13:48:57	7.23	--	1	723	买盘
13:48:48	7.23	0.01	619	447537	买盘
13:48:45	7.22	--	31	22382	卖盘
13:48:42	7.22	--	1	722	卖盘
13:48:39	7.22	0.01	70	50540	买盘
13:48:36	7.21	-0.01	17	12257	卖盘
13:48:33	7.22	--	20	14440	买盘
13:48:30	7.22	0.01	20	14440	买盘
13:48:24	7.21	-0.01	10	7210	卖盘
13:48:21	7.22	--	7	5054	买盘
13:48:15	7.22	--	618	446196	买盘
13:48:12	7.22	--	9	6498	买盘
13:48:09	7.22	--	11	7942	买盘
13:48:03	7.22	--	5	3610	买盘
13:48:00	7.22	0.01	100	72200	买盘
13:47:57	7.21	-0.01	5	3605	卖盘
13:47:54	7.22	--	20	14440	买盘
13:47:48	7.22	0.01	10	7220	买盘
13:47:42	7.21	-0.01	2	1442	卖盘
13:47:39	7.22	--	4	2888	买盘
13:47:30	7.22	--	24	17328	买盘
13:47:21	7.22	--	1	722	买盘
13:47:18	7.22	--	150	108300	买盘
13:47:12	7.22	0.01	140	101080	买盘
13:47:09	7.21	-0.01	153	110313	卖盘
13:47:06	7.22	--	24	17328	买盘
13:47:03	7.22	--	3	2166	买盘
13:47:00	7.22	--	1	722	买盘
13:46:57	7.22	--	1	722	买盘
13:46:51	7.22	--	152	109744	买盘
13:46:48	7.22	--	19	13718	买盘
13:46:45	7.22	--	50	36100	买盘
13:46:39	7.22	--	20	14440	买盘
13:46:36	7.22	--	1	722	买盘
13:46:24	7.22	--	50	36100	买盘
13:46:21	7.22	0.01	13	9386	买盘
13:46:18	7.21	-0.01	27	19467	卖盘
13:46:12	7.22	--	9	6498	买盘
13:46:09	7.22	0.01	4	2888	买盘
13:46:06	7.21	--	6	4326	中性盘
13:46:03	7.21	--	1	721	买盘
13:46:00	7.21	--	41	29561	买盘
13:45:57	7.21	--	41	29561	买盘
13:45:54	7.21	--	120	86520	买盘
13:45:48	7.21	--	25	18025	买盘
13:45:45	7.21	0.01	72	51912	买盘
13:45:42	7.2	--	4	2880	卖盘
13:45:39	7.2	--	135	97200	卖盘
13:45:27	7.2	-0.01	10	7200	卖盘
13:45:21	7.21	0.01	1	721	买盘
13:45:18	7.2	-0.01	21	15120	卖盘
13:45:15	7.21	--	6	4326	买盘
13:45:12	7.21	0.01	4	2884	买盘
13:45:09	7.2	--	88	63360	卖盘
13:45:06	7.2	-0.01	28	20160	卖盘
13:45:03	7.21	-0.01	1	721	中性盘
13:44:57	7.22	0.01	554	399988	买盘
13:44:54	7.21	0.01	1	721	买盘
13:44:48	7.2	--	67	48240	卖盘
13:44:45	7.2	-0.01	1045	752400	卖盘
13:44:42	7.21	--	3	2163	买盘
13:44:36	7.21	0.01	14	10094	买盘
13:44:33	7.2	-0.01	14	10080	卖盘
13:44:30	7.21	--	140	100940	买盘
13:44:24	7.21	--	5	3605	买盘
13:44:15	7.21	--	3	2163	买盘
13:44:12	7.21	--	1	721	买盘
13:44:09	7.21	0.01	20	14420	买盘
13:44:03	7.2	-0.01	77	55440	卖盘
13:44:00	7.21	--	13	9373	买盘
13:43:57	7.21	--	71	51191	买盘
13:43:51	7.21	0.01	60	43260	买盘
13:43:48	7.2	-0.01	47	33840	卖盘
13:43:45	7.21	--	47	33887	买盘
13:43:42	7.21	0.01	1	721	买盘
13:43:36	7.2	--	30	21600	卖盘
13:43:33	7.2	--	26	18720	卖盘
13:43:27	7.2	-0.01	3	2160	卖盘
13:43:24	7.21	0.01	5	3605	买盘
13:43:21	7.2	-0.01	32	23040	卖盘
13:43:15	7.21	--	3	2163	买盘
13:43:12	7.21	--	26	18746	买盘
13:43:09	7.21	--	1	721	卖盘
13:43:03	7.21	-0.01	20	14420	卖盘
13:43:00	7.22	0.01	23	16606	买盘
13:42:57	7.21	--	436	314356	卖盘
13:42:54	7.21	--	95	68495	卖盘
13:42:51	7.21	--	22	15862	卖盘
13:42:48	7.21	--	230	165830	卖盘
13:42:45	7.21	--	6	4326	卖盘
13:42:39	7.21	--	148	106708	卖盘
13:42:36	7.21	--	20	14420	卖盘
13:42:30	7.21	--	105	75705	卖盘
13:42:27	7.21	--	5	3605	卖盘
13:42:24	7.21	--	20	14420	卖盘
13:42:21	7.21	--	60	43260	卖盘
13:42:18	7.21	--	20	14420	卖盘
13:42:15	7.21	-0.01	84	60564	卖盘
13:42:12	7.22	--	4	2888	买盘
13:42:09	7.22	0.01	48	34656	买盘
13:42:06	7.21	-0.01	5	3605	卖盘
13:42:03	7.22	0.01	199	143678	买盘
13:42:00	7.21	--	14	10094	卖盘
13:41:57	7.21	-0.01	41	29561	卖盘
13:41:54	7.22	0.01	19	13718	买盘
13:41:51	7.21	--	5	3605	卖盘
13:41:45	7.21	--	50	36050	卖盘
13:41:42	7.21	--	50	36050	卖盘
13:41:39	7.21	--	6	4326	卖盘
13:41:33	7.21	--	8	5768	卖盘
13:41:30	7.21	--	20	14420	卖盘
13:41:27	7.21	--	1	721	卖盘
13:41:18	7.21	-0.01	127	91567	卖盘
13:41:15	7.22	0.01	4	2888	买盘
13:41:12	7.21	-0.01	54	38934	卖盘
13:41:09	7.22	--	19	13718	买盘
13:41:06	7.22	0.01	1	722	买盘
13:40:57	7.21	--	4	2884	卖盘
13:40:54	7.21	--	3	2163	卖盘
13:40:51	7.21	-0.01	10	7210	卖盘
13:40:48	7.22	--	31	22382	买盘
13:40:42	7.22	0.01	1	722	买盘
13:40:39	7.21	--	5	3605	卖盘
13:40:36	7.21	-0.01	30	21630	卖盘
13:40:33	7.22	--	41	29602	买盘
13:40:30	7.22	--	66	47652	买盘
13:40:24	7.22	--	40	28880	买盘
13:40:21	7.22	--	1	722	买盘
13:40:18	7.22	--	30	21660	买盘
13:40:15	7.22	--	11	7942	买盘
13:40:12	7.22	--	4	2888	买盘
13:40:09	7.22	--	4	2888	买盘
13:40:06	7.22	--	2	1444	买盘
13:40:03	7.22	--	8	5776	买盘
13:40:00	7.22	--	10	7220	买盘
13:39:57	7.22	-0.01	38	27436	卖盘
13:39:54	7.23	0.01	75	54225	买盘
13:39:51	7.22	--	1	722	买盘
13:39:45	7.22	--	93	67146	买盘
13:39:42	7.22	--	100	72200	买盘
13:39:39	7.22	--	2	1444	买盘
13:39:36	7.22	-0.01	39	28158	卖盘
13:39:33	7.23	0.01	1	723	买盘
13:39:27	7.22	--	90	64980	卖盘
13:39:18	7.22	--	32	23104	卖盘
13:39:15	7.22	--	10	7220	卖盘
13:39:12	7.22	-0.01	22	15884	卖盘
13:39:09	7.23	--	49	35427	买盘
13:39:06	7.23	--	37	26751	买盘
13:39:03	7.23	0.01	1	723	买盘
13:39:00	7.22	-0.01	48	34656	卖盘
13:38:54	7.23	0.01	7	5061	买盘
13:38:51	7.22	--	10	7220	卖盘
13:38:48	7.22	--	16	11552	卖盘
13:38:45	7.22	--	20	14440	卖盘
13:38:42	7.22	--	15	10830	买盘
13:38:39	7.22	--	43	31046	买盘
13:38:33	7.22	--	3	2166	买盘
13:38:30	7.22	--	50	36100	买盘
13:38:24	7.22	0.01	20	14440	买盘
13:38:21	7.21	-0.01	6	4326	卖盘
13:38:18	7.22	--	23	16606	买盘
13:38:15	7.22	--	38	27436	买盘
13:38:12	7.22	--	24	17328	买盘
13:38:03	7.22	--	43	31046	买盘
13:37:57	7.22	--	26	18772	买盘
13:37:54	7.22	0.01	216	155952	买盘
13:37:51	7.21	--	10	7210	卖盘
13:37:45	7.21	--	63	45423	卖盘
13:37:42	7.21	-0.01	1	721	卖盘
13:37:33	7.22	--	21	15162	买盘
13:37:30	7.22	0.01	1	722	买盘
13:37:27	7.21	--	58	41818	卖盘
13:37:24	7.21	-0.01	50	36050	卖盘
13:37:18	7.22	--	500	361000	买盘
13:37:15	7.22	--	4	2888	买盘
13:37:12	7.22	--	4	2888	买盘
13:37:09	7.22	--	4	2888	买盘
13:37:06	7.22	0.01	4	2888	买盘
13:37:00	7.21	--	14	10094	卖盘
13:36:57	7.21	-0.01	692	498932	卖盘
13:36:54	7.22	--	5	3610	买盘
13:36:51	7.22	--	1	722	买盘
13:36:48	7.22	--	5	3610	买盘
13:36:45	7.22	--	11	7942	买盘
13:36:42	7.22	--	178	128516	买盘
13:36:36	7.22	--	69	49818	买盘
13:36:24	7.22	--	54	38988	买盘
13:36:21	7.22	--	4	2888	买盘
13:36:18	7.22	0.01	242	174724	买盘
13:36:12	7.21	-0.01	955	688555	卖盘
13:36:09	7.22	--	75	54150	买盘
13:36:03	7.22	0.01	50	36100	买盘
13:35:57	7.21	-0.01	27	19467	卖盘
13:35:54	7.22	--	147	106134	买盘
13:35:51	7.22	0.01	50	36100	买盘
13:35:48	7.21	-0.01	22	16063	卖盘
13:35:45	7.22	0.01	53	38266	买盘
13:35:42	7.21	-0.01	55	39655	卖盘
13:35:30	7.22	--	135	97470	买盘
13:35:27	7.22	0.01	36	25992	买盘
13:35:24	7.21	--	91	65611	卖盘
13:35:21	7.21	--	53	38213	卖盘
13:35:18	7.21	-0.01	11	7931	卖盘
13:35:15	7.22	--	8	5776	买盘
13:35:12	7.22	--	1	722	中性盘
13:35:06	7.22	--	30	21660	买盘
13:35:03	7.22	--	118	85196	卖盘
13:35:00	7.22	--	23	16606	卖盘
13:34:57	7.22	--	73	52706	卖盘
13:34:54	7.22	--	43	31046	卖盘
13:34:51	7.22	--	254	183388	买盘
13:34:45	7.22	--	1	722	买盘
13:34:36	7.22	--	51	36822	卖盘
13:34:33	7.22	--	93	67146	卖盘
13:34:30	7.22	--	111	80142	卖盘
13:34:27	7.22	--	6	4332	卖盘
13:34:24	7.22	-0.01	429	309738	卖盘
13:34:21	7.23	0.01	4	2892	买盘
13:34:18	7.22	-0.01	50	36100	卖盘
13:34:15	7.23	0.01	14	10122	买盘
13:34:12	7.22	--	20	14440	卖盘
13:34:09	7.22	-0.01	24	17328	卖盘
13:34:03	7.23	--	32	23136	买盘
13:33:57	7.23	0.01	91	65793	买盘
13:33:54	7.22	--	10	7220	卖盘
13:33:51	7.22	--	5	3610	卖盘
13:33:45	7.22	--	112	81470	卖盘
13:33:42	7.22	-0.01	128	92416	卖盘
13:33:36	7.23	--	27	19521	买盘
13:33:33	7.23	0.01	27	19521	买盘
13:33:30	7.22	-0.01	20	14440	卖盘
13:33:24	7.23	--	1	723	买盘
13:33:21	7.23	--	20	14460	买盘
13:33:15	7.23	--	29	20967	卖盘
13:33:12	7.23	--	12	8676	买盘
13:33:09	7.23	-0.01	8	5784	中性盘
13:33:03	7.24	--	41	29684	买盘
13:33:00	7.24	0.01	8	5792	买盘
13:32:57	7.23	0.01	1	723	中性盘
13:32:48	7.22	-0.02	441	318402	卖盘
13:32:39	7.24	0.01	60	43440	买盘
13:32:36	7.23	-0.01	20	14460	卖盘
13:32:15	7.24	0.01	4	2896	买盘
13:32:12	7.23	-0.01	2	1446	卖盘
13:32:09	7.24	0.01	84	60816	买盘
13:32:06	7.23	-0.01	11	7953	卖盘
13:32:03	7.24	--	34	24616	买盘
13:32:00	7.24	--	57	41268	买盘
13:31:54	7.24	0.01	41	29684	买盘
13:31:48	7.23	-0.01	23	16629	卖盘
13:31:39	7.24	0.01	36	26064	买盘
13:31:36	7.23	--	35	25883	买盘
13:31:33	7.23	--	174	125946	卖盘
13:31:30	7.23	-0.01	404	292092	卖盘
13:31:27	7.24	0.01	37	26788	买盘
13:31:15	7.23	--	278	201572	买盘
13:31:09	7.23	--	243	175689	买盘
13:31:06	7.23	--	109	78807	买盘
13:31:03	7.23	--	127	91821	买盘
13:31:00	7.23	--	122	88206	买盘
13:30:54	7.23	--	148	107004	买盘
13:30:48	7.23	--	138	99774	买盘
13:30:45	7.23	--	107	77361	买盘
13:30:39	7.23	--	69	49887	买盘
13:30:33	7.23	--	5	3615	买盘
13:30:30	7.23	--	48	34704	买盘
13:30:21	7.23	--	15	10845	买盘
13:30:18	7.23	--	200	144600	买盘
13:30:15	7.23	--	4	2892	买盘
13:30:09	7.23	0.01	139	100497	买盘
13:30:06	7.22	-0.01	21	15162	卖盘
13:30:03	7.23	--	167	120741	买盘
13:30:00	7.23	--	139	100497	买盘
13:29:54	7.23	--	8	5784	买盘
13:29:51	7.23	--	93	67239	买盘
13:29:48	7.23	--	1	723	买盘
13:29:39	7.23	--	93	67239	买盘
13:29:36	7.23	--	33	23859	买盘
13:29:30	7.23	--	49	35427	买盘
13:29:27	7.23	--	86	62178	买盘
13:29:21	7.23	--	54	39042	买盘
13:29:15	7.23	--	42	30366	买盘
13:29:09	7.23	--	43	31089	买盘
13:29:06	7.23	0.01	133	96159	买盘
13:29:03	7.22	-0.01	107	77254	卖盘
13:29:00	7.23	--	52	37596	买盘
13:28:54	7.23	--	10	7230	买盘
13:28:51	7.23	0.01	43	31089	买盘
13:28:48	7.22	--	22	15884	卖盘
13:28:45	7.22	-0.01	66	47652	卖盘
13:28:36	7.23	0.01	80	57840	买盘
13:28:30	7.22	--	20	14440	卖盘
13:28:27	7.22	--	27	19494	卖盘
13:28:24	7.22	--	15	10830	卖盘
13:28:21	7.22	--	21	15162	卖盘
13:28:15	7.22	-0.01	30	21660	卖盘
13:28:12	7.23	0.01	50	36150	买盘
13:28:09	7.22	-0.01	212	153064	卖盘
13:28:03	7.23	--	35	25305	买盘
13:28:00	7.23	0.01	52	37596	买盘
13:27:45	7.22	-0.01	1	722	卖盘
13:27:33	7.23	--	35	25305	买盘
13:27:30	7.23	--	20	14460	买盘
13:27:27	7.23	--	113	81699	买盘
13:27:24	7.23	--	5	3615	买盘
13:27:18	7.23	--	29	20967	买盘
13:27:09	7.23	--	4	2892	买盘
13:27:06	7.23	--	2	1446	买盘
13:27:03	7.23	0.01	7	5061	买盘
13:26:57	7.22	--	393	283746	买盘
13:26:54	7.22	--	1	722	买盘
13:26:51	7.22	--	347	250534	买盘
13:26:48	7.22	--	1	722	买盘
13:26:42	7.22	--	4	2888	买盘
13:26:36	7.22	--	112	80864	买盘
13:26:30	7.22	--	13	9386	买盘
13:26:24	7.22	--	268	193496	买盘
13:26:21	7.22	--	1	722	买盘
13:26:18	7.22	--	13	9386	买盘
13:26:15	7.22	0.01	125	90250	买盘
13:26:12	7.21	-0.01	32	23072	卖盘
13:26:09	7.22	--	4	2888	买盘
13:26:03	7.22	--	44	31768	买盘
13:25:57	7.22	--	53	38266	买盘
13:25:54	7.22	--	13	9386	买盘
13:25:51	7.22	--	1	722	买盘
13:25:48	7.22	0.01	18	12996	买盘
13:25:45	7.21	-0.01	21	15141	卖盘
13:25:33	7.22	--	2	1444	买盘
13:25:18	7.22	--	3	2166	买盘
13:25:12	7.22	--	1	722	买盘
13:25:09	7.22	--	4	2888	买盘
13:25:06	7.22	0.01	1	722	买盘
13:25:03	7.21	-0.01	68	49028	卖盘
13:24:57	7.22	--	62	44764	买盘
13:24:45	7.22	0.01	61	44042	买盘
13:24:39	7.21	--	20	14420	卖盘
13:24:36	7.21	--	20	14420	卖盘
13:24:33	7.21	--	5	3605	卖盘
13:24:27	7.21	--	10	7210	卖盘
13:24:24	7.21	-0.01	3	2163	卖盘
13:24:21	7.22	0.01	1	722	买盘
13:24:18	7.21	-0.01	42	30282	卖盘
13:24:15	7.22	--	10	7220	买盘
13:24:03	7.22	--	20	14440	买盘
13:23:57	7.22	--	53	38266	买盘
13:23:48	7.22	0.01	229	165338	买盘
13:23:45	7.21	--	1000	721000	卖盘
13:23:39	7.21	-0.01	10	7210	卖盘
13:23:36	7.22	--	20	14440	买盘
13:23:30	7.22	0.01	1	722	买盘
13:23:27	7.21	-0.01	139	100219	卖盘
13:23:12	7.22	--	1	722	买盘
13:23:06	7.22	--	1	722	买盘
13:23:00	7.22	--	299	215878	买盘
13:22:57	7.22	-0.01	1590	1147980	卖盘
13:22:45	7.23	0.01	21	15183	买盘
13:22:39	7.22	--	60	43320	卖盘
13:22:30	7.22	--	6	4332	卖盘
13:22:24	7.22	-0.01	30	21660	卖盘
13:22:21	7.23	--	5	3615	买盘
13:22:12	7.23	--	13	9399	买盘
13:22:09	7.23	--	4	2892	买盘
13:22:06	7.23	--	11	7953	买盘
13:21:57	7.23	0.01	53	38319	买盘
13:21:48	7.22	-0.01	15	10830	卖盘
13:21:42	7.23	0.01	366	264618	买盘
13:21:39	7.22	-0.01	6	4332	卖盘
13:21:36	7.23	--	1	723	买盘
13:21:30	7.23	0.01	15	10845	买盘
13:21:27	7.22	-0.01	32	23104	卖盘
13:21:18	7.23	--	10	7230	买盘
13:21:12	7.23	--	1	723	买盘
13:21:06	7.23	--	1	723	买盘
13:20:57	7.23	0.01	52	37596	买盘
13:20:54	7.22	-0.01	5	3610	卖盘
13:20:48	7.23	--	25	18075	买盘
13:20:42	7.23	0.01	7	5061	买盘
13:20:39	7.22	-0.01	18	12996	卖盘
13:20:30	7.23	--	10	7230	买盘
13:20:21	7.23	--	1	723	买盘
13:20:03	7.23	--	36	26028	买盘
13:19:57	7.23	--	82	59286	买盘
13:19:51	7.23	--	10	7230	买盘
13:19:36	7.23	0.01	1	723	买盘
13:19:33	7.22	-0.01	19	13718	卖盘
13:19:27	7.23	--	10	7230	买盘
13:19:24	7.23	0.01	44	31812	买盘
13:19:15	7.22	-0.01	6	4332	卖盘
13:19:12	7.23	--	10	7230	买盘
13:19:06	7.23	--	27	19521	买盘
13:19:03	7.23	--	1	723	买盘
13:18:57	7.23	--	52	37596	买盘
13:18:45	7.23	0.01	7	5061	买盘
13:18:36	7.22	-0.01	8	5776	卖盘
13:18:33	7.23	--	21	15183	卖盘
13:18:27	7.23	--	215	155445	卖盘
13:18:21	7.23	--	68	49164	卖盘
13:18:18	7.23	--	8	5784	卖盘
13:18:15	7.23	--	54	39042	卖盘
13:18:12	7.23	--	746	539358	买盘
13:18:09	7.23	--	10	7230	买盘
13:18:06	7.23	--	1	723	买盘
13:17:57	7.23	--	52	37596	买盘
13:17:54	7.23	--	40	28920	买盘
13:17:39	7.23	--	39	28197	买盘
13:17:36	7.23	0.01	74	53502	买盘
13:17:33	7.22	--	10	7220	卖盘
13:17:27	7.22	-0.01	126	90972	卖盘
13:17:24	7.23	--	5	3615	买盘
13:17:18	7.23	--	41	29643	买盘
13:17:12	7.23	0.01	14	10122	买盘
13:17:09	7.22	-0.01	30	21660	卖盘
13:17:06	7.23	0.01	251	181473	买盘
13:16:57	7.22	--	73	52706	卖盘
13:16:54	7.22	--	37	26714	卖盘
13:16:45	7.22	--	20	14440	卖盘
13:16:30	7.22	-0.01	363	262086	卖盘
13:16:15	7.23	0.01	8	5784	买盘
13:16:03	7.22	-0.01	40	28880	卖盘
13:15:57	7.23	0.01	126	91098	买盘
13:15:51	7.22	-0.01	87	62814	卖盘
13:15:45	7.23	--	16	11568	买盘
13:15:42	7.23	--	1	723	买盘
13:15:39	7.23	--	13	9399	买盘
13:15:30	7.23	--	1	723	买盘
13:15:18	7.23	--	10	7230	买盘
13:15:15	7.23	0.01	10	7230	买盘
13:15:06	7.22	-0.01	75	54150	卖盘
13:15:03	7.23	--	10	7230	买盘
13:14:57	7.23	--	52	37596	买盘
13:14:45	7.23	--	29	20967	买盘
13:14:42	7.23	--	39	28197	买盘
13:14:27	7.23	-0.01	134	96882	卖盘
13:14:21	7.24	0.01	1	724	买盘
13:14:18	7.23	--	900	650700	卖盘
13:14:06	7.23	--	60	43380	卖盘
13:14:00	7.23	-0.01	1	723	卖盘
13:13:57	7.24	--	52	37648	买盘
13:13:54	7.24	0.01	28	20272	买盘
13:13:48	7.23	-0.01	2	1446	卖盘
13:13:45	7.24	--	11	7964	买盘
13:13:30	7.24	--	1	724	买盘
13:13:24	7.24	--	28	20272	买盘
13:13:18	7.24	--	20	14480	买盘
13:13:09	7.24	--	1	724	买盘
13:13:06	7.24	0.01	1	724	买盘
13:13:00	7.23	-0.01	10	7230	卖盘
13:12:57	7.24	--	52	37648	买盘
13:12:54	7.24	--	14	10136	买盘
13:12:45	7.24	0.01	1	724	买盘
13:12:42	7.23	-0.01	133	96159	卖盘
13:12:39	7.24	--	1	724	买盘
13:12:33	7.24	--	1	724	买盘
13:12:30	7.24	0.01	13	9412	买盘
13:12:24	7.23	-0.01	56	40488	卖盘
13:12:21	7.24	0.01	1	724	买盘
13:12:15	7.23	--	67	48441	卖盘
13:12:06	7.23	--	151	109173	卖盘
13:12:03	7.23	-0.01	103	74469	卖盘
13:11:54	7.24	--	153	110772	买盘
13:11:48	7.24	0.01	96	69504	买盘
13:11:45	7.23	-0.01	5	3615	卖盘
13:11:42	7.24	--	15	10860	买盘
13:11:39	7.24	0.01	5	3620	买盘
13:11:36	7.23	-0.01	20	14460	卖盘
13:11:33	7.24	--	15	10860	买盘
13:11:30	7.24	0.01	1	724	买盘
13:11:27	7.23	--	20	14460	卖盘
13:11:21	7.23	-0.01	53	38319	卖盘
13:11:18	7.24	0.01	93	67332	买盘
13:11:15	7.23	-0.01	1	723	卖盘
13:11:09	7.24	0.01	10	7240	买盘
13:11:03	7.23	--	16	11568	卖盘
13:10:57	7.23	--	5	3615	卖盘
13:10:54	7.23	--	123	88929	买盘
13:10:51	7.23	--	41	29643	买盘
13:10:48	7.23	--	93	67239	买盘
13:10:45	7.23	--	33	23859	买盘
13:10:42	7.23	--	30	21690	买盘
13:10:39	7.23	--	30	21690	买盘
13:10:33	7.23	--	71	51333	买盘
13:10:27	7.23	--	80	57840	买盘
13:10:21	7.23	--	155	112065	买盘
13:10:18	7.23	--	1	723	买盘
13:10:12	7.23	-0.01	316	228468	卖盘
13:10:09	7.24	--	30	21720	买盘
13:09:54	7.24	--	1	724	买盘
13:09:51	7.24	0.01	2	1448	买盘
13:09:45	7.23	-0.01	39	28197	卖盘
13:09:42	7.24	--	10	7240	买盘
13:09:36	7.24	--	60	43440	买盘
13:09:33	7.24	0.01	43	31132	买盘
13:09:30	7.23	-0.01	30	21690	卖盘
13:09:27	7.24	0.01	5	3620	买盘
13:09:15	7.23	--	5	3615	卖盘
13:09:12	7.23	-0.01	33	23859	卖盘
13:09:09	7.24	--	29	20996	买盘
13:09:06	7.24	--	29	20996	买盘
13:09:03	7.24	--	15	10860	买盘
13:09:00	7.24	-0.01	3	2172	卖盘
13:08:57	7.25	0.01	1	725	买盘
13:08:54	7.24	--	11	7964	卖盘
13:08:51	7.24	--	100	72400	卖盘
13:08:48	7.24	--	10	7240	卖盘
13:08:45	7.24	0.01	7	5068	卖盘
13:08:39	7.23	-0.01	475	343425	卖盘
13:08:33	7.24	0.01	4	2896	买盘
13:08:24	7.23	--	14	10122	卖盘
13:08:21	7.23	-0.01	53	38319	卖盘
13:08:15	7.24	--	158	114392	买盘
13:08:12	7.24	--	109	78916	买盘
13:08:03	7.24	--	10	7240	买盘
13:08:00	7.24	--	1	724	买盘
13:07:54	7.24	0.01	14	10136	买盘
13:07:51	7.23	-0.01	20	14460	卖盘
13:07:48	7.24	--	200	144800	买盘
13:07:45	7.24	--	5	3620	买盘
13:07:42	7.24	--	50	36200	买盘
13:07:36	7.24	--	56	40544	买盘
13:07:33	7.24	-0.01	1357	982468	卖盘
13:07:30	7.25	--	306	221850	买盘
13:07:27	7.25	--	25	18125	买盘
13:07:18	7.25	0.01	43	31175	买盘
13:07:15	7.24	--	10	7240	卖盘
13:07:09	7.24	-0.01	2	1448	卖盘
13:07:06	7.25	0.01	41	29725	买盘
13:06:54	7.24	--	14	10136	卖盘
13:06:39	7.24	--	41	29684	卖盘
13:06:36	7.24	--	12	8688	卖盘
13:06:27	7.24	--	9	6516	卖盘
13:06:24	7.24	-0.01	35	25340	卖盘
13:06:12	7.25	--	52	37700	买盘
13:06:03	7.25	--	4	2900	买盘
13:05:51	7.25	--	17	12325	卖盘
13:05:45	7.25	--	160	116000	卖盘
13:05:36	7.25	--	1	725	卖盘
13:05:33	7.25	--	66	47850	卖盘
13:05:30	7.25	--	5	3625	卖盘
13:05:27	7.25	--	50	36250	卖盘
13:05:24	7.25	--	35	25375	卖盘
13:05:21	7.25	--	5	3625	卖盘
13:05:18	7.25	--	103	74675	卖盘
13:05:15	7.25	--	4	2900	卖盘
13:05:12	7.25	--	67	48575	卖盘
13:05:09	7.25	-0.01	82	59450	卖盘
13:05:06	7.26	0.01	6	4356	买盘
13:05:03	7.25	--	11	7975	卖盘
13:04:54	7.25	-0.01	5	3625	卖盘
13:04:48	7.26	--	33	23958	买盘
13:04:42	7.26	--	121	87846	买盘
13:04:33	7.26	0.01	290	210540	买盘
13:04:30	7.25	--	113	81925	卖盘
13:04:27	7.25	--	20	14500	卖盘
13:04:24	7.25	-0.01	52	37700	卖盘
13:04:21	7.26	0.01	52	37752	买盘
13:04:18	7.25	--	10	7250	卖盘
13:04:12	7.25	-0.01	20	14500	卖盘
13:04:09	7.26	--	16	11616	买盘
13:04:06	7.26	0.01	10	7260	买盘
13:04:03	7.25	--	28	20300	卖盘
13:03:51	7.25	--	6	4350	卖盘
13:03:48	7.25	--	27	19575	卖盘
13:03:45	7.25	--	1	725	卖盘
13:03:42	7.25	--	5	3625	卖盘
13:03:39	7.25	-0.01	25	18125	卖盘
13:03:24	7.26	--	104	75504	买盘
13:03:18	7.26	--	120	87120	买盘
13:03:15	7.26	--	152	110352	买盘
13:03:12	7.26	0.01	38	27588	买盘
13:03:09	7.25	--	428	310300	卖盘
13:03:03	7.25	--	342	247950	买盘
13:02:57	7.25	--	6	4350	买盘
13:02:54	7.25	--	30	21750	买盘
13:02:48	7.25	--	87	63075	买盘
13:02:45	7.25	--	100	72500	买盘
13:02:39	7.25	--	131	94975	卖盘
13:02:36	7.25	--	29	21025	卖盘
13:02:33	7.25	--	110	79750	卖盘
13:02:30	7.25	--	396	287100	卖盘
13:02:27	7.25	-0.01	13	9425	卖盘
13:02:24	7.26	0.01	10	7260	买盘
13:02:21	7.25	--	164	118900	卖盘
13:02:15	7.25	-0.01	150	108750	卖盘
13:02:12	7.26	--	138	100188	买盘
13:02:09	7.26	0.01	32	23232	买盘
13:02:06	7.25	-0.01	10	7250	卖盘
13:02:00	7.26	--	41	29766	买盘
13:01:54	7.26	--	100	72600	买盘
13:01:51	7.26	--	27	19602	买盘
13:01:48	7.26	-0.01	21	15246	中性盘
13:01:45	7.27	0.01	87	63248	买盘
13:01:42	7.26	--	61	44286	买盘
13:01:39	7.26	--	69	50094	买盘
13:01:36	7.26	--	59	42834	买盘
13:01:30	7.26	--	99	71874	买盘
13:01:27	7.26	--	50	36300	卖盘
13:01:24	7.26	--	116	84216	卖盘
13:01:21	7.26	-0.01	78	56628	卖盘
13:01:18	7.27	0.01	26	18902	买盘
13:01:15	7.26	-0.01	169	122694	卖盘
13:01:12	7.27	--	45	32714	买盘
13:01:09	7.27	--	15	10905	买盘
13:01:06	7.27	0.01	471	342417	买盘
13:01:00	7.26	-0.01	19	13794	卖盘
13:00:54	7.27	--	65	47255	买盘
13:00:51	7.27	0.02	73	53071	买盘
13:00:48	7.25	-0.01	20	14500	卖盘
13:00:45	7.26	-0.01	20	14520	中性盘
13:00:36	7.27	0.01	1194	868038	买盘
13:00:33	7.26	0.01	28	20328	买盘
13:00:21	7.25	--	50	36250	卖盘
13:00:18	7.25	--	90	65250	卖盘
13:00:15	7.25	-0.01	5	3625	卖盘
13:00:12	7.26	--	143	103818	买盘
13:00:09	7.26	0.01	157	113982	买盘
13:00:06	7.25	-0.01	2796	2027100	卖盘
13:00:03	7.26	0.01	97	70422	买盘
11:30:03	7.25	-0.01	14	10150	卖盘
11:29:57	7.26	--	45	32670	买盘
11:29:54	7.26	--	53	38478	买盘
11:29:48	7.26	0.01	80	58080	买盘
11:29:45	7.25	--	120	87000	卖盘
11:29:42	7.25	-0.01	66	47850	卖盘
11:29:39	7.26	--	52	37752	买盘
11:29:36	7.26	--	63	45738	买盘
11:29:33	7.26	0.01	12	8712	买盘
11:29:30	7.25	-0.01	547	396575	卖盘
11:29:27	7.26	0.01	433	314358	买盘
11:29:24	7.25	-0.01	41	29725	卖盘
11:29:21	7.26	0.01	501	363726	买盘
11:29:18	7.25	-0.01	153	110925	卖盘
11:29:15	7.26	0.01	124	90024	买盘
11:29:12	7.25	--	39	28275	卖盘
11:29:09	7.25	--	122	88450	卖盘
11:29:06	7.25	--	38	27550	卖盘
11:29:03	7.25	--	439	318275	卖盘
11:29:00	7.25	--	292	211700	卖盘
11:28:57	7.25	-0.01	590	427750	卖盘
11:28:51	7.26	--	5	3630	买盘
11:28:45	7.26	--	30	21780	买盘
11:28:42	7.26	--	65	47190	买盘
11:28:39	7.26	--	30	21780	买盘
11:28:36	7.26	--	226	164076	买盘
11:28:33	7.26	--	101	73326	买盘
11:28:30	7.26	-0.01	1323	960498	卖盘
11:28:27	7.27	--	319	231913	买盘
11:28:24	7.27	--	979	711733	买盘
11:28:21	7.27	--	76	55252	买盘
11:28:18	7.27	--	31	22537	买盘
11:28:15	7.27	--	58	42166	买盘
11:28:12	7.27	--	41	29807	买盘
11:28:09	7.27	--	70	50890	买盘
11:28:06	7.27	--	300	218100	买盘
11:28:03	7.27	--	67	48709	买盘
11:28:00	7.27	--	57	41439	买盘
11:27:57	7.27	--	41	29807	买盘
11:27:54	7.27	--	114	82878	买盘
11:27:51	7.27	0.01	220	159940	买盘
11:27:48	7.26	-0.01	291	211266	卖盘
11:27:45	7.27	0.01	333	242091	买盘
11:27:42	7.26	-0.01	716	519816	卖盘
11:27:39	7.27	--	110	79970	买盘
11:27:36	7.27	--	109	79243	买盘
11:27:33	7.27	--	569	413663	买盘
11:27:30	7.27	--	27	19629	买盘
11:27:27	7.27	0.01	30	21810	买盘
11:27:24	7.26	-0.01	573	415998	卖盘
11:27:21	7.27	--	158	114866	卖盘
11:27:18	7.27	--	36	26172	卖盘
11:27:15	7.27	0.01	564	410028	买盘
11:27:12	7.26	-0.01	42	30492	中性盘
11:27:09	7.27	0.01	458	332966	买盘
11:27:06	7.26	--	451	327426	卖盘
11:27:03	7.26	--	103	74778	卖盘
11:27:00	7.26	-0.01	157	113982	卖盘
11:26:57	7.27	0.01	107	77789	买盘
11:26:54	7.26	--	473	343398	卖盘
11:26:51	7.26	-0.01	1108	804408	卖盘
11:26:48	7.27	0.01	511	371497	买盘
11:26:45	7.26	--	81	58806	卖盘
11:26:42	7.26	--	305	221430	卖盘
11:26:39	7.26	--	207	150282	买盘
11:26:36	7.26	--	107	77682	买盘
11:26:33	7.26	--	93	67518	卖盘
11:26:30	7.26	--	30	21780	卖盘
11:26:27	7.26	-0.01	118	85668	卖盘
11:26:24	7.27	--	20	14540	买盘
11:26:21	7.27	-0.01	834	606318	卖盘
11:26:18	7.28	--	372	270816	买盘
11:26:15	7.28	--	846	615888	买盘
11:26:12	7.28	--	317	230776	买盘
11:26:09	7.28	--	193	140504	买盘
11:26:06	7.28	--	292	212576	买盘
11:26:03	7.28	--	52	37856	买盘
11:26:00	7.28	--	498	362544	卖盘
11:25:57	7.28	--	121	88088	卖盘
11:25:54	7.28	-0.01	203	147784	中性盘
11:25:51	7.29	0.01	1225	893025	买盘
11:25:48	7.28	--	649	472472	卖盘
11:25:45	7.28	--	1334	971152	买盘
11:25:42	7.28	-0.01	50	36400	中性盘
11:25:39	7.29	0.01	643	468747	买盘
11:25:36	7.28	--	279	203112	买盘
11:25:33	7.28	-0.01	610	444080	卖盘
11:25:30	7.29	--	654	476766	买盘
11:25:27	7.29	0.01	441	321489	买盘
11:25:24	7.28	--	162	117936	卖盘
11:25:21	7.28	-0.01	806	586768	卖盘
11:25:18	7.29	0.01	182	132678	买盘
11:25:15	7.28	--	744	541632	买盘
11:25:12	7.28	--	317	230776	买盘
11:25:09	7.28	--	60	43680	买盘
11:25:06	7.28	0.01	143	104104	买盘
11:25:03	7.27	0.01	969	704463	买盘
11:25:00	7.26	--	80	58080	卖盘
11:24:57	7.26	-0.01	421	305646	卖盘
11:24:54	7.27	0.01	201	146127	买盘
11:24:51	7.26	0.01	2594	1883244	买盘
11:24:48	7.25	--	246	178350	买盘
11:24:42	7.25	--	143	103675	买盘
11:24:39	7.25	0.01	230	167090	买盘
11:24:36	7.24	--	554	401096	买盘
11:24:33	7.24	--	8	5792	买盘
11:24:30	7.24	0.01	583	422092	买盘
11:24:27	7.23	--	156	112788	卖盘
11:24:24	7.23	--	91	65793	卖盘
11:24:21	7.23	--	1079	780145	买盘
11:24:18	7.23	--	256	185088	买盘
11:24:15	7.23	0.01	134	96882	买盘
11:24:12	7.22	--	46	33212	卖盘
11:24:09	7.22	--	42	30324	买盘
11:24:06	7.22	0.01	122	88084	买盘
11:24:03	7.21	-0.01	3202	2308642	卖盘
11:24:00	7.22	--	411	296742	买盘
11:23:57	7.22	--	1036	747992	买盘
11:23:54	7.22	--	132	95304	买盘
11:23:51	7.22	--	107	77254	买盘
11:23:48	7.22	--	2	1444	买盘
11:23:42	7.22	0.01	100	72200	买盘
11:23:39	7.21	--	135	97335	买盘
11:23:36	7.21	--	337	242977	买盘
11:23:33	7.21	--	262	188902	买盘
11:23:30	7.21	0.01	222	160062	买盘
11:23:27	7.2	-0.01	25	18000	卖盘
11:23:24	7.21	0.01	125	90125	买盘
11:23:21	7.2	-0.01	31	22320	卖盘
11:23:18	7.21	0.01	387	279027	买盘
11:23:15	7.2	--	497	357840	卖盘
11:23:12	7.2	-0.01	129	92880	卖盘
11:23:09	7.21	--	270	194670	买盘
11:23:06	7.21	--	55	39655	买盘
11:23:03	7.21	--	150	108150	买盘
11:23:00	7.21	0.01	300	216300	买盘
11:22:57	7.2	--	30	21600	卖盘
11:22:54	7.2	--	3	2160	卖盘
11:22:51	7.2	--	2436	1753920	买盘
11:22:45	7.2	0.01	18	12960	买盘
11:22:42	7.19	--	128	92032	卖盘
11:22:39	7.19	0.01	1110	798090	买盘
11:22:33	7.18	--	50	35900	卖盘
11:22:27	7.18	-0.01	7	5026	卖盘
11:22:21	7.19	0.01	62	44578	买盘
11:22:12	7.18	--	11	7898	卖盘
11:22:06	7.18	--	8	5744	卖盘
11:22:03	7.18	--	44	31592	卖盘
11:22:00	7.18	-0.01	100	71800	卖盘
11:21:57	7.19	--	1	719	买盘
11:21:54	7.19	0.01	1	719	买盘
11:21:48	7.18	-0.01	6	4308	卖盘
11:21:45	7.19	--	50	35950	买盘
11:21:42	7.19	0.01	29	20851	买盘
11:21:36	7.18	--	10	7180	卖盘
11:21:33	7.18	-0.01	58	41644	卖盘
11:21:30	7.19	--	2	1438	买盘
11:21:27	7.19	0.01	10	7190	买盘
11:21:18	7.18	-0.01	42	30156	卖盘
11:21:15	7.19	--	4	2876	买盘
11:21:09	7.19	--	4	2876	买盘
11:21:06	7.19	--	1	719	买盘
11:21:03	7.19	0.01	1	719	买盘
11:20:48	7.18	-0.01	8	5744	卖盘
11:20:45	7.19	0.01	2	1438	买盘
11:20:42	7.18	--	80	57440	卖盘
11:20:39	7.18	--	100	71800	卖盘
11:20:30	7.18	--	105	75390	卖盘
11:20:27	7.18	-0.01	13	9334	卖盘
11:20:24	7.19	--	1	719	买盘
11:20:21	7.19	0.01	8	5752	买盘
11:20:18	7.18	--	92	66056	卖盘
11:20:12	7.18	-0.01	10	7180	卖盘
11:20:03	7.19	0.01	47	33793	买盘
11:20:00	7.18	--	6	4308	卖盘
11:19:57	7.18	--	159	114162	卖盘
11:19:54	7.18	-0.01	46	33028	卖盘
11:19:51	7.19	0.01	50	35950	买盘
11:19:48	7.18	--	114	81852	卖盘
11:19:45	7.18	--	30	21540	卖盘
11:19:42	7.18	-0.01	94	67492	卖盘
11:19:30	7.19	0.01	77	55363	买盘
11:19:18	7.18	--	30	21540	卖盘
11:19:12	7.18	-0.01	10	7180	卖盘
11:19:06	7.19	--	42	30198	买盘
11:18:48	7.19	--	30	21570	买盘
11:18:45	7.19	0.01	5	3595	买盘
11:18:42	7.18	--	46	33028	卖盘
11:18:39	7.18	--	7	5026	卖盘
11:18:36	7.18	--	2	1436	卖盘
11:18:27	7.18	-0.01	38	27284	卖盘
11:18:24	7.19	0.01	11	7909	买盘
11:18:21	7.18	--	178	127804	卖盘
11:18:18	7.18	--	1	718	卖盘
11:18:15	7.18	--	42	30156	卖盘
11:18:09	7.18	--	245	176592	卖盘
11:18:00	7.18	-0.01	100	71800	卖盘
11:17:57	7.19	0.01	38	27322	买盘
11:17:54	7.18	--	9	6462	卖盘
11:17:51	7.18	--	100	71800	卖盘
11:17:48	7.18	--	11	7898	卖盘
11:17:39	7.18	--	3	2154	卖盘
11:17:36	7.18	--	15	10770	卖盘
11:17:33	7.18	-0.01	33	23694	卖盘
11:17:30	7.19	--	16	11504	买盘
11:17:24	7.19	--	1	719	买盘
11:17:18	7.19	0.01	1	719	买盘
11:17:15	7.18	--	25	17950	卖盘
11:17:12	7.18	--	11	7898	卖盘
11:17:09	7.18	--	32	22976	卖盘
11:17:06	7.18	-0.01	58	41644	卖盘
11:17:03	7.19	0.01	61	43859	买盘
11:17:00	7.18	--	106	76108	卖盘
11:16:48	7.18	--	108	77544	买盘
11:16:45	7.18	0.01	1	718	买盘
11:16:42	7.17	-0.01	25	17925	卖盘
11:16:39	7.18	--	1	718	买盘
11:16:33	7.18	0.01	1	718	中性盘
11:16:21	7.17	-0.01	82	58794	卖盘
11:16:18	7.18	--	267	191706	卖盘
11:16:15	7.18	--	70	50260	卖盘
11:16:12	7.18	--	59	42362	卖盘
11:16:09	7.18	--	29	20822	卖盘
11:16:06	7.18	--	134	96212	卖盘
11:16:03	7.18	--	68	48824	卖盘
11:15:57	7.18	--	18	12924	卖盘
11:15:51	7.18	--	62	44516	买盘
11:15:48	7.18	--	1	718	买盘
11:15:45	7.18	--	24	17232	买盘
11:15:42	7.18	0.01	20	14360	买盘
11:15:36	7.17	-0.01	33	23661	卖盘
11:15:33	7.18	0.01	14	10052	买盘
11:15:30	7.17	-0.01	61	43737	卖盘
11:15:21	7.18	--	29	20822	买盘
11:15:18	7.18	--	100	71800	买盘
11:15:15	7.18	--	2	1436	买盘
11:15:09	7.18	--	2	1436	买盘
11:15:06	7.18	--	10	7180	买盘
11:15:03	7.18	0.01	2	1436	买盘
11:15:00	7.17	-0.01	41	29397	卖盘
11:14:57	7.18	--	108	77544	卖盘
11:14:54	7.18	--	175	125650	卖盘
11:14:51	7.18	--	36	25848	卖盘
11:14:48	7.18	--	78	56004	卖盘
11:14:42	7.18	-0.01	51	36618	卖盘
11:14:39	7.19	0.01	40	28760	买盘
11:14:36	7.18	--	125	89750	卖盘
11:14:33	7.18	--	2	1436	卖盘
11:14:30	7.18	--	84	60312	卖盘
11:14:18	7.18	0.01	5	3590	中性盘
11:14:15	7.17	-0.01	21	15057	卖盘
11:14:12	7.18	0.01	5	3590	买盘
11:14:09	7.17	-0.01	193	138381	卖盘
11:14:06	7.18	--	20	14360	买盘
11:14:03	7.18	--	60	43080	买盘
11:13:57	7.18	--	1	718	买盘
11:13:54	7.18	--	100	71800	买盘
11:13:51	7.18	--	98	70364	买盘
11:13:48	7.18	--	1	718	买盘
11:13:45	7.18	0.01	10	7180	买盘
11:13:42	7.17	-0.01	12	8604	卖盘
11:13:36	7.18	--	7	5026	买盘
11:13:30	7.18	--	1	718	买盘
11:13:24	7.18	0.01	5	3590	买盘
11:13:06	7.17	-0.01	10	7170	卖盘
11:13:03	7.18	0.01	46	33028	买盘
11:12:54	7.17	--	1	717	卖盘
11:12:51	7.17	-0.01	38	27246	卖盘
11:12:48	7.18	--	80	57440	买盘
11:12:39	7.18	--	2	1436	买盘
11:12:33	7.18	--	10	7180	卖盘
11:12:27	7.18	--	11	7898	买盘
11:12:24	7.18	--	40	28720	买盘
11:12:15	7.18	0.01	1	718	买盘
11:12:12	7.17	-0.01	300	215100	卖盘
11:12:06	7.18	--	111	79698	卖盘
11:12:03	7.18	--	8	5744	卖盘
11:12:00	7.18	--	39	28002	买盘
11:11:54	7.18	--	43	30874	买盘
11:11:39	7.18	--	5	3590	买盘
11:11:30	7.18	0.01	33	23694	中性盘
11:11:27	7.17	-0.01	651	466767	卖盘
11:11:24	7.18	--	119	85442	卖盘
11:11:18	7.18	--	182	130676	买盘
11:11:15	7.18	--	79	56722	买盘
11:11:12	7.18	--	49	35182	买盘
11:11:06	7.18	--	101	72518	买盘
11:11:03	7.18	0.01	31	22258	买盘
11:11:00	7.17	-0.01	16	11472	卖盘
11:10:57	7.18	--	19	13642	买盘
11:10:54	7.18	--	11	7898	买盘
11:10:51	7.18	--	5	3590	买盘
11:10:48	7.18	--	80	57440	卖盘
11:10:45	7.18	--	5	3590	卖盘
11:10:42	7.18	--	23	16514	买盘
11:10:39	7.18	--	176	126368	卖盘
11:10:36	7.18	--	569	408542	卖盘
11:10:30	7.18	--	18	12924	卖盘
11:10:21	7.18	--	100	71800	卖盘
11:10:18	7.18	--	30	21540	卖盘
11:10:15	7.18	--	85	61030	卖盘
11:10:12	7.18	--	201	144318	卖盘
11:10:09	7.18	--	40	28720	卖盘
11:10:06	7.18	--	13	9334	卖盘
11:10:03	7.18	--	135	96930	卖盘
11:09:57	7.18	--	36	25848	卖盘
11:09:54	7.18	--	106	76108	卖盘
11:09:51	7.18	-0.01	2	1436	卖盘
11:09:42	7.19	0.01	80	57520	买盘
11:09:36	7.18	-0.01	44	31592	卖盘
11:09:33	7.19	0.01	295	212105	买盘
11:09:18	7.18	--	46	33028	卖盘
11:09:15	7.18	-0.01	51	36618	卖盘
11:09:12	7.19	0.01	40	28760	买盘
11:09:06	7.18	-0.01	20	14360	卖盘
11:09:03	7.19	0.01	5	3595	买盘
11:09:00	7.18	-0.01	140	100520	卖盘
11:08:51	7.19	0.01	20	14380	买盘
11:08:45	7.18	--	55	39490	卖盘
11:08:42	7.18	--	12	8616	卖盘
11:08:39	7.18	-0.01	2	1436	卖盘
11:08:33	7.19	0.01	32	23008	买盘
11:08:30	7.18	--	75	53850	卖盘
11:08:27	7.18	--	6	4308	卖盘
11:08:24	7.18	--	52	37336	卖盘
11:08:18	7.18	--	24	17232	卖盘
11:08:15	7.18	--	18	12924	卖盘
11:07:57	7.18	--	38	27284	卖盘
11:07:54	7.18	-0.01	53	38054	卖盘
11:07:51	7.19	0.01	3	2157	买盘
11:07:48	7.18	--	50	35900	卖盘
11:07:45	7.18	--	2	1436	卖盘
11:07:39	7.18	--	160	114880	卖盘
11:07:36	7.18	-0.01	25	17950	卖盘
11:07:33	7.19	0.01	200	143800	买盘
11:07:30	7.18	--	11	7898	卖盘
11:07:27	7.18	--	125	89750	卖盘
11:07:18	7.18	-0.01	116	83288	卖盘
11:07:15	7.19	--	27	19413	买盘
11:07:06	7.19	--	1	719	买盘
11:07:03	7.19	--	10	7190	买盘
11:07:00	7.19	--	13	9347	买盘
11:06:42	7.19	--	12	8628	买盘
11:06:39	7.19	0.01	34	24446	买盘
11:06:33	7.18	--	6	4308	卖盘
11:06:30	7.18	--	400	287200	卖盘
11:06:27	7.18	--	43	30874	卖盘
11:06:24	7.18	-0.01	50	35900	卖盘
11:06:18	7.19	0.01	23	16537	买盘
11:06:12	7.18	--	18	12924	卖盘
11:06:09	7.18	--	35	25130	卖盘
11:06:06	7.18	--	30	21540	卖盘
11:05:54	7.18	--	51	36618	卖盘
11:05:45	7.18	-0.01	74	53132	卖盘
11:05:42	7.19	--	10	7190	买盘
11:05:39	7.19	0.01	5	3595	买盘
11:05:30	7.18	--	30	21540	卖盘
11:05:27	7.18	--	2	1436	卖盘
11:05:21	7.18	--	249	178782	卖盘
11:05:09	7.18	--	50	35900	卖盘
11:05:00	7.18	--	426	305868	卖盘
11:04:57	7.18	--	65	46670	卖盘
11:04:54	7.18	--	36	25848	卖盘
11:04:48	7.18	--	105	75390	卖盘
11:04:39	7.18	-0.01	1	718	卖盘
11:04:36	7.19	0.01	1	719	买盘
11:04:33	7.18	-0.01	14	10052	卖盘
11:04:21	7.19	0.01	38	27322	买盘
11:04:15	7.18	--	300	215400	卖盘
11:04:09	7.18	-0.01	7	5026	卖盘
11:04:00	7.19	--	4	2876	买盘
11:03:45	7.19	0.01	188	135172	买盘
11:03:36	7.18	--	61	43798	卖盘
11:03:33	7.18	-0.01	5	3590	卖盘
11:03:30	7.19	--	10	7190	买盘
11:03:21	7.19	--	50	35950	买盘
11:03:18	7.19	--	23	16537	买盘
11:03:12	7.19	--	1	719	买盘
11:03:09	7.19	0.01	20	14380	买盘
11:03:06	7.18	--	3	2154	卖盘
11:03:00	7.18	--	13	9334	卖盘
11:02:57	7.18	-0.01	25	17950	卖盘
11:02:54	7.19	0.01	50	35950	买盘
11:02:51	7.18	--	80	57440	卖盘
11:02:45	7.18	--	11	7898	卖盘
11:02:27	7.18	-0.01	51	36618	卖盘
11:02:24	7.19	--	50	35950	买盘
11:02:21	7.19	0.01	24	17256	买盘
11:02:18	7.18	-0.01	55	39490	卖盘
11:02:12	7.19	0.01	2	1438	买盘
11:02:09	7.18	--	4	2872	卖盘
11:02:06	7.18	--	177	127086	卖盘
11:02:03	7.18	-0.01	16	11488	卖盘
11:02:00	7.19	--	1	719	买盘
11:01:57	7.19	--	360	258840	买盘
11:01:51	7.19	0.01	2	1438	买盘
11:01:48	7.18	--	49	35182	卖盘
11:01:45	7.18	-0.01	100	71800	卖盘
11:01:36	7.19	0.01	1	719	买盘
11:01:24	7.18	--	59	42362	卖盘
11:01:18	7.18	-0.01	1	718	卖盘
11:01:12	7.19	0.01	1	719	买盘
11:01:03	7.18	--	76	54568	卖盘
11:00:54	7.18	-0.01	33	23694	卖盘
11:00:51	7.19	0.01	37	26603	买盘
11:00:48	7.18	-0.01	20	14360	卖盘
11:00:45	7.19	0.01	30	21570	买盘
11:00:42	7.18	--	134	96212	卖盘
11:00:39	7.18	--	36	25848	卖盘
11:00:36	7.18	--	226	162268	卖盘
11:00:33	7.18	--	21	15078	卖盘
11:00:30	7.18	-0.01	109	78262	卖盘
11:00:27	7.19	0.01	1	719	买盘
11:00:21	7.18	--	79	56722	卖盘
11:00:18	7.18	--	33	23694	卖盘
11:00:15	7.18	--	5	3590	卖盘
11:00:09	7.18	--	2	1436	卖盘
11:00:06	7.18	--	53	38054	卖盘
11:00:03	7.18	-0.01	1	718	卖盘
11:00:00	7.19	--	1	719	买盘
10:59:54	7.19	0.01	2	1438	买盘
10:59:48	7.18	--	63	45234	卖盘
10:59:45	7.18	-0.01	219	157242	卖盘
10:59:36	7.19	0.01	1	719	买盘
10:59:21	7.18	-0.01	16	11488	卖盘
10:59:18	7.19	--	120	86280	买盘
10:59:15	7.19	--	20	14380	买盘
10:59:12	7.19	0.01	1	719	买盘
10:59:09	7.18	--	10	7180	卖盘
10:59:00	7.18	-0.01	75	53850	卖盘
10:58:57	7.19	0.01	163	117197	买盘
10:58:54	7.18	-0.01	60	43080	卖盘
10:58:51	7.19	0.01	1	719	买盘
10:58:48	7.18	--	20	14360	卖盘
10:58:45	7.18	--	1	718	卖盘
10:58:39	7.18	-0.01	39	28002	卖盘
10:58:36	7.19	0.01	10	7190	买盘
10:58:33	7.18	--	10	7180	卖盘
10:58:30	7.18	-0.01	63	45234	卖盘
10:58:27	7.19	--	1	719	买盘
10:58:24	7.19	0.01	51	36669	买盘
10:58:15	7.18	-0.01	88	63184	卖盘
10:58:09	7.19	--	51	36669	买盘
10:58:06	7.19	--	1	719	买盘
10:58:03	7.19	0.01	2	1438	买盘
10:58:00	7.18	-0.01	28	20104	卖盘
10:57:57	7.19	--	1	719	买盘
10:57:48	7.19	0.01	30	21570	买盘
10:57:45	7.18	-0.01	55	39490	卖盘
10:57:39	7.19	--	6	4314	买盘
10:57:36	7.19	--	1	719	买盘
10:57:15	7.19	--	1	719	买盘
10:57:12	7.19	0.01	1	719	买盘
10:57:00	7.18	--	50	35900	卖盘
10:56:54	7.18	-0.01	53	38054	卖盘
10:56:51	7.19	0.01	1	719	买盘
10:56:48	7.18	--	6	4308	卖盘
10:56:45	7.18	--	56	40208	卖盘
10:56:27	7.18	-0.01	144	103392	卖盘
10:56:24	7.19	--	1	719	买盘
10:56:21	7.19	0.01	9	6471	买盘
10:56:18	7.18	--	10	7180	卖盘
10:56:12	7.18	--	614	440852	卖盘
10:56:09	7.18	--	43	30874	卖盘
10:56:06	7.18	-0.01	62	44516	卖盘
10:56:03	7.19	--	1	719	买盘
10:56:00	7.19	--	1	719	买盘
10:55:54	7.19	0.01	110	79090	买盘
10:55:51	7.18	-0.01	48	34464	卖盘
10:55:45	7.19	--	134	96346	买盘
10:55:39	7.19	--	31	22289	买盘
10:55:36	7.19	--	1	719	买盘
10:55:33	7.19	0.01	200	143800	买盘
10:55:30	7.18	-0.01	2	1436	卖盘
10:55:24	7.19	--	6	4314	买盘
10:55:21	7.19	--	7	5033	买盘
10:55:15	7.19	0.01	1	719	买盘
10:55:12	7.18	-0.01	53	38054	卖盘
10:55:09	7.19	--	22	15818	买盘
10:54:57	7.19	--	13	9347	买盘
10:54:51	7.19	--	19	13661	卖盘
10:54:48	7.19	--	71	51049	卖盘
10:54:45	7.19	--	45	32355	卖盘
10:54:30	7.19	--	211	151709	买盘
10:54:27	7.19	--	6	4314	买盘
10:54:24	7.19	--	68	48892	买盘
10:54:21	7.19	--	1	719	买盘
10:54:15	7.19	--	7	5033	买盘
10:54:09	7.19	--	5	3595	买盘
10:54:06	7.19	--	2	1438	买盘
10:54:03	7.19	--	6	4314	买盘
10:53:51	7.19	--	7	5033	买盘
10:53:48	7.19	--	20	14380	买盘
10:53:39	7.19	--	1	719	买盘
10:53:36	7.19	--	1	719	买盘
10:53:33	7.19	--	96	69024	买盘
10:53:30	7.19	--	95	68305	买盘
10:53:24	7.19	--	67	48173	买盘
10:53:21	7.19	--	1	719	买盘
10:53:12	7.19	0.01	140	100660	买盘
10:53:06	7.18	-0.01	10	7180	卖盘
10:53:03	7.19	0.01	12	8628	买盘
10:53:00	7.18	-0.01	4	2872	卖盘
10:52:57	7.19	--	91	65429	买盘
10:52:54	7.19	--	39	28041	买盘
10:52:51	7.19	--	15	10785	买盘
10:52:48	7.19	0.01	1	719	买盘
10:52:45	7.18	-0.01	20	14360	卖盘
10:52:33	7.19	--	5	3595	买盘
10:52:30	7.19	0.01	15	10785	买盘
10:52:27	7.18	--	50	35900	卖盘
10:52:18	7.18	--	10	7180	卖盘
10:52:12	7.18	-0.01	10	7180	卖盘
10:52:06	7.19	0.01	1	719	买盘
10:52:03	7.18	-0.01	6	4308	卖盘
10:51:54	7.19	--	36	25884	买盘
10:51:48	7.19	0.01	100	71900	买盘
10:51:45	7.18	--	6	4308	卖盘
10:51:42	7.18	-0.01	10	7180	卖盘
10:51:36	7.19	0.01	1	719	买盘
10:51:30	7.18	--	60	43080	卖盘
10:51:24	7.18	--	60	43080	卖盘
10:51:21	7.18	-0.01	45	32310	卖盘
10:51:12	7.19	--	1	719	买盘
10:51:03	7.19	--	1	719	买盘
10:50:54	7.19	--	1	719	买盘
10:50:51	7.19	0.01	21	15099	买盘
10:50:48	7.18	--	49	35182	卖盘
10:50:45	7.18	-0.01	5	3590	卖盘
10:50:36	7.19	--	30	21570	买盘
10:50:30	7.19	--	76	54644	买盘
10:50:27	7.19	--	95	68305	买盘
10:50:15	7.19	--	10	7190	买盘
10:50:12	7.19	--	50	35950	买盘
10:50:06	7.19	0.01	1	719	买盘
10:50:03	7.18	-0.01	70	50260	卖盘
10:49:54	7.19	--	9	6471	买盘
10:49:45	7.19	0.01	1	719	买盘
10:49:39	7.18	--	69	49542	卖盘
10:49:36	7.18	-0.01	18	12924	卖盘
10:49:30	7.19	--	5	3595	买盘
10:49:24	7.19	0.01	4	2876	买盘
10:49:21	7.18	-0.01	40	28720	卖盘
10:49:18	7.19	0.01	447	321393	买盘
10:49:15	7.18	--	20	14360	卖盘
10:48:57	7.18	-0.01	100	71800	卖盘
10:48:54	7.19	0.01	173	124387	买盘
10:48:51	7.18	--	63	45234	卖盘
10:48:48	7.18	-0.01	193	138574	卖盘
10:48:45	7.19	0.01	181	130139	买盘
10:48:42	7.18	-0.01	5	3590	卖盘
10:48:36	7.19	0.01	139	99941	买盘
10:48:30	7.18	-0.01	6	4308	卖盘
10:48:12	7.19	0.01	37	26603	买盘
10:48:09	7.18	--	44	31592	卖盘
10:48:06	7.18	-0.01	6	4308	卖盘
10:48:03	7.19	--	2	1438	买盘
10:48:00	7.19	0.01	1	719	买盘
10:47:54	7.18	-0.01	61	43798	卖盘
10:47:45	7.19	0.01	1	719	买盘
10:47:39	7.18	--	4	2872	卖盘
10:47:30	7.18	-0.01	101	72518	卖盘
10:47:18	7.19	--	1	719	买盘
10:47:15	7.19	0.01	20	14380	买盘
10:47:03	7.18	-0.01	61	43798	卖盘
10:46:54	7.19	--	1	719	买盘
10:46:48	7.19	0.01	279	200601	买盘
10:46:39	7.18	-0.01	4	2872	卖盘
10:46:36	7.19	--	12	8628	买盘
10:46:33	7.19	--	1	719	买盘
10:46:24	7.19	0.01	20	14380	买盘
10:46:21	7.18	-0.01	20	14360	卖盘
10:46:18	7.19	0.01	20	14380	买盘
10:46:12	7.18	-0.01	61	43798	卖盘
10:46:09	7.19	--	27	19413	买盘
10:46:06	7.19	--	288	207072	买盘
10:45:57	7.19	0.01	2	1438	买盘
10:45:51	7.18	-0.01	21	15078	卖盘
10:45:45	7.19	--	1	719	买盘
10:45:33	7.19	0.01	20	14380	买盘
10:45:24	7.18	--	187	134266	卖盘
10:45:21	7.18	-0.01	61	43798	卖盘
10:45:18	7.19	--	10	7190	买盘
10:45:09	7.19	--	39	28041	买盘
10:45:06	7.19	--	9	6471	买盘
10:45:03	7.19	--	1	719	买盘
10:45:00	7.19	--	1	719	买盘
10:44:57	7.19	--	30	21570	买盘
10:44:51	7.19	0.01	10	7190	买盘
10:44:42	7.18	-0.01	104	74672	卖盘
10:44:36	7.19	0.01	4	2876	买盘
10:44:27	7.18	-0.01	16	11488	卖盘
10:44:18	7.19	0.01	8	5752	买盘
10:44:12	7.18	-0.01	3	2154	卖盘
10:44:09	7.19	0.01	1	719	买盘
10:44:03	7.18	--	116	83288	卖盘
10:43:51	7.18	--	3	2154	卖盘
10:43:48	7.18	-0.01	7	5026	卖盘
10:43:45	7.19	0.01	1	719	买盘
10:43:30	7.18	-0.01	50	35900	卖盘
10:43:24	7.19	0.01	12	8628	买盘
10:43:15	7.18	-0.01	1	718	卖盘
10:43:03	7.19	--	30	21570	买盘
10:43:00	7.19	0.01	1	719	买盘
10:42:54	7.18	--	10	7180	卖盘
10:42:51	7.18	--	20	14360	卖盘
10:42:48	7.18	--	5	3590	卖盘
10:42:42	7.18	--	47	33746	买盘
10:42:39	7.18	--	35	25130	买盘
10:42:33	7.18	--	121	86878	买盘
10:42:30	7.18	--	75	53850	买盘
10:42:24	7.18	--	91	65338	买盘
10:42:21	7.18	--	168	120624	买盘
10:42:18	7.18	--	57	40926	买盘
10:42:15	7.18	--	15	10770	买盘
10:42:12	7.18	--	100	71800	买盘
10:42:09	7.18	0.01	1	718	买盘
10:42:06	7.17	-0.01	4	2868	卖盘
10:42:03	7.18	--	1010	725180	买盘
10:42:00	7.18	--	5	3590	买盘
10:41:54	7.18	--	1	718	买盘
10:41:51	7.18	--	5	3590	买盘
10:41:48	7.18	--	11	7898	买盘
10:41:45	7.18	--	1	718	买盘
10:41:39	7.18	0.01	90	64620	买盘
10:41:36	7.17	-0.01	32	22944	卖盘
10:41:33	7.18	--	10	7180	买盘
10:41:24	7.18	0.01	111	79698	买盘
10:41:18	7.17	-0.01	223	159891	卖盘
10:41:09	7.18	--	105	75390	买盘
10:41:06	7.18	--	7	5026	买盘
10:41:03	7.18	0.01	10	7180	买盘
10:41:00	7.17	-0.01	36	25812	卖盘
10:40:57	7.18	--	4	2872	买盘
10:40:51	7.18	--	2	1436	买盘
10:40:48	7.18	--	20	14360	买盘
10:40:36	7.18	--	30	21540	买盘
10:40:33	7.18	0.01	1	718	买盘
10:40:30	7.17	--	54	38718	卖盘
10:40:27	7.17	--	61	43737	卖盘
10:40:21	7.17	-0.01	299	214383	卖盘
10:40:18	7.18	0.01	6	4308	买盘
10:40:12	7.17	-0.01	6	4302	卖盘
10:40:09	7.18	0.01	6	4308	买盘
10:40:03	7.17	-0.01	39	27963	卖盘
10:39:57	7.18	0.01	2	1436	买盘
10:39:54	7.17	-0.01	54	38718	卖盘
10:39:48	7.18	0.01	4	2872	买盘
10:39:42	7.17	-0.01	61	43737	卖盘
10:39:39	7.18	0.01	28	20104	买盘
10:39:36	7.17	--	57	40869	卖盘
10:39:33	7.17	-0.01	9	6453	卖盘
10:39:24	7.18	--	71	50978	买盘
10:39:21	7.18	0.01	82	58876	买盘
10:39:18	7.17	--	10	7170	卖盘
10:39:15	7.17	--	6	4302	卖盘
10:39:12	7.17	-0.01	15	10755	卖盘
10:39:09	7.18	0.01	12	8616	买盘
10:39:06	7.17	--	49	35133	卖盘
10:39:03	7.17	-0.01	30	21510	卖盘
10:39:00	7.18	0.01	131	94058	买盘
10:38:57	7.17	--	30	21510	卖盘
10:38:54	7.17	--	41	29397	卖盘
10:38:51	7.17	--	45	32265	卖盘
10:38:42	7.17	--	2	1434	卖盘
10:38:39	7.17	-0.01	1	717	卖盘
10:38:33	7.18	0.01	15	10770	买盘
10:38:30	7.17	--	100	71700	卖盘
10:38:27	7.17	--	25	17925	卖盘
10:38:24	7.17	-0.01	5	3585	卖盘
10:38:21	7.18	0.01	15	10770	买盘
10:38:18	7.17	-0.01	72	51624	卖盘
10:38:15	7.18	0.01	182	130676	买盘
10:38:12	7.17	-0.01	730	523410	卖盘
10:38:09	7.18	0.01	61	43798	买盘
10:38:06	7.17	-0.01	127	91059	卖盘
10:38:03	7.18	--	10	7180	买盘
10:38:00	7.18	0.01	134	96212	买盘
10:37:57	7.17	-0.01	5	3585	卖盘
10:37:54	7.18	--	55	39490	买盘
10:37:48	7.18	0.01	1	718	买盘
10:37:45	7.17	--	15	10755	卖盘
10:37:42	7.17	-0.01	64	45888	卖盘
10:37:36	7.18	--	23	16514	买盘
10:37:33	7.18	0.01	21	15078	买盘
10:37:30	7.17	--	17	12189	卖盘
10:37:27	7.17	-0.01	82	58794	卖盘
10:37:24	7.18	--	28	20104	买盘
10:37:18	7.18	--	30	21540	买盘
10:37:15	7.18	--	1	718	买盘
10:37:12	7.18	--	5	3590	买盘
10:37:03	7.18	--	58	41644	买盘
10:37:00	7.18	0.01	100	71800	卖盘
10:36:57	7.17	-0.01	16	11472	卖盘
10:36:54	7.18	0.01	19	13642	买盘
10:36:51	7.17	-0.01	100	71700	卖盘
10:36:48	7.18	0.01	11	7898	买盘
10:36:39	7.17	--	2	1434	卖盘
10:36:36	7.17	-0.01	80	57360	卖盘
10:36:33	7.18	--	7	5026	买盘
10:36:30	7.18	--	6	4308	卖盘
10:36:27	7.18	--	104	74672	买盘
10:36:24	7.18	--	1	718	买盘
10:36:18	7.18	--	20	14360	买盘
10:36:15	7.18	--	102	73236	买盘
10:36:12	7.18	--	25	17950	买盘
10:36:09	7.18	--	1	718	买盘
10:36:06	7.18	--	23	16514	卖盘
10:36:00	7.18	--	46	33028	卖盘
10:35:54	7.18	-0.01	20	14360	卖盘
10:35:51	7.19	0.01	2	1438	买盘
10:35:48	7.18	--	1	718	卖盘
10:35:45	7.18	-0.01	56	40208	卖盘
10:35:42	7.19	--	21	15099	买盘
10:35:39	7.19	0.01	1	719	买盘
10:35:36	7.18	--	110	78980	卖盘
10:35:33	7.18	--	65	46670	卖盘
10:35:30	7.18	--	160	114880	卖盘
10:35:27	7.18	--	13	9334	卖盘
10:35:21	7.18	--	40	28720	卖盘
10:35:18	7.18	--	30	21540	卖盘
10:35:15	7.18	-0.01	110	78980	卖盘
10:35:03	7.19	--	26	18694	买盘
10:34:51	7.19	--	1	719	买盘
10:34:24	7.19	0.01	1	719	买盘
10:34:21	7.18	--	300	215400	卖盘
10:34:18	7.18	-0.01	10	7180	卖盘
10:34:06	7.19	--	8	5752	买盘
10:34:00	7.19	0.01	1	719	买盘
10:33:57	7.18	--	80	57440	卖盘
10:33:51	7.18	--	105	75390	卖盘
10:33:48	7.18	--	2	1436	卖盘
10:33:45	7.18	-0.01	16	11488	卖盘
10:33:39	7.19	0.01	6	4314	买盘
10:33:30	7.18	--	4	2872	卖盘
10:33:21	7.18	--	5	3590	卖盘
10:33:18	7.18	-0.01	25	17950	卖盘
10:33:15	7.19	--	4	2876	买盘
10:33:06	7.19	--	1	719	买盘
10:33:03	7.19	0.01	22	15818	买盘
10:33:00	7.18	-0.01	10	7180	卖盘
10:32:54	7.19	0.01	15	10785	买盘
10:32:51	7.18	-0.01	37	26566	卖盘
10:32:48	7.19	0.01	2	1438	买盘
10:32:39	7.18	--	2	1436	卖盘
10:32:36	7.18	-0.01	8	5744	卖盘
10:32:24	7.19	--	1	719	买盘
10:32:18	7.19	0.01	200	143800	买盘
10:32:15	7.18	--	20	14360	卖盘
10:32:06	7.18	-0.01	5	3590	卖盘
10:32:03	7.19	--	181	130139	买盘
10:31:54	7.19	0.01	20	14380	买盘
10:31:48	7.18	--	1780	1278040	卖盘
10:31:45	7.18	-0.01	1	718	卖盘
10:31:39	7.19	0.01	701	504019	买盘
10:31:33	7.18	-0.01	12	8616	卖盘
10:31:18	7.19	--	5	3595	买盘
10:31:15	7.19	0.01	1	719	买盘
10:31:09	7.18	-0.01	74	53132	卖盘
10:31:06	7.19	--	1	719	买盘
10:31:03	7.19	0.01	1	719	买盘
10:30:57	7.18	-0.01	75	53850	卖盘
10:30:54	7.19	0.01	1	719	买盘
10:30:51	7.18	--	16	11488	卖盘
10:30:45	7.18	--	129	92622	卖盘
10:30:39	7.18	--	60	43080	卖盘
10:30:36	7.18	-0.01	41	29438	卖盘
10:30:33	7.19	0.01	151	108569	买盘
10:30:30	7.18	--	11	7898	卖盘
10:30:24	7.18	--	5	3590	卖盘
10:30:21	7.18	--	60	43080	卖盘
10:30:18	7.18	--	15	10770	卖盘
10:30:12	7.18	--	24	17232	卖盘
10:30:09	7.18	--	240	172320	卖盘
10:30:03	7.18	--	42	30156	卖盘
10:29:57	7.18	-0.01	3	2154	卖盘
10:29:54	7.19	--	13	9347	买盘
10:29:42	7.19	--	1	719	买盘
10:29:39	7.19	0.01	11	7909	买盘
10:29:36	7.18	-0.01	2	1436	卖盘
10:29:33	7.19	--	23	16537	买盘
10:29:30	7.19	--	12	8628	买盘
10:29:24	7.19	--	1	719	买盘
10:29:18	7.19	0.01	1	719	买盘
10:29:15	7.18	-0.01	3	2154	卖盘
10:29:12	7.19	0.01	52	37388	买盘
10:29:09	7.18	-0.01	40	28720	卖盘
10:28:57	7.19	0.01	1	719	买盘
10:28:48	7.18	--	267	191706	卖盘
10:28:45	7.18	-0.01	22	15796	卖盘
10:28:33	7.19	0.01	1	719	买盘
10:28:30	7.18	-0.01	20	14360	卖盘
10:28:27	7.19	--	1	719	买盘
10:28:21	7.19	--	5	3595	买盘
10:28:15	7.19	0.01	1	719	买盘
10:28:12	7.18	-0.01	1	718	卖盘
10:28:09	7.19	--	2	1438	买盘
10:28:06	7.19	--	1	719	买盘
10:27:54	7.19	0.01	5	3595	买盘
10:27:48	7.18	-0.01	50	35900	卖盘
10:27:42	7.19	0.01	1	719	买盘
10:27:30	7.18	-0.01	20	14360	卖盘
10:27:27	7.19	--	22	15818	买盘
10:27:24	7.19	--	2	1438	买盘
10:27:21	7.19	--	1	719	买盘
10:27:18	7.19	0.01	1	719	买盘
10:27:12	7.18	-0.01	50	35900	卖盘
10:27:09	7.19	--	2	1438	买盘
10:27:03	7.19	--	4	2876	买盘
10:26:57	7.19	--	1	719	买盘
10:26:54	7.19	0.01	13	9347	买盘
10:26:48	7.18	--	1	718	卖盘
10:26:36	7.18	-0.01	412	295816	卖盘
10:26:33	7.19	0.01	36	25884	买盘
10:26:30	7.18	-0.01	11	7898	卖盘
10:26:27	7.19	0.01	46	33074	买盘
10:26:15	7.18	--	26	18668	卖盘
10:26:12	7.18	-0.01	132	94776	卖盘
10:26:09	7.19	0.01	1	719	买盘
10:26:03	7.18	-0.01	18	12924	卖盘
10:25:54	7.19	--	12	8628	买盘
10:25:51	7.19	--	5	3595	买盘
10:25:48	7.19	0.01	1	719	买盘
10:25:45	7.18	-0.01	14	10052	卖盘
10:25:42	7.19	0.01	1	719	买盘
10:25:39	7.18	-0.01	392	281456	卖盘
10:25:36	7.19	--	21	15099	买盘
10:25:27	7.19	0.01	13	9347	买盘
10:25:24	7.18	--	14	10052	卖盘
10:25:18	7.18	--	107	76826	卖盘
10:25:15	7.18	--	53	38054	卖盘
10:25:12	7.18	-0.01	9	6462	卖盘
10:25:06	7.19	--	124	89156	买盘
10:25:00	7.19	--	51	36669	买盘
10:24:57	7.19	0.01	30	21570	买盘
10:24:54	7.18	--	174	124932	卖盘
10:24:51	7.18	--	62	44516	卖盘
10:24:48	7.18	--	1	718	卖盘
10:24:45	7.18	-0.01	70	50260	卖盘
10:24:42	7.19	0.01	10	7190	买盘
10:24:36	7.18	-0.01	17	12206	卖盘
10:24:33	7.19	0.01	1	719	买盘
10:24:30	7.18	-0.01	56	40208	卖盘
10:24:27	7.19	--	1	719	买盘
10:24:24	7.19	--	210	150990	买盘
10:24:21	7.19	0.01	1	719	买盘
10:24:12	7.18	-0.01	100	71800	卖盘
10:24:09	7.19	--	1	719	买盘
10:24:06	7.19	0.01	111	79809	买盘
10:24:03	7.18	--	2	1436	卖盘
10:23:51	7.18	-0.01	32	22976	卖盘
10:23:48	7.19	0.01	38	27322	买盘
10:23:39	7.18	--	318	228324	卖盘
10:23:36	7.18	--	310	222580	卖盘
10:23:30	7.18	--	3	2154	卖盘
10:23:24	7.18	--	12	8616	卖盘
10:23:21	7.18	-0.01	10	7180	卖盘
10:23:18	7.19	--	1	719	买盘
10:23:15	7.19	--	43	30917	买盘
10:23:12	7.19	--	44	31636	买盘
10:23:03	7.19	0.01	38	27322	买盘
10:23:00	7.18	-0.01	18	12924	卖盘
10:22:57	7.19	--	14	10066	买盘
10:22:54	7.19	--	5	3595	买盘
10:22:51	7.19	--	27	19413	买盘
10:22:48	7.19	0.01	16	11504	买盘
10:22:45	7.18	--	59	42362	卖盘
10:22:42	7.18	-0.01	11	7898	卖盘
10:22:30	7.19	0.01	1	719	买盘
10:22:27	7.18	--	25	17950	卖盘
10:22:18	7.18	-0.01	10	7180	卖盘
10:22:15	7.19	--	1	719	买盘
10:22:06	7.19	0.01	1	719	买盘
10:22:00	7.18	-0.01	14	10052	卖盘
10:21:57	7.19	0.01	10	7190	买盘
10:21:54	7.18	-0.01	10	7180	卖盘
10:21:51	7.19	0.01	150	107850	买盘
10:21:45	7.18	--	18	12924	卖盘
10:21:42	7.18	-0.01	4	2872	卖盘
10:21:39	7.19	--	1	719	买盘
10:21:27	7.19	--	10	7190	买盘
10:21:24	7.19	0.01	63	45297	买盘
10:21:21	7.18	--	20	14360	卖盘
10:21:18	7.18	--	233	167294	卖盘
10:21:15	7.18	--	10	7180	卖盘
10:21:09	7.18	--	30	21540	卖盘
10:21:06	7.18	-0.01	44	31592	卖盘
10:21:00	7.19	0.01	44	31636	买盘
10:20:57	7.18	--	50	35900	卖盘
10:20:51	7.18	-0.01	10	7180	卖盘
10:20:42	7.19	0.01	49	35231	买盘
10:20:39	7.18	-0.01	119	85442	卖盘
10:20:36	7.19	0.01	20	14380	买盘
10:20:30	7.18	--	77	55286	卖盘
10:20:27	7.18	-0.01	40	28720	卖盘
10:20:21	7.19	0.01	1	719	买盘
10:20:15	7.18	-0.01	5	3590	卖盘
10:20:09	7.19	--	1	719	买盘
10:20:03	7.19	0.01	6	4314	买盘
10:19:54	7.18	-0.01	25	17950	卖盘
10:19:51	7.19	--	1	719	买盘
10:19:48	7.19	0.01	32	23008	买盘
10:19:45	7.18	-0.01	77	55286	卖盘
10:19:36	7.19	--	43	30917	买盘
10:19:24	7.19	0.01	43	30917	买盘
10:19:21	7.18	-0.01	30	21540	卖盘
10:19:18	7.19	--	21	15099	买盘
10:19:15	7.19	0.01	51	36669	买盘
10:19:12	7.18	-0.01	20	14360	卖盘
10:19:06	7.19	--	1	719	买盘
10:19:03	7.19	0.01	83	59677	买盘
10:18:57	7.18	-0.01	91	65338	卖盘
10:18:48	7.19	0.01	271	194849	买盘
10:18:33	7.18	--	90	64620	卖盘
10:18:30	7.18	--	65	46670	卖盘
10:18:15	7.18	--	20	14360	卖盘
10:18:12	7.18	-0.01	192	137856	卖盘
10:18:03	7.19	--	18	12942	买盘
10:17:48	7.19	0.01	1	719	买盘
10:17:42	7.18	--	20	14360	卖盘
10:17:30	7.18	-0.01	6	4308	卖盘
10:17:27	7.19	--	68	48892	买盘
10:17:21	7.19	--	10	7190	买盘
10:17:15	7.19	--	50	35950	买盘
10:16:57	7.19	0.01	5	3595	买盘
10:16:45	7.18	--	275	197450	卖盘
10:16:42	7.18	--	504	361872	卖盘
10:16:39	7.18	--	38	27284	卖盘
10:16:36	7.18	--	80	57440	卖盘
10:16:33	7.18	--	239	171602	卖盘
10:16:30	7.18	--	30	21540	卖盘
10:16:21	7.18	--	27	19386	卖盘
10:16:15	7.18	-0.01	43	30874	卖盘
10:16:09	7.19	--	1	719	买盘
10:16:06	7.19	0.01	23	16537	买盘
10:15:51	7.18	--	9	6462	卖盘
10:15:48	7.18	--	10	7180	卖盘
10:15:45	7.18	--	14	10052	卖盘
10:15:36	7.18	--	15	10770	卖盘
10:15:33	7.18	-0.01	3	2154	卖盘
10:15:27	7.19	--	5	3595	买盘
10:15:18	7.19	--	9	6471	买盘
10:15:15	7.19	--	80	57520	买盘
10:15:03	7.19	--	1	719	买盘
10:15:00	7.19	--	2	1438	买盘
10:14:54	7.19	--	20	14380	买盘
10:14:51	7.19	0.01	199	143081	买盘
10:14:48	7.18	-0.01	100	71800	卖盘
10:14:39	7.19	0.01	1	719	买盘
10:14:36	7.18	--	63	45234	卖盘
10:14:27	7.18	--	837	600966	卖盘
10:14:15	7.18	-0.01	1	718	卖盘
10:14:03	7.19	0.01	43	30917	买盘
10:13:57	7.18	-0.01	12	8616	卖盘
10:13:54	7.19	0.01	20	14380	买盘
10:13:51	7.18	-0.01	5	3590	卖盘
10:13:48	7.19	--	1	719	买盘
10:13:45	7.19	--	72	51768	买盘
10:13:42	7.19	--	2	1438	买盘
10:13:39	7.19	--	43	30917	买盘
10:13:33	7.19	0.01	22	15818	买盘
10:13:30	7.18	-0.01	400	287200	卖盘
10:13:21	7.19	0.01	60	43140	买盘
10:13:18	7.18	-0.01	7	5026	卖盘
10:13:06	7.19	0.01	104	74776	买盘
10:13:03	7.18	--	74	53132	卖盘
10:13:00	7.18	-0.01	15	10770	卖盘
10:12:57	7.19	--	7	5033	买盘
10:12:51	7.19	0.01	10	7190	买盘
10:12:45	7.18	-0.01	21	15078	卖盘
10:12:42	7.19	0.01	55	39545	买盘
10:12:39	7.18	--	62	44516	卖盘
10:12:33	7.18	-0.01	1	718	卖盘
10:12:27	7.19	--	43	30917	买盘
10:12:24	7.19	--	6	4314	买盘
10:12:15	7.19	--	3	2157	买盘
10:12:09	7.19	--	10	7190	买盘
10:12:03	7.19	-0.01	208	149552	卖盘
10:11:57	7.2	--	37	26640	买盘
10:11:54	7.2	--	16	11520	买盘
10:11:42	7.2	--	10	7200	买盘
10:11:39	7.2	0.01	2	1440	买盘
10:11:36	7.19	--	70	50330	卖盘
10:11:33	7.19	--	72	51768	卖盘
10:11:21	7.19	--	43	30917	卖盘
10:11:18	7.19	--	106	76214	卖盘
10:11:06	7.19	--	211	151709	买盘
10:11:03	7.19	--	63	45297	买盘
10:11:00	7.19	--	47	33793	买盘
10:10:51	7.19	--	1	719	买盘
10:10:36	7.19	0.01	7	5033	买盘
10:10:27	7.18	--	56	40208	卖盘
10:10:21	7.18	-0.01	100	71800	卖盘
10:10:18	7.19	0.01	211	151709	买盘
10:10:09	7.18	--	10	7180	卖盘
10:10:06	7.18	-0.01	10	7180	卖盘
10:09:57	7.19	0.01	18	12942	买盘
10:09:54	7.18	--	70	50260	卖盘
10:09:51	7.18	--	30	21540	卖盘
10:09:48	7.18	--	50	35900	卖盘
10:09:39	7.18	--	5	3590	卖盘
10:09:36	7.18	--	5	3590	卖盘
10:09:33	7.18	--	48	34464	卖盘
10:09:30	7.18	--	36	25848	卖盘
10:09:27	7.18	-0.01	1	718	卖盘
10:09:24	7.19	0.01	10	7190	买盘
10:09:21	7.18	--	1602	1150853	卖盘
10:09:15	7.18	--	1	718	卖盘
10:09:12	7.18	-0.01	249	178782	卖盘
10:09:09	7.19	0.01	86	61834	买盘
10:09:03	7.18	--	3	2154	卖盘
10:09:00	7.18	-0.01	2	1436	卖盘
10:08:57	7.19	--	61	43859	买盘
10:08:42	7.19	0.01	1	719	买盘
10:08:39	7.18	--	20	14360	卖盘
10:08:33	7.18	-0.01	63	45234	卖盘
10:08:30	7.19	--	50	35950	买盘
10:08:27	7.19	0.01	20	14380	买盘
10:08:24	7.18	-0.01	45	32310	卖盘
10:08:15	7.19	0.01	10	7190	买盘
10:08:03	7.18	-0.01	8	5744	卖盘
10:07:48	7.19	--	27	19413	卖盘
10:07:42	7.19	--	112	80528	卖盘
10:07:33	7.19	--	35	25165	卖盘
10:07:30	7.19	--	60	43140	卖盘
10:07:27	7.19	--	200	143800	卖盘
10:07:24	7.19	--	25	17975	卖盘
10:07:21	7.19	-0.01	145	104255	卖盘
10:07:18	7.2	0.01	1	720	买盘
10:07:09	7.19	--	33	23727	卖盘
10:07:06	7.19	--	69	49611	卖盘
10:07:03	7.19	--	105	75495	卖盘
10:07:00	7.19	--	23	16537	卖盘
10:06:51	7.19	--	1	719	卖盘
10:06:48	7.19	-0.01	20	14380	卖盘
10:06:45	7.2	--	16	11520	买盘
10:06:36	7.2	0.01	7	5040	买盘
10:06:30	7.19	--	5	3595	卖盘
10:06:27	7.19	--	9	6471	卖盘
10:06:24	7.19	-0.01	20	14380	卖盘
10:06:18	7.2	0.01	1	720	买盘
10:06:15	7.19	--	44	31636	卖盘
10:06:12	7.19	--	1	719	卖盘
10:05:51	7.19	--	20	14380	卖盘
10:05:45	7.19	--	2	1438	卖盘
10:05:42	7.19	--	15	10785	卖盘
10:05:27	7.19	--	86	61834	卖盘
10:05:24	7.19	--	10	7190	卖盘
10:05:21	7.19	-0.01	5	3595	卖盘
10:05:18	7.2	0.01	30	21600	买盘
10:05:15	7.19	--	7	5033	买盘
10:05:06	7.19	-0.01	5	3595	中性盘
10:05:03	7.2	--	4	2880	买盘
10:05:00	7.2	0.02	3	2160	买盘
10:04:54	7.18	-0.01	95	68210	卖盘
10:04:48	7.19	--	35	25165	卖盘
10:04:45	7.19	--	30	21570	卖盘
10:04:42	7.19	--	269	193411	买盘
10:04:27	7.19	--	32	23008	买盘
10:04:24	7.19	--	22	15818	买盘
10:04:21	7.19	0.01	42	30198	买盘
10:04:15	7.18	-0.01	55	39490	卖盘
10:04:09	7.19	--	30	21570	买盘
10:04:06	7.19	0.01	290	208510	买盘
10:04:03	7.18	--	5	3590	卖盘
10:04:00	7.18	-0.01	20	14360	卖盘
10:03:51	7.19	0.01	20	14380	买盘
10:03:45	7.18	-0.01	50	35900	卖盘
10:03:39	7.19	--	1	719	买盘
10:03:36	7.19	0.01	22	15818	买盘
10:03:33	7.18	--	325	233350	卖盘
10:03:27	7.18	--	28	20104	卖盘
10:03:24	7.18	--	95	68210	卖盘
10:03:21	7.18	-0.01	30	21540	卖盘
10:03:18	7.19	--	3	2157	买盘
10:03:12	7.19	0.01	5	3595	买盘
10:03:09	7.18	--	1	718	卖盘
10:02:54	7.18	-0.01	15	10770	卖盘
10:02:51	7.19	0.01	30	21570	买盘
10:02:48	7.18	-0.01	4	2872	卖盘
10:02:45	7.19	--	2	1438	买盘
10:02:42	7.19	--	5	3595	买盘
10:02:39	7.19	--	46	33074	买盘
10:02:36	7.19	--	16	11504	买盘
10:02:33	7.19	--	5	3595	买盘
10:02:27	7.19	--	30	21570	买盘
10:02:24	7.19	0.01	6	4314	买盘
10:02:21	7.18	-0.01	328	235504	卖盘
10:02:18	7.19	--	592	425648	买盘
10:02:09	7.19	--	25	17975	买盘
10:02:06	7.19	0.01	1	719	买盘
10:02:03	7.18	--	38	27284	卖盘
10:02:00	7.18	-0.01	1	718	卖盘
10:01:57	7.19	0.01	5	3595	买盘
10:01:54	7.18	-0.01	109	78262	卖盘
10:01:51	7.19	--	41	29479	买盘
10:01:48	7.19	0.01	10	7190	买盘
10:01:45	7.18	-0.01	79	56722	卖盘
10:01:36	7.19	0.01	55	39545	中性盘
10:01:27	7.18	-0.01	17	12206	卖盘
10:01:21	7.19	0.01	19	13661	买盘
10:01:06	7.18	-0.01	5	3590	卖盘
10:01:03	7.19	0.01	7	5033	买盘
10:00:57	7.18	--	9	6462	卖盘
10:00:54	7.18	--	16	11488	卖盘
10:00:51	7.18	-0.01	39	28002	卖盘
10:00:48	7.19	0.01	20	14380	买盘
10:00:45	7.18	--	30	21540	卖盘
10:00:39	7.18	-0.01	372	267096	卖盘
10:00:36	7.19	0.01	20	14380	中性盘
10:00:27	7.18	--	35	25130	卖盘
10:00:12	7.18	--	467	335894	买盘
10:00:09	7.18	0.01	189	135702	买盘
10:00:06	7.17	-0.01	17	12189	卖盘
10:00:03	7.18	--	22	15796	买盘
10:00:00	7.18	0.01	47	33746	买盘
09:59:57	7.17	-0.01	22	15774	卖盘
09:59:48	7.18	--	14	10052	买盘
09:59:45	7.18	-0.02	6420	4609689	卖盘
09:59:39	7.2	-0.01	1	720	卖盘
09:59:36	7.21	--	2	1442	买盘
09:59:21	7.21	--	332	239372	卖盘
09:59:18	7.21	--	12	8652	卖盘
09:59:12	7.21	--	30	21630	卖盘
09:59:09	7.21	--	102	73542	买盘
09:59:06	7.21	--	15	10815	买盘
09:59:03	7.21	--	1	721	买盘
09:58:57	7.21	--	30	21630	买盘
09:58:51	7.21	-0.01	23	16583	卖盘
09:58:48	7.22	0.02	13	9386	买盘
09:58:45	7.2	-0.01	37	26640	卖盘
09:58:39	7.21	--	87	62727	买盘
09:58:36	7.21	--	22	15862	卖盘
09:58:33	7.21	--	20	14420	买盘
09:58:27	7.21	--	755	544355	买盘
09:58:24	7.21	--	181	130501	卖盘
09:58:21	7.21	--	66	47586	卖盘
09:58:18	7.21	--	53	38213	卖盘
09:57:57	7.21	--	30	21630	卖盘
09:57:54	7.21	0.01	37	26677	买盘
09:57:51	7.2	-0.01	1	720	卖盘
09:57:45	7.21	0.01	66	47586	买盘
09:57:42	7.2	-0.02	38	27360	中性盘
09:57:36	7.22	0.02	297	214434	买盘
09:57:30	7.2	--	106	76320	买盘
09:57:27	7.2	--	341	245520	买盘
09:57:24	7.2	--	42	30240	买盘
09:57:21	7.2	--	62	44640	买盘
09:57:18	7.2	--	500	360000	买盘
09:57:15	7.2	--	55	39600	买盘
09:57:12	7.2	--	63	45360	买盘
09:57:09	7.2	--	95	68400	买盘
09:57:06	7.2	--	4	2880	买盘
09:57:03	7.2	--	142	102240	买盘
09:57:00	7.2	--	5	3600	买盘
09:56:57	7.2	--	48	34560	买盘
09:56:54	7.2	--	25	18000	买盘
09:56:51	7.2	-0.01	3456	2489011	卖盘
09:56:45	7.21	--	55	39655	卖盘
09:56:42	7.21	-0.01	149	107429	卖盘
09:56:39	7.22	--	278	200716	买盘
09:56:36	7.22	--	30	21660	买盘
09:56:30	7.22	0.01	43	31046	买盘
09:56:27	7.21	-0.01	37	26677	卖盘
09:56:24	7.22	--	50	36100	买盘
09:56:21	7.22	--	2	1444	买盘
09:56:12	7.22	--	46	33212	买盘
09:56:09	7.22	0.01	116	83752	买盘
09:56:03	7.21	-0.01	96	69216	卖盘
09:56:00	7.22	--	46	33212	买盘
09:55:57	7.22	--	41	29602	买盘
09:55:42	7.22	--	14	10108	买盘
09:55:39	7.22	--	333	240426	买盘
09:55:36	7.22	0.01	1	722	买盘
09:55:33	7.21	-0.01	40	28840	卖盘
09:55:27	7.22	0.01	25	18050	买盘
09:55:24	7.21	--	27	19467	卖盘
09:55:21	7.21	-0.01	5	3605	卖盘
09:55:15	7.22	--	6	4332	买盘
09:55:12	7.22	0.01	130	93860	买盘
09:55:09	7.21	-0.01	45	32445	卖盘
09:55:06	7.22	0.01	1	722	买盘
09:55:03	7.21	-0.01	1	721	卖盘
09:54:57	7.22	--	161	116242	买盘
09:54:54	7.22	--	100	72200	买盘
09:54:48	7.22	0.01	8	5776	买盘
09:54:45	7.21	-0.01	0	28	卖盘
09:54:42	7.22	0.01	26	18772	买盘
09:54:36	7.21	-0.01	20	14420	卖盘
09:54:30	7.22	--	49	35378	买盘
09:54:27	7.22	--	30	21660	买盘
09:54:21	7.22	--	5	3610	买盘
09:54:15	7.22	--	7	5054	买盘
09:54:12	7.22	--	35	25270	买盘
09:54:09	7.22	--	17	12274	买盘
09:54:03	7.22	--	5	3610	买盘
09:53:57	7.22	0.01	4	2888	买盘
09:53:54	7.21	-0.01	20	14420	卖盘
09:53:51	7.22	--	388	280136	买盘
09:53:48	7.22	--	7	5054	买盘
09:53:45	7.22	--	102	73644	买盘
09:53:39	7.22	--	50	36100	买盘
09:53:30	7.22	0.01	35	25270	买盘
09:53:27	7.21	-0.01	5	3605	卖盘
09:53:24	7.22	0.01	2	1444	买盘
09:53:18	7.21	-0.01	55	39655	卖盘
09:53:15	7.22	--	12	8664	买盘
09:53:12	7.22	--	2	1444	买盘
09:53:09	7.22	--	23	16606	买盘
09:53:06	7.22	--	9	6498	买盘
09:53:00	7.22	0.01	12	8664	买盘
09:52:57	7.21	--	10	7210	卖盘
09:52:54	7.21	--	7	5047	卖盘
09:52:51	7.21	--	287	206927	卖盘
09:52:45	7.21	--	20	14420	卖盘
09:52:42	7.21	-0.01	11	7931	卖盘
09:52:39	7.22	--	1	722	买盘
09:52:36	7.22	0.01	5	3610	买盘
09:52:27	7.21	--	5	3605	卖盘
09:52:21	7.21	--	9	6489	卖盘
09:52:18	7.21	--	12	8652	卖盘
09:52:15	7.21	--	2	1442	卖盘
09:52:12	7.21	0.01	469	338149	买盘
09:52:09	7.2	-0.01	7	5040	卖盘
09:52:06	7.21	0.01	14	10094	买盘
09:52:03	7.2	-0.01	43	30960	卖盘
09:52:00	7.21	--	139	100219	买盘
09:51:54	7.21	--	263	189623	买盘
09:51:51	7.21	0.01	19	13699	买盘
09:51:42	7.2	-0.01	11	7920	卖盘
09:51:39	7.21	--	47	33887	买盘
09:51:33	7.21	--	8	5768	买盘
09:51:30	7.21	0.01	203	146363	买盘
09:51:27	7.2	--	105	75600	卖盘
09:51:24	7.2	-0.01	15	10800	卖盘
09:51:21	7.21	0.01	29	20909	买盘
09:51:18	7.2	-0.01	8	5760	卖盘
09:51:15	7.21	--	5	3605	买盘
09:51:12	7.21	0.01	5	3605	买盘
09:51:06	7.2	-0.01	22	15840	卖盘
09:50:51	7.21	0.01	5	3605	买盘
09:50:48	7.2	--	1	720	卖盘
09:50:45	7.2	-0.01	102	73440	卖盘
09:50:42	7.21	--	9	6489	买盘
09:50:33	7.21	--	404	291284	买盘
09:50:30	7.21	0.01	6	4326	买盘
09:50:24	7.2	--	200	144000	卖盘
09:50:21	7.2	-0.01	50	36000	卖盘
09:50:18	7.21	--	50	36050	买盘
09:50:15	7.21	--	17	12257	买盘
09:50:12	7.21	--	50	36050	买盘
09:50:09	7.21	0.01	202	145642	买盘
09:50:06	7.2	-0.01	56	40320	卖盘
09:50:03	7.21	--	142	102382	买盘
09:50:00	7.21	--	40	28840	买盘
09:49:54	7.21	--	63	45423	买盘
09:49:51	7.21	--	34	24514	买盘
09:49:42	7.21	--	20	14420	买盘
09:49:39	7.21	--	100	72100	买盘
09:49:36	7.21	--	136	98056	买盘
09:49:18	7.21	--	2	1442	买盘
09:49:15	7.21	--	8	5768	买盘
09:49:12	7.21	0.01	8	5768	买盘
09:49:09	7.2	-0.01	111	79920	卖盘
09:49:03	7.21	0.01	112	80752	买盘
09:48:57	7.2	-0.01	39	28080	卖盘
09:48:54	7.21	--	144	103824	买盘
09:48:42	7.21	0.01	11	7931	买盘
09:48:39	7.2	--	22	15840	卖盘
09:48:36	7.2	-0.01	20	14400	卖盘
09:48:33	7.21	0.01	299	215579	买盘
09:48:30	7.2	-0.01	66	47520	卖盘
09:48:27	7.21	0.01	5	3605	买盘
09:48:24	7.2	--	21	15120	卖盘
09:48:15	7.2	-0.01	71	51120	卖盘
09:48:06	7.21	0.01	4	2884	买盘
09:48:03	7.2	-0.01	64	46080	卖盘
09:48:00	7.21	0.01	1	721	买盘
09:47:48	7.2	-0.01	2	1440	卖盘
09:47:45	7.21	0.01	20	14420	买盘
09:47:39	7.2	--	37	26640	卖盘
09:47:36	7.2	--	30	21600	卖盘
09:47:30	7.2	-0.01	100	72000	卖盘
09:47:21	7.21	--	10	7210	买盘
09:47:18	7.21	--	14	10094	买盘
09:47:15	7.21	0.01	105	75705	买盘
09:47:12	7.2	-0.01	80	57600	卖盘
09:47:09	7.21	--	29	20909	买盘
09:47:06	7.21	--	200	144200	买盘
09:47:03	7.21	0.01	9	6489	买盘
09:47:00	7.2	-0.01	87	62640	卖盘
09:46:57	7.21	--	13	9373	买盘
09:46:54	7.21	--	254	183134	买盘
09:46:51	7.21	--	22	15862	买盘
09:46:45	7.21	--	30	21630	买盘
09:46:39	7.21	--	20	14420	买盘
09:46:36	7.21	--	20	14420	买盘
09:46:33	7.21	--	25	18025	买盘
09:46:30	7.21	--	48	34608	买盘
09:46:27	7.21	--	4	2884	买盘
09:46:21	7.21	0.01	27	19467	买盘
09:46:15	7.2	-0.01	2	1440	卖盘
09:46:09	7.21	--	604	435484	买盘
09:46:03	7.21	--	1022	736862	买盘
09:45:54	7.21	--	16	11536	买盘
09:45:51	7.21	0.01	15	10815	买盘
09:45:48	7.2	--	32	23040	卖盘
09:45:42	7.2	-0.01	35	25200	卖盘
09:45:39	7.21	0.02	36	25956	买盘
09:45:36	7.19	-0.01	14	10066	卖盘
09:45:33	7.2	--	54	38880	买盘
09:45:30	7.2	--	24	17280	买盘
09:45:27	7.2	--	277	199440	卖盘
09:45:21	7.2	--	19	13680	卖盘
09:45:18	7.2	-0.01	166	119520	卖盘
09:45:15	7.21	0.01	2	1442	买盘
09:45:12	7.2	--	101	72720	卖盘
09:45:06	7.2	--	99	71280	卖盘
09:45:00	7.2	--	186	133920	买盘
09:44:57	7.2	0.01	275	198000	买盘
09:44:54	7.19	-0.01	23	16537	卖盘
09:44:51	7.2	0.01	14	10080	买盘
09:44:48	7.19	-0.01	14	10066	卖盘
09:44:45	7.2	0.01	120	86400	买盘
09:44:42	7.19	-0.01	3	2157	卖盘
09:44:39	7.2	--	30	21600	买盘
09:44:36	7.2	0.01	70	50400	买盘
09:44:33	7.19	-0.01	47	33793	卖盘
09:44:30	7.2	0.01	114	82080	买盘
09:44:21	7.19	--	20	14380	卖盘
09:44:18	7.19	-0.01	25	17975	卖盘
09:44:15	7.2	--	205	147600	买盘
09:44:09	7.2	--	30	21600	买盘
09:44:03	7.2	--	102	73440	买盘
09:44:00	7.2	--	5	3600	买盘
09:43:54	7.2	--	72	51840	买盘
09:43:51	7.2	--	10	7200	买盘
09:43:48	7.2	--	33	23760	买盘
09:43:42	7.2	0.01	37	26640	买盘
09:43:39	7.19	--	50	35950	卖盘
09:43:36	7.19	-0.01	13	9347	卖盘
09:43:33	7.2	0.01	132	95040	买盘
09:43:30	7.19	--	7	5033	卖盘
09:43:27	7.19	--	20	14380	卖盘
09:43:24	7.19	--	87	62553	卖盘
09:43:21	7.19	--	105	75495	卖盘
09:43:18	7.19	--	57	40983	卖盘
09:43:09	7.19	-0.01	200	143800	卖盘
09:43:06	7.2	0.01	1	720	买盘
09:43:03	7.19	--	54	38826	卖盘
09:42:48	7.19	-0.01	30	21570	卖盘
09:42:45	7.2	0.01	7	5040	买盘
09:42:36	7.19	--	83	59677	卖盘
09:42:30	7.19	--	285	205504	买盘
09:42:24	7.19	--	46	33074	买盘
09:42:21	7.19	0.01	80	57520	买盘
09:42:15	7.18	-0.01	8	5744	卖盘
09:42:12	7.19	0.01	22	15818	买盘
09:42:09	7.18	-0.01	28	20104	卖盘
09:42:03	7.19	--	38	27322	买盘
09:42:00	7.19	--	30	21570	买盘
09:41:57	7.19	--	3	2157	买盘
09:41:48	7.19	--	77	55363	买盘
09:41:45	7.19	--	30	21570	买盘
09:41:33	7.19	--	10	7190	买盘
09:41:24	7.19	--	120	86409	卖盘
09:41:21	7.19	-0.01	54	38826	卖盘
09:41:18	7.2	0.01	115	82800	买盘
09:41:15	7.19	-0.01	161	115759	卖盘
09:41:12	7.2	0.01	14	10080	买盘
09:41:06	7.19	-0.01	178	127982	卖盘
09:41:03	7.2	0.01	9	6480	买盘
09:41:00	7.19	--	70	50330	卖盘
09:40:57	7.19	-0.01	54	38826	卖盘
09:40:51	7.2	0.01	1	720	买盘
09:40:48	7.19	--	10	7190	卖盘
09:40:45	7.19	-0.01	13	9347	卖盘
09:40:39	7.2	0.01	14	10080	买盘
09:40:36	7.19	--	332	238708	卖盘
09:40:33	7.19	0.01	6	4903	中性盘
09:40:30	7.18	-0.01	80	57440	卖盘
09:40:27	7.19	--	90	64710	卖盘
09:40:24	7.19	--	20	14380	卖盘
09:40:21	7.19	--	18	12942	卖盘
09:40:15	7.19	--	86	61834	卖盘
09:40:12	7.19	--	60	43140	卖盘
09:40:06	7.19	-0.01	130	93470	卖盘
09:40:03	7.2	0.01	1	720	买盘
09:39:54	7.19	--	23	16537	卖盘
09:39:51	7.19	--	100	71900	卖盘
09:39:48	7.19	--	142	102098	卖盘
09:39:45	7.19	-0.01	50	35950	卖盘
09:39:36	7.2	0.01	13	9360	买盘
09:39:33	7.19	--	206	148114	卖盘
09:39:30	7.19	-0.01	19	13661	卖盘
09:39:24	7.2	0.01	51	36720	买盘
09:39:21	7.19	--	58	41702	卖盘
09:39:15	7.19	--	50	35950	卖盘
09:39:12	7.19	-0.01	52	37388	卖盘
09:39:09	7.2	0.01	14	10080	买盘
09:39:06	7.19	-0.01	11	7909	卖盘
09:39:00	7.2	--	87	62640	买盘
09:38:57	7.2	0.01	88	63360	买盘
09:38:54	7.19	-0.01	46	33074	卖盘
09:38:51	7.2	0.01	11	7920	买盘
09:38:45	7.19	--	140	100660	卖盘
09:38:42	7.19	-0.01	6	4314	卖盘
09:38:39	7.2	--	95	68400	买盘
09:38:30	7.2	0.01	93	66960	买盘
09:38:24	7.19	--	69	49611	卖盘
09:38:21	7.19	--	77	55363	卖盘
09:38:18	7.19	--	257	184783	卖盘
09:38:12	7.19	--	4	2876	卖盘
09:38:06	7.19	--	10	7190	卖盘
09:38:03	7.19	--	10	7190	卖盘
09:38:00	7.19	--	46	33706	买盘
09:37:57	7.19	--	100	71900	买盘
09:37:54	7.19	--	36	25884	买盘
09:37:51	7.19	--	104	74776	买盘
09:37:48	7.19	--	86	61834	买盘
09:37:45	7.19	0.01	20	14380	买盘
09:37:42	7.18	--	229	164422	卖盘
09:37:36	7.18	-0.01	81	58158	卖盘
09:37:33	7.19	--	60	43140	买盘
09:37:30	7.19	--	79	56801	买盘
09:37:27	7.19	--	27	19413	买盘
09:37:24	7.19	--	20	14380	买盘
09:37:21	7.19	--	15	10785	买盘
09:37:18	7.19	--	20	14380	买盘
09:37:15	7.19	--	1	719	买盘
09:37:12	7.19	--	155	111445	买盘
09:37:09	7.19	--	44	31636	买盘
09:37:06	7.19	0.01	31	22289	买盘
09:37:03	7.18	-0.01	6	4308	卖盘
09:37:00	7.19	--	210	150990	买盘
09:36:57	7.19	--	18	12942	买盘
09:36:54	7.19	--	25	17975	买盘
09:36:51	7.19	-0.01	124	89156	卖盘
09:36:48	7.2	0.01	80	57600	买盘
09:36:45	7.19	-0.01	2	1438	卖盘
09:36:39	7.2	0.01	50	36000	买盘
09:36:36	7.19	--	100	71900	卖盘
09:36:33	7.19	0.01	15	10785	中性盘
09:36:18	7.18	-0.01	40	28720	卖盘
09:36:15	7.19	0.01	34	24446	卖盘
09:36:12	7.18	--	107	76826	卖盘
09:36:09	7.18	-0.01	28	20104	卖盘
09:36:06	7.19	0.01	31	22289	买盘
09:36:03	7.18	--	227	162986	卖盘
09:36:00	7.18	-0.01	55	39490	卖盘
09:35:57	7.19	0.01	10	7190	买盘
09:35:54	7.18	--	25	17950	卖盘
09:35:48	7.18	--	16	11488	卖盘
09:35:33	7.18	--	19	13642	卖盘
09:35:24	7.18	--	18	12924	买盘
09:35:21	7.18	--	35	25130	买盘
09:35:18	7.18	0.01	110	78980	买盘
09:35:15	7.17	--	113	81021	卖盘
09:35:12	7.17	-0.01	102	73134	卖盘
09:35:09	7.18	--	448	321664	买盘
09:35:06	7.18	--	201	144318	买盘
09:35:03	7.18	--	12	8616	买盘
09:35:00	7.18	--	381	273558	买盘
09:34:57	7.18	--	62	44516	买盘
09:34:54	7.18	--	62	44516	买盘
09:34:51	7.18	--	60	43080	买盘
09:34:48	7.18	--	5	3590	买盘
09:34:45	7.18	--	45	32310	买盘
09:34:42	7.18	--	60	43080	买盘
09:34:39	7.18	--	50	35900	买盘
09:34:33	7.18	--	20	14360	买盘
09:34:30	7.18	--	342	245556	买盘
09:34:27	7.18	-0.01	777	557886	卖盘
09:34:24	7.19	--	7	5033	中性盘
09:34:18	7.19	0.01	15	10785	买盘
09:34:15	7.18	-0.01	1	718	卖盘
09:34:12	7.19	--	143	102817	买盘
09:34:09	7.19	0.01	20	14380	买盘
09:34:06	7.18	--	20	14360	卖盘
09:34:00	7.18	-0.01	120	86160	卖盘
09:33:57	7.19	0.01	205	147395	买盘
09:33:54	7.18	--	2	1436	卖盘
09:33:51	7.18	--	34	24412	卖盘
09:33:48	7.18	--	120	86160	卖盘
09:33:45	7.18	-0.01	66	47388	卖盘
09:33:42	7.19	0.01	21	15099	买盘
09:33:39	7.18	-0.01	90	64620	卖盘
09:33:36	7.19	0.01	10	7190	买盘
09:33:33	7.18	--	45	32310	卖盘
09:33:27	7.18	--	1	718	卖盘
09:33:24	7.18	-0.01	3	2154	中性盘
09:33:21	7.19	0.01	30	21570	买盘
09:33:18	7.18	--	213	152934	买盘
09:33:09	7.18	--	5	3590	买盘
09:33:06	7.18	--	99	71082	买盘
09:33:03	7.18	--	135	96930	卖盘
09:33:00	7.18	--	261	187398	买盘
09:32:57	7.18	--	151	108418	买盘
09:32:54	7.18	--	39	28002	买盘
09:32:51	7.18	0.01	53	38054	买盘
09:32:48	7.17	-0.02	52	37284	卖盘
09:32:42	7.19	--	215	154585	买盘
09:32:39	7.19	0.01	210	150990	买盘
09:32:36	7.18	--	462	331716	卖盘
09:32:33	7.18	--	29	20822	卖盘
09:32:30	7.18	-0.01	27	19386	卖盘
09:32:27	7.19	--	31	22289	买盘
09:32:21	7.19	--	65	46735	买盘
09:32:18	7.19	0.01	20	14380	买盘
09:32:15	7.18	-0.01	32	22976	卖盘
09:32:12	7.19	--	111	79809	卖盘
09:32:06	7.19	--	203	145957	卖盘
09:32:03	7.19	--	47	33793	卖盘
09:31:57	7.19	--	12	8628	卖盘
09:31:54	7.19	--	9	6471	卖盘
09:31:48	7.19	--	5	3595	卖盘
09:31:45	7.19	--	60	43140	卖盘
09:31:42	7.19	--	85	61115	卖盘
09:31:36	7.19	-0.01	96	69024	卖盘
09:31:27	7.2	--	10	7200	买盘
09:31:18	7.2	--	22	15840	买盘
09:31:12	7.2	--	8	5760	卖盘
09:31:09	7.2	-0.01	90	64800	卖盘
09:31:06	7.21	--	286	206206	买盘
09:31:03	7.21	0.01	27	19467	买盘
09:30:45	7.2	--	44	31680	卖盘
09:30:42	7.2	-0.01	2	1440	卖盘
09:30:39	7.21	--	10	7210	买盘
09:30:18	7.21	--	22	15862	买盘
09:30:12	7.21	--	45	32445	买盘
09:30:09	7.21	--	374	269654	买盘
09:30:06	7.21	--	551	397271	卖盘
09:30:03	7.21	--	0	0	卖盘
09:25:03	7.21	7.21	170	122570	买盘
