成交时间	成交价	价格变动	成交量(手)	成交额(元)	性质
15:00:03	64.92	--	213	1382796	卖盘
14:57:03	64.92	--	4	25968	卖盘
14:57:00	64.92	0.02	4	25968	买盘
14:56:57	64.9	-0.02	5	32450	卖盘
14:56:42	64.92	0.02	1	6492	买盘
14:56:39	64.9	--	2	12980	卖盘
14:56:30	64.9	-0.02	1	6490	卖盘
14:56:27	64.92	0.02	5	32460	买盘
14:56:12	64.9	--	34	220660	卖盘
14:56:09	64.9	-0.02	0	324	卖盘
14:55:57	64.92	--	45	292140	买盘
14:55:54	64.92	--	9	58428	买盘
14:55:33	64.92	-0.01	46	298632	卖盘
14:55:30	64.93	-0.01	3	19479	买盘
14:55:21	64.94	0.01	2	12988	买盘
14:55:18	64.93	--	8	51944	买盘
14:55:12	64.93	-0.01	1	6493	卖盘
14:55:00	64.94	0.01	2	12988	买盘
14:54:51	64.93	0.02	3	19479	中性盘
14:54:30	64.91	--	20	129820	卖盘
14:54:27	64.91	--	1	6491	卖盘
14:54:24	64.91	0.01	9	58419	中性盘
14:54:12	64.9	--	2	12980	卖盘
14:54:09	64.9	-0.03	20	129800	卖盘
14:54:03	64.93	0.03	13	84409	买盘
14:54:00	64.9	-0.02	30	194700	卖盘
14:53:54	64.92	--	6	38952	卖盘
14:53:48	64.92	0.01	3	19476	买盘
14:53:45	64.91	--	6	38946	卖盘
14:53:42	64.91	-0.01	3	19473	卖盘
14:53:36	64.92	-0.02	1	6492	中性盘
14:53:27	64.94	0.02	19	123386	买盘
14:53:18	64.92	--	6	38952	卖盘
14:53:12	64.92	0.01	9	58428	中性盘
14:53:09	64.91	-0.01	12	77892	卖盘
14:52:42	64.92	-0.03	3	19476	卖盘
14:52:36	64.95	0.03	10	64950	买盘
14:52:27	64.92	-0.03	5	32460	卖盘
14:52:24	64.95	--	11	71445	卖盘
14:52:21	64.95	--	1	6495	卖盘
14:52:18	64.95	--	15	97425	卖盘
14:52:15	64.95	--	5	32475	卖盘
14:52:09	64.95	0.04	3	19485	买盘
14:52:06	64.91	-0.04	2	12982	卖盘
14:51:51	64.95	--	12	77940	卖盘
14:51:39	64.95	-0.02	2	12990	卖盘
14:51:27	64.97	--	7	51651	卖盘
14:51:24	64.97	-0.01	10	64970	卖盘
14:51:21	64.98	0.01	2	12996	买盘
14:51:15	64.97	-0.01	1	6497	卖盘
14:51:12	64.98	0.01	4	26316	买盘
14:51:09	64.97	--	2	19166	卖盘
14:51:00	64.97	--	2	12994	卖盘
14:50:48	64.97	-0.01	6	38982	卖盘
14:50:24	64.98	--	1	6498	买盘
14:50:21	64.98	0.01	5	32490	买盘
14:50:18	64.97	--	29	188413	卖盘
14:50:15	64.97	--	4	25988	卖盘
14:50:12	64.97	--	1	6497	卖盘
14:50:09	64.97	-0.01	2	12994	卖盘
14:49:51	64.98	--	33	214434	卖盘
14:49:36	64.98	-0.02	10	64980	卖盘
14:49:24	65.0	--	10	65000	买盘
14:49:15	65.0	--	1	6500	买盘
14:49:12	65.0	--	54	351000	买盘
14:49:09	65.0	--	4	26000	买盘
14:48:51	65.0	0.02	9	58500	买盘
14:48:36	64.98	0.01	10	64980	中性盘
14:48:18	64.97	-0.01	6	38982	卖盘
14:48:15	64.98	-0.02	3	19494	卖盘
14:48:06	65.0	0.02	35	227500	买盘
14:47:54	64.98	--	1	6498	买盘
14:47:48	64.98	--	4	25992	卖盘
14:47:33	64.98	0.01	4	25992	买盘
14:47:24	64.97	--	2	12994	卖盘
14:47:18	64.97	--	3	19491	卖盘
14:47:12	64.97	--	1	6497	卖盘
14:46:57	64.97	--	1	6497	卖盘
14:46:42	64.97	0.02	46	299186	买盘
14:46:33	64.95	-0.01	4	25980	卖盘
14:46:27	64.96	-0.01	6	38975	中性盘
14:46:21	64.97	-0.03	2	12994	中性盘
14:46:09	65.0	--	2	13000	买盘
14:45:51	65.0	0.02	60	390000	买盘
14:45:48	64.98	0.03	1	6498	买盘
14:45:39	64.95	0.01	2	12990	中性盘
14:45:18	64.94	--	2	12988	卖盘
14:45:15	64.94	--	1	6494	卖盘
14:45:12	64.94	0.03	3	19482	买盘
14:44:54	64.91	--	2	12982	卖盘
14:44:45	64.91	--	2	12982	买盘
14:44:39	64.91	--	1	6491	买盘
14:44:30	64.91	-0.03	1	6491	买盘
14:44:27	64.94	0.03	10	64940	买盘
14:44:21	64.91	--	5	32455	卖盘
14:44:15	64.91	-0.09	2	12982	卖盘
14:44:06	65.0	0.1	20	130000	买盘
14:43:48	64.9	-0.01	13	84370	买盘
14:43:45	64.91	--	5	32455	卖盘
14:43:42	64.91	0.1	2	12982	买盘
14:43:27	64.81	-0.09	20	129620	卖盘
14:43:18	64.9	--	1	6490	卖盘
14:43:06	64.9	-0.01	5	32450	卖盘
14:42:51	64.91	-0.05	2	12982	卖盘
14:42:39	64.96	--	0	3897	卖盘
14:42:33	64.96	--	1	6495	卖盘
14:42:27	64.96	--	5	32479	卖盘
14:42:21	64.96	-0.03	5	32479	卖盘
14:42:12	64.99	-0.01	35	227464	买盘
14:42:03	65.0	--	2	19175	卖盘
14:41:57	65.0	--	20	130000	卖盘
14:41:54	65.0	--	6	39000	卖盘
14:41:48	65.0	--	2	13000	卖盘
14:41:33	65.0	-0.01	2	15275	卖盘
14:41:24	65.01	--	1	6501	卖盘
14:41:21	65.01	--	7	45507	卖盘
14:41:18	65.01	--	10	65010	卖盘
14:41:09	65.01	-0.01	1	6501	卖盘
14:41:06	65.02	-0.01	7	49415	卖盘
14:41:03	65.03	--	3	21785	买盘
14:40:54	65.03	0.01	5	32515	买盘
14:40:36	65.02	--	1	6502	卖盘
14:40:33	65.02	--	1	8777	卖盘
14:40:30	65.02	-0.01	3	19506	卖盘
14:40:24	65.03	--	7	45521	买盘
14:40:21	65.03	0.01	8	52024	买盘
14:40:18	65.02	--	1	6502	卖盘
14:40:09	65.02	--	1	6502	卖盘
14:40:03	65.02	--	2	15279	卖盘
14:39:42	65.02	--	4	26008	卖盘
14:39:33	65.02	-0.04	1	8777	卖盘
14:39:24	65.06	0.03	20	130120	买盘
14:39:09	65.03	-0.02	5	38692	卖盘
14:39:06	65.05	--	1	6505	卖盘
14:39:03	65.05	--	2	15286	卖盘
14:39:00	65.05	0.02	3	19515	中性盘
14:38:51	65.03	-0.03	5	32515	卖盘
14:38:45	65.06	0.01	4	26024	买盘
14:38:42	65.05	0.02	2	13010	买盘
14:38:33	65.03	-0.02	4	28288	卖盘
14:38:30	65.05	0.02	2	13010	中性盘
14:38:21	65.03	--	7	45521	卖盘
14:38:03	65.03	0.01	1	8779	中性盘
14:38:00	65.02	-0.05	4	26008	卖盘
14:37:57	65.07	0.01	28	182195	买盘
14:37:54	65.06	--	20	130120	卖盘
14:37:48	65.06	--	1	6506	卖盘
14:37:45	65.06	0.06	26	169156	买盘
14:37:42	65.0	-0.01	1	6500	卖盘
14:37:33	65.01	-0.02	1	8776	卖盘
14:37:27	65.03	-0.04	2	13006	中性盘
14:37:21	65.07	0.04	9	58562	买盘
14:37:18	65.03	-0.04	1	10729	卖盘
14:37:12	65.07	--	2	13013	买盘
14:37:09	65.07	0.04	5	32534	买盘
14:37:03	65.03	-0.04	1	8779	卖盘
14:36:57	65.07	0.01	1	6506	买盘
14:36:54	65.06	--	11	71566	买盘
14:36:45	65.06	--	5	32530	买盘
14:36:36	65.06	0.06	4	26024	中性盘
14:36:33	65.0	0.04	1	8775	中性盘
14:36:24	64.96	-0.1	10	64959	卖盘
14:36:21	65.06	0.11	33	217300	买盘
14:36:18	64.95	-0.05	14	90930	卖盘
14:36:09	65.0	0.04	14	91000	买盘
14:36:06	64.96	0.01	11	71456	买盘
14:36:03	64.95	-0.01	4	28253	卖盘
14:36:00	64.96	0.01	6	38975	买盘
14:35:36	64.95	0.04	3	19485	买盘
14:35:33	64.91	0.01	1	8762	中性盘
14:35:30	64.9	--	8	51920	卖盘
14:35:27	64.9	-0.05	4	25960	卖盘
14:35:21	64.95	0.05	10	64950	买盘
14:35:18	64.9	--	1	6490	卖盘
14:35:12	64.9	--	1	6490	卖盘
14:35:06	64.9	0.02	6	43483	买盘
14:35:03	64.88	-0.02	1	8758	卖盘
14:34:57	64.9	--	10	64900	买盘
14:34:51	64.9	0.01	36	235587	买盘
14:34:33	64.89	-0.01	1	8760	卖盘
14:34:24	64.9	--	1	6490	买盘
14:34:21	64.9	--	2	12980	卖盘
14:34:18	64.9	--	9	58410	卖盘
14:34:15	64.9	--	8	51920	买盘
14:34:12	64.9	0.01	11	71390	买盘
14:34:06	64.89	--	4	25956	卖盘
14:34:03	64.89	-0.01	1	8760	卖盘
14:34:00	64.9	--	4	25960	买盘
14:33:57	64.9	--	6	38940	卖盘
14:33:39	64.9	0.01	30	194700	买盘
14:33:36	64.89	--	10	67874	买盘
14:33:27	64.89	-0.02	20	135555	卖盘
14:33:24	64.91	--	50	324550	卖盘
14:33:21	64.91	-0.03	20	129820	卖盘
14:33:18	64.94	0.05	1	6494	中性盘
14:33:12	64.89	--	23	149960	买盘
14:33:09	64.89	0.01	3	19467	买盘
14:33:03	64.88	-0.01	1	8758	卖盘
14:33:00	64.89	--	27	180978	卖盘
14:32:57	64.89	--	30	194670	卖盘
14:32:54	64.89	-0.01	50	324450	卖盘
14:32:51	64.9	--	50	324500	卖盘
14:32:39	64.9	0.01	36	234353	买盘
14:32:36	64.89	0.01	5	32445	买盘
14:32:33	64.88	--	1	8758	卖盘
14:32:30	64.88	--	8	51904	卖盘
14:32:27	64.88	-0.01	2	12976	卖盘
14:32:18	64.89	0.01	2	12978	买盘
14:32:12	64.88	0.07	2	16674	买盘
14:32:09	64.81	0.01	60	388860	中性盘
14:32:03	64.8	0.03	1	8748	中性盘
14:31:39	64.77	0.01	4	25908	买盘
14:31:33	64.76	0.01	1	8742	卖盘
14:31:27	64.75	-0.13	1	6475	中性盘
14:31:24	64.88	0.13	22	142736	买盘
14:31:18	64.75	--	3	22986	卖盘
14:31:12	64.75	--	1	6475	卖盘
14:31:03	64.75	-0.04	12	79966	卖盘
14:31:00	64.79	0.04	4	25916	买盘
14:30:51	64.75	--	2	12950	卖盘
14:30:45	64.75	--	1	6475	卖盘
14:30:36	64.75	-0.03	31	200725	卖盘
14:30:33	64.78	-0.01	2	15223	卖盘
14:30:27	64.79	-0.01	22	148693	卖盘
14:30:24	64.8	0.01	3	19440	买盘
14:30:15	64.79	--	1	6479	卖盘
14:30:03	64.79	-0.01	1	8746	卖盘
14:29:57	64.8	--	2	12960	买盘
14:29:45	64.8	0.01	1	6480	买盘
14:29:39	64.79	--	1	8746	卖盘
14:29:33	64.79	-0.01	1	6479	卖盘
14:29:27	64.8	--	5	32400	买盘
14:29:24	64.8	--	1	6480	买盘
14:29:18	64.8	--	8	51840	买盘
14:29:09	64.8	--	7	47174	卖盘
14:29:03	64.8	--	22	142560	卖盘
14:29:00	64.8	0.01	5	37065	买盘
14:28:57	64.79	-0.01	20	129580	卖盘
14:28:54	64.8	--	5	32400	买盘
14:28:45	64.8	0.01	20	129600	买盘
14:28:39	64.79	-0.01	1	8746	中性盘
14:28:30	64.8	--	1	6480	买盘
14:28:24	64.8	-0.08	28	183254	卖盘
14:28:21	64.88	--	18	116783	卖盘
14:28:18	64.88	--	50	324400	卖盘
14:28:15	64.88	--	5	32439	卖盘
14:28:09	64.88	--	1	8758	卖盘
14:28:06	64.88	0.08	8	51904	买盘
14:27:39	64.8	--	1	8748	卖盘
14:27:36	64.8	-0.01	2	12960	卖盘
14:27:30	64.81	--	3	19443	卖盘
14:27:27	64.81	-0.02	8	51848	卖盘
14:27:24	64.83	0.01	6	38898	买盘
14:27:18	64.82	--	1	6481	卖盘
14:27:09	64.82	-0.01	1	8750	卖盘
14:26:57	64.83	-0.06	5	32415	卖盘
14:26:45	64.89	0.07	10	64890	买盘
14:26:42	64.82	--	1	6481	卖盘
14:26:39	64.82	-0.07	1	8750	卖盘
14:26:33	64.89	0.06	16	103824	买盘
14:26:30	64.83	-0.06	1	6483	中性盘
14:26:15	64.89	0.06	12	77868	买盘
14:26:06	64.83	-0.09	20	129660	卖盘
14:26:03	64.92	--	5	32460	卖盘
14:26:00	64.92	--	10	64920	买盘
14:25:57	64.92	0.03	2	12984	买盘
14:25:39	64.89	0.03	7	47694	买盘
14:25:36	64.86	0.04	1	6486	买盘
14:25:18	64.82	--	2	12963	卖盘
14:25:12	64.82	--	2	12963	卖盘
14:25:09	64.82	--	1	8750	卖盘
14:25:06	64.82	0.07	84	550775	买盘
14:25:00	64.75	--	1	6475	卖盘
14:24:57	64.75	--	4	25900	卖盘
14:24:39	64.75	-0.03	1	8741	卖盘
14:24:36	64.78	0.02	5	32390	买盘
14:24:12	64.76	-0.01	10	64760	卖盘
14:24:09	64.77	-0.01	1	8743	卖盘
14:24:06	64.78	--	5	32390	买盘
14:23:57	64.78	0.01	1	6478	中性盘
14:23:48	64.77	-0.01	1	6477	卖盘
14:23:42	64.78	--	2	12956	卖盘
14:23:39	64.78	0.02	2	15223	买盘
14:23:24	64.76	--	5	32380	卖盘
14:23:18	64.76	--	2	12952	卖盘
14:23:09	64.76	-0.03	1	8742	中性盘
14:23:06	64.79	-0.01	1	6479	中性盘
14:22:45	64.8	0.05	7	45360	买盘
14:22:39	64.75	-0.05	1	8741	卖盘
14:22:24	64.8	0.01	23	149040	买盘
14:22:21	64.79	--	12	81959	卖盘
14:22:18	64.79	-0.02	1	6479	卖盘
14:22:12	64.81	0.02	50	324050	买盘
14:22:09	64.79	-0.01	1	8746	卖盘
14:21:51	64.8	--	1	6480	买盘
14:21:45	64.8	--	5	32400	买盘
14:21:30	64.8	--	4	25920	卖盘
14:21:21	64.8	--	2	12960	卖盘
14:21:18	64.8	-0.02	1	6480	中性盘
14:21:06	64.82	--	3	19445	买盘
14:21:03	64.82	0.07	10	64819	买盘
14:21:00	64.75	-0.07	5	32375	中性盘
14:20:42	64.82	0.12	50	324099	买盘
14:20:36	64.7	--	2	12940	卖盘
14:20:33	64.7	0.01	16	103520	买盘
14:20:30	64.69	-0.01	2	12938	卖盘
14:20:27	64.7	--	4	25880	买盘
14:20:21	64.7	--	12	77640	买盘
14:20:15	64.7	0.02	5	32350	买盘
14:20:09	64.68	0.02	3	19404	中性盘
14:20:03	64.66	0.02	12	77592	中性盘
14:19:54	64.64	-0.06	15	96960	卖盘
14:19:45	64.7	0.07	3	19410	买盘
14:19:42	64.63	-0.07	5	32314	卖盘
14:19:39	64.7	-0.01	15	97050	买盘
14:19:24	64.71	-0.03	48	310607	卖盘
14:19:18	64.74	0.03	20	129479	买盘
14:19:15	64.71	-0.03	14	90593	卖盘
14:19:12	64.74	-0.03	52	336648	卖盘
14:19:06	64.77	0.03	22	142494	买盘
14:18:42	64.74	0.03	4	25895	买盘
14:18:36	64.71	0.11	1	6470	卖盘
14:18:33	64.6	--	3	19380	买盘
14:18:30	64.6	--	5	32299	买盘
14:18:27	64.6	-0.08	42	271320	卖盘
14:18:24	64.68	-0.06	50	323400	卖盘
14:18:18	64.74	0.04	50	323700	中性盘
14:18:12	64.7	-0.01	50	323500	卖盘
14:18:09	64.71	--	24	155303	卖盘
14:18:03	64.71	0.01	1	6470	中性盘
14:17:36	64.7	-0.08	10	64700	卖盘
14:17:33	64.78	-0.03	4	25912	卖盘
14:17:18	64.81	--	19	123139	卖盘
14:17:15	64.81	-0.01	1	6481	卖盘
14:17:12	64.82	--	5	32409	买盘
14:17:09	64.82	--	1	6481	买盘
14:17:00	64.82	-0.04	6	38891	卖盘
14:16:54	64.86	-0.01	2	12972	买盘
14:16:42	64.87	--	2	12974	卖盘
14:16:39	64.87	-0.01	3	19461	卖盘
14:16:30	64.88	-0.02	2	12976	卖盘
14:16:27	64.9	0.02	46	298540	买盘
14:16:24	64.88	--	5	32439	卖盘
14:16:18	64.88	--	2	12976	卖盘
14:16:12	64.88	-0.04	5	32439	卖盘
14:16:03	64.92	--	8	52130	卖盘
14:16:00	64.92	--	2	12984	卖盘
14:15:54	64.92	--	4	25968	卖盘
14:15:36	64.92	-0.06	51	331092	卖盘
14:15:33	64.98	0.01	6	38988	买盘
14:15:30	64.97	--	50	324850	卖盘
14:15:18	64.97	-0.01	2	12994	卖盘
14:15:00	64.98	0.01	5	32490	中性盘
14:14:57	64.97	--	1	6497	卖盘
14:14:51	64.97	--	1	6497	卖盘
14:14:45	64.97	--	6	38982	卖盘
14:14:18	64.97	-0.05	323	2098531	卖盘
14:14:15	65.02	--	6	39012	买盘
14:14:00	65.02	--	4	26008	买盘
14:13:57	65.02	--	6	42913	卖盘
14:13:48	65.02	--	1	6502	卖盘
14:13:42	65.02	--	5	32509	卖盘
14:13:21	65.02	--	1	6502	卖盘
14:13:18	65.02	--	1	6502	卖盘
14:13:12	65.02	--	5	32509	卖盘
14:12:57	65.02	--	2	13004	卖盘
14:12:51	65.02	--	8	54616	买盘
14:12:12	65.02	0.01	2	13004	买盘
14:11:57	65.01	-0.01	10	65010	卖盘
14:11:39	65.02	-0.02	16	107933	卖盘
14:11:18	65.04	-0.04	1	6504	卖盘
14:11:15	65.08	0.04	5	32540	买盘
14:11:12	65.04	-0.04	1	6504	卖盘
14:11:06	65.08	0.04	2	13016	买盘
14:10:57	65.04	--	11	71544	卖盘
14:10:45	65.04	--	3	19512	卖盘
14:10:18	65.04	-0.05	2	13008	卖盘
14:10:12	65.09	0.05	20	130180	买盘
14:10:00	65.04	0.02	3	19512	中性盘
14:09:48	65.02	-0.06	6	39012	卖盘
14:09:42	65.08	0.05	15	100223	买盘
14:09:36	65.03	0.01	1	6503	买盘
14:09:30	65.02	--	10	65019	卖盘
14:09:18	65.02	--	1	6502	卖盘
14:09:12	65.02	0.02	1	6502	中性盘
14:08:51	65.0	--	12	78000	卖盘
14:08:48	65.0	-0.07	4	26000	卖盘
14:08:45	65.07	0.03	20	130139	买盘
14:08:21	65.04	--	8	52032	卖盘
14:08:15	65.04	--	5	32520	卖盘
14:07:57	65.04	-0.02	1	6504	卖盘
14:07:48	65.06	0.01	6	39036	买盘
14:07:36	65.05	-0.01	1	6505	卖盘
14:07:27	65.06	--	1	10409	卖盘
14:07:18	65.06	--	1	6506	卖盘
14:07:15	65.06	--	2	13012	卖盘
14:07:12	65.06	--	1	6506	卖盘
14:07:06	65.06	--	5	32530	卖盘
14:07:03	65.06	-0.02	12	78072	卖盘
14:06:57	65.08	0.02	2	13016	买盘
14:06:54	65.06	--	3	19518	卖盘
14:06:45	65.06	--	2	13012	卖盘
14:06:39	65.06	-0.02	7	48144	卖盘
14:06:24	65.08	--	2	13016	买盘
14:06:21	65.08	--	10	65080	买盘
14:06:06	65.08	--	11	71588	买盘
14:05:36	65.08	0.03	11	71588	买盘
14:05:21	65.05	--	4	26020	卖盘
14:05:18	65.05	--	1	6505	卖盘
14:05:12	65.05	--	1	6505	卖盘
14:05:00	65.05	--	17	110585	卖盘
14:04:57	65.05	--	2	13010	买盘
14:04:48	65.05	--	4	26020	买盘
14:04:36	65.05	0.01	5	32525	买盘
14:04:21	65.04	-0.01	5	32520	卖盘
14:04:15	65.05	--	3	19515	买盘
14:04:03	65.05	0.01	14	91070	买盘
14:03:51	65.04	0.04	6	39024	买盘
14:03:39	65.0	--	2	13000	卖盘
14:03:24	65.0	--	5	38805	买盘
14:03:21	65.0	--	16	104000	买盘
14:03:12	65.0	--	14	91000	买盘
14:02:51	65.0	0.03	50	325000	买盘
14:02:48	64.97	--	5	32485	买盘
14:02:27	64.97	--	1	6497	买盘
14:02:21	64.97	0.01	1	6497	买盘
14:02:18	64.96	--	9	58463	买盘
14:02:15	64.96	0.01	1	6495	买盘
14:02:09	64.95	--	1	6495	买盘
14:02:06	64.95	0.01	1	6495	买盘
14:02:03	64.94	--	26	168908	卖盘
14:01:57	64.94	--	17	110398	卖盘
14:01:15	64.94	-0.01	12	77928	卖盘
14:01:12	64.95	--	1	6495	买盘
14:00:21	64.95	0.01	2	12990	买盘
14:00:09	64.94	0.02	1	6494	买盘
13:59:42	64.92	--	20	129840	卖盘
13:59:33	64.92	--	15	97380	卖盘
13:59:24	64.92	--	7	45444	卖盘
13:59:18	64.92	--	1	6492	卖盘
13:59:12	64.92	-0.03	1	6492	卖盘
13:59:09	64.95	0.03	1	6495	买盘
13:59:03	64.92	-0.03	3	19476	卖盘
13:58:54	64.95	0.03	8	51960	买盘
13:58:42	64.92	--	4	25968	卖盘
13:58:36	64.92	-0.01	10	64920	卖盘
13:58:33	64.93	-0.01	5	32465	卖盘
13:58:27	64.94	0.01	55	357170	买盘
13:58:24	64.93	--	20	129860	买盘
13:58:09	64.93	--	1	6493	买盘
13:58:06	64.93	--	10	64930	买盘
13:57:51	64.93	--	2	12986	买盘
13:57:24	64.93	0.01	1	6493	买盘
13:57:18	64.92	-0.01	5	32460	卖盘
13:57:06	64.93	--	7	45451	买盘
13:56:54	64.93	--	12	77916	卖盘
13:56:45	64.93	--	2	12986	卖盘
13:56:33	64.93	--	6	38958	卖盘
13:56:27	64.93	--	1	6493	卖盘
13:56:24	64.93	-0.01	6	38958	卖盘
13:55:57	64.94	--	5	32470	买盘
13:55:54	64.94	--	1	6494	买盘
13:55:51	64.94	-0.02	3	19482	卖盘
13:55:42	64.96	0.02	2	12991	中性盘
13:55:18	64.94	--	1	6494	卖盘
13:55:12	64.94	-0.03	5	32470	卖盘
13:55:03	64.97	0.03	1	6497	买盘
13:54:57	64.94	-0.03	1	6494	卖盘
13:54:45	64.97	--	7	45479	买盘
13:54:42	64.97	0.01	2	12994	买盘
13:54:39	64.96	0.02	15	97439	买盘
13:54:27	64.94	-0.01	10	64940	卖盘
13:54:21	64.95	--	2	12990	卖盘
13:53:57	64.95	--	1	6495	卖盘
13:53:54	64.95	--	10	64950	卖盘
13:53:48	64.95	-0.01	1	6495	卖盘
13:53:09	64.96	--	2	12991	买盘
13:53:03	64.96	-0.02	6	38975	卖盘
13:53:00	64.98	--	10	64980	买盘
13:52:54	64.98	0.02	7	45486	买盘
13:52:48	64.96	-0.02	2	12991	卖盘
13:52:36	64.98	-0.01	0	194	卖盘
13:52:33	64.99	0.01	3	19497	买盘
13:52:30	64.98	--	1	6498	卖盘
13:52:24	64.98	-0.01	7	45486	卖盘
13:52:21	64.99	0.01	3	19497	中性盘
13:52:00	64.98	--	34	220932	卖盘
13:51:54	64.98	-0.02	21	136458	卖盘
13:51:45	65.0	0.01	2	13000	买盘
13:51:42	64.99	-0.01	3	19497	卖盘
13:51:33	65.0	--	5	32500	买盘
13:51:30	65.0	--	12	78000	卖盘
13:51:27	65.0	--	19	123500	卖盘
13:51:18	65.0	--	1	6500	卖盘
13:51:12	65.0	-0.01	41	266500	卖盘
13:51:03	65.01	-0.04	12	78012	卖盘
13:51:00	65.05	--	1	6505	卖盘
13:50:51	65.05	--	3	19515	卖盘
13:50:48	65.05	0.04	3	19515	买盘
13:50:36	65.01	-0.06	26	169026	卖盘
13:50:30	65.07	0.01	7	45548	买盘
13:50:12	65.06	--	3	19518	卖盘
13:49:57	65.06	0.05	6	39036	中性盘
13:49:42	65.01	0.01	8	52008	中性盘
13:49:30	65.0	-0.08	12	78000	卖盘
13:49:24	65.08	0.03	5	32540	买盘
13:49:18	65.05	--	0	3903	卖盘
13:49:12	65.05	--	1	6505	卖盘
13:49:03	65.05	-0.05	1	6505	卖盘
13:49:00	65.1	0.05	3	19530	买盘
13:48:51	65.05	--	44	288822	卖盘
13:48:45	65.05	--	3	19515	卖盘
13:48:39	65.05	--	1	6505	卖盘
13:48:33	65.05	--	18	117090	卖盘
13:48:27	65.05	-0.05	5	32525	卖盘
13:48:24	65.1	0.04	44	286440	买盘
13:48:21	65.06	0.01	2	13012	买盘
13:48:12	65.05	-0.01	3	19515	卖盘
13:48:00	65.06	--	8	52048	卖盘
13:47:45	65.06	-0.04	2	13012	中性盘
13:47:15	65.1	--	2	13019	买盘
13:46:51	65.1	--	3	19530	买盘
13:46:48	65.1	-0.01	7	45569	卖盘
13:46:42	65.11	0.01	1	6511	买盘
13:46:33	65.1	-0.02	3	19530	卖盘
13:46:09	65.12	0.02	3	19536	中性盘
13:46:06	65.1	-0.03	27	175769	卖盘
13:46:03	65.13	0.01	1	6513	买盘
13:46:00	65.12	0.02	1	6512	买盘
13:45:54	65.1	-0.02	18	117179	卖盘
13:45:48	65.12	0.01	4	26048	买盘
13:45:27	65.11	0.02	30	195330	买盘
13:45:24	65.09	-0.01	5	32545	中性盘
13:45:21	65.1	0.04	3	19530	买盘
13:45:12	65.06	--	1	6506	卖盘
13:45:03	65.06	--	1	6506	卖盘
13:44:57	65.06	0.06	3	19518	买盘
13:44:54	65.0	-0.05	4	26000	卖盘
13:44:45	65.05	--	5	32525	买盘
13:44:42	65.05	--	5	32525	买盘
13:44:27	65.05	0.05	6	39030	买盘
13:44:09	65.0	--	1	6500	卖盘
13:44:00	65.0	--	5	32500	卖盘
13:43:57	65.0	0.01	19	123500	买盘
13:43:51	64.99	-0.01	1	6498	卖盘
13:43:39	65.0	--	2	13000	买盘
13:43:36	65.0	0.01	2	13000	买盘
13:43:30	64.99	--	5	32494	卖盘
13:43:18	64.99	--	1	6498	卖盘
13:43:12	64.99	--	1	6498	卖盘
13:43:03	64.99	--	3	19497	卖盘
13:42:45	64.99	0.01	1	6498	中性盘
13:42:15	64.98	-0.07	4	25992	卖盘
13:42:00	65.05	0.01	3	19515	买盘
13:41:54	65.04	0.06	18	117072	买盘
13:41:51	64.98	--	5	32490	卖盘
13:41:45	64.98	-0.02	20	129960	卖盘
13:41:42	65.0	0.02	5	32500	买盘
13:41:39	64.98	--	2	12996	卖盘
13:41:18	64.98	--	6	38988	卖盘
13:41:12	64.98	-0.02	31	201438	卖盘
13:41:03	65.0	0.02	4	26000	买盘
13:40:57	64.98	--	1	6498	卖盘
13:40:42	64.98	-0.01	10	64980	卖盘
13:40:33	64.99	--	1	12803	买盘
13:40:21	64.99	--	8	51991	买盘
13:40:12	64.99	--	24	155976	卖盘
13:40:06	64.99	--	2	12997	卖盘
13:40:03	64.99	-0.01	2	12997	卖盘
13:40:00	65.0	--	6	39000	买盘
13:39:45	65.0	--	7	45500	买盘
13:39:39	65.0	--	10	65000	买盘
13:39:30	65.0	-0.03	13	84500	卖盘
13:39:24	65.03	--	1	6503	买盘
13:39:21	65.03	0.03	2	13006	买盘
13:39:18	65.0	--	10	65000	卖盘
13:39:09	65.0	-0.03	2	13000	卖盘
13:38:54	65.03	--	8	52024	卖盘
13:38:39	65.03	--	8	52024	卖盘
13:38:33	65.03	--	2	13006	卖盘
13:38:12	65.03	-0.07	132	858396	卖盘
13:38:03	65.1	--	4	26039	买盘
13:37:48	65.1	--	3	19530	卖盘
13:37:42	65.1	--	3	19530	卖盘
13:37:33	65.1	-0.02	1	6509	卖盘
13:37:27	65.12	--	7	45584	买盘
13:37:24	65.12	0.02	2	13024	买盘
13:37:18	65.1	0.03	1	6509	中性盘
13:37:06	65.07	-0.07	2	13013	卖盘
13:37:00	65.14	--	3	19542	买盘
13:36:30	65.14	0.08	31	201934	买盘
13:36:12	65.06	-0.08	1	6506	卖盘
13:36:09	65.14	--	4	26056	买盘
13:35:57	65.14	-0.01	4	32504	卖盘
13:35:42	65.15	--	4	26060	卖盘
13:35:36	65.15	--	1	6515	卖盘
13:35:33	65.15	0.01	2	13030	买盘
13:35:27	65.14	0.01	21	136794	买盘
13:35:18	65.13	--	3	19539	卖盘
13:35:15	65.13	--	3	19539	卖盘
13:35:12	65.13	-0.01	10	65129	卖盘
13:35:03	65.14	-0.01	3	19542	中性盘
13:34:48	65.15	0.02	8	52120	买盘
13:34:45	65.13	--	0	65	卖盘
13:34:36	65.13	--	4	26052	卖盘
13:34:30	65.13	-0.02	5	32564	卖盘
13:34:24	65.15	0.02	7	45605	买盘
13:34:03	65.13	--	4	26052	卖盘
13:33:45	65.13	0.08	5	32564	买盘
13:33:42	65.05	--	1	6505	卖盘
13:33:30	65.05	-0.06	1	6505	卖盘
13:33:27	65.11	0.01	7	45577	买盘
13:33:21	65.1	0.04	19	123689	买盘
13:33:18	65.06	--	1	6506	卖盘
13:33:15	65.06	-0.01	12	78072	卖盘
13:33:12	65.07	--	1	6506	卖盘
13:33:09	65.07	0.01	4	26027	卖盘
13:33:06	65.06	--	8	52048	买盘
13:33:00	65.06	-0.02	1	6506	买盘
13:32:30	65.08	0.03	2	13016	中性盘
13:32:24	65.05	-0.03	25	162625	卖盘
13:32:12	65.08	0.03	1	6508	中性盘
13:31:42	65.05	--	24	156120	卖盘
13:31:24	65.05	--	5	32525	卖盘
13:31:18	65.05	--	9	58545	卖盘
13:31:15	65.05	--	5	32525	卖盘
13:31:12	65.05	--	29	188645	买盘
13:31:06	65.05	-0.01	8	52040	卖盘
13:31:03	65.06	0.01	2	13012	买盘
13:30:54	65.05	--	1	6505	卖盘
13:30:51	65.05	-0.01	1	6505	卖盘
13:30:33	65.06	0.01	1	6506	买盘
13:30:30	65.05	-0.01	4	26020	卖盘
13:30:27	65.06	-0.09	3	19518	卖盘
13:30:12	65.15	--	7	45605	买盘
13:29:48	65.15	--	12	78180	卖盘
13:29:42	65.15	--	1	6515	买盘
13:29:39	65.15	--	9	58635	买盘
13:29:36	65.15	--	2	13030	卖盘
13:29:33	65.15	--	3	19545	中性盘
13:29:06	65.15	-0.01	1	6515	买盘
13:29:00	65.16	--	1	6516	卖盘
13:28:51	65.16	0.14	1	6516	买盘
13:28:33	65.02	-0.14	3	19506	卖盘
13:28:27	65.16	0.13	7	45612	买盘
13:28:21	65.03	0.01	1	6503	买盘
13:28:09	65.02	--	11	71522	买盘
13:28:06	65.02	0.01	6	39012	买盘
13:27:48	65.01	--	1	6501	买盘
13:27:45	65.01	0.01	1	6501	买盘
13:27:42	65.0	--	6	39000	卖盘
13:27:21	65.0	--	5	32500	买盘
13:27:03	65.0	0.02	5	32500	买盘
13:26:57	64.98	-0.02	15	97470	卖盘
13:26:54	65.0	--	5	32500	买盘
13:26:51	65.0	0.02	1	6500	买盘
13:26:45	64.98	-0.02	1	6498	卖盘
13:26:42	65.0	--	7	45500	买盘
13:26:39	65.0	0.02	20	130000	买盘
13:26:36	64.98	0.03	1	6498	卖盘
13:26:33	64.95	0.02	11	71445	买盘
13:26:30	64.93	--	6	38958	卖盘
13:26:18	64.93	-0.07	2	12986	中性盘
13:26:12	65.0	0.05	24	156000	买盘
13:26:06	64.95	-0.02	2	12990	中性盘
13:26:00	64.97	--	3	19491	买盘
13:25:54	64.97	-0.03	2	12994	卖盘
13:25:45	65.0	0.03	7	45500	买盘
13:25:42	64.97	-0.03	5	32485	卖盘
13:25:39	65.0	--	3	19500	买盘
13:25:21	65.0	-0.01	12	78000	卖盘
13:25:15	65.01	--	6	39006	卖盘
13:25:12	65.01	-0.01	3	19503	卖盘
13:25:00	65.02	-0.01	2	13004	卖盘
13:24:54	65.03	--	23	149569	卖盘
13:24:42	65.03	-0.03	3	19509	卖盘
13:24:30	65.06	-0.02	1	6506	卖盘
13:24:15	65.08	--	1	6508	买盘
13:24:12	65.08	--	3	19524	卖盘
13:23:57	65.08	--	11	71588	卖盘
13:23:51	65.08	-0.11	1	6508	卖盘
13:23:39	65.19	0.04	2	13038	买盘
13:23:33	65.15	--	4	26060	卖盘
13:23:30	65.15	--	1	6515	卖盘
13:23:15	65.15	-0.05	1	6515	卖盘
13:23:03	65.2	--	1	6520	卖盘
13:22:51	65.2	--	1	6520	卖盘
13:22:45	65.2	-0.04	9	58680	卖盘
13:22:33	65.24	0.04	7	45668	买盘
13:22:30	65.2	-0.03	120	782400	卖盘
13:22:27	65.23	--	1	6523	卖盘
13:22:12	65.23	--	1	6523	卖盘
13:22:09	65.23	0.01	2	13046	买盘
13:22:06	65.22	--	2	13044	卖盘
13:22:03	65.22	--	7	45654	卖盘
13:21:54	65.22	--	3	19566	卖盘
13:21:51	65.22	--	17	110874	卖盘
13:21:42	65.22	-0.02	4	26088	卖盘
13:21:33	65.24	--	1	6523	卖盘
13:21:30	65.24	--	2	13047	卖盘
13:21:27	65.24	0.03	2	13047	买盘
13:21:21	65.21	--	1	6520	卖盘
13:21:18	65.21	--	1	6520	卖盘
13:21:15	65.21	-0.04	4	26083	卖盘
13:21:09	65.25	0.04	3	19575	买盘
13:21:06	65.21	-0.04	2	13041	卖盘
13:20:51	65.25	--	2	13050	买盘
13:20:39	65.25	0.01	6	39150	买盘
13:20:36	65.24	-0.01	3	19572	买盘
13:20:33	65.25	--	11	75037	卖盘
13:20:27	65.25	--	2	13050	卖盘
13:20:24	65.25	0.03	16	107662	买盘
13:20:15	65.22	-0.03	10	65220	中性盘
13:20:00	65.25	--	2	13050	买盘
13:19:54	65.25	--	2	16312	卖盘
13:19:51	65.25	-0.03	6	42412	卖盘
13:19:42	65.28	--	10	65280	买盘
13:19:36	65.28	--	7	45696	买盘
13:19:33	65.28	--	11	71808	买盘
13:19:27	65.28	-0.15	9	62016	卖盘
13:19:21	65.43	0.13	7	45801	买盘
13:19:18	65.3	--	11	71830	卖盘
13:19:12	65.3	--	23	150190	买盘
13:19:06	65.3	0.02	1	6530	买盘
13:19:00	65.28	--	3	19584	卖盘
13:18:57	65.28	0.03	23	153408	买盘
13:18:54	65.25	--	1	6525	卖盘
13:18:51	65.25	--	9	58725	中性盘
13:18:48	65.25	0.05	5	32625	买盘
13:18:42	65.2	--	1	6520	卖盘
13:18:36	65.2	--	5	32600	卖盘
13:18:30	65.2	0.05	42	273840	买盘
13:18:24	65.15	0.05	27	175905	买盘
13:18:21	65.1	--	2	13019	买盘
13:18:18	65.1	-0.04	18	117179	卖盘
13:18:09	65.14	-0.04	4	26056	卖盘
13:18:06	65.18	-0.01	6	39108	中性盘
13:18:00	65.19	0.05	15	97785	买盘
13:17:57	65.14	--	4	26056	卖盘
13:17:54	65.14	--	2	13028	卖盘
13:17:51	65.14	0.02	3	19542	买盘
13:17:48	65.12	--	1	6512	卖盘
13:17:36	65.12	0.1	9	58608	买盘
13:17:27	65.02	-0.08	1	6502	卖盘
13:17:21	65.1	--	10	65099	买盘
13:17:15	65.1	--	10	65099	买盘
13:17:00	65.1	0.09	6	39060	买盘
13:16:45	65.01	0.01	6	39006	中性盘
13:16:36	65.0	-0.1	5	32500	卖盘
13:16:33	65.1	0.1	7	45569	买盘
13:16:30	65.0	--	5	32500	卖盘
13:16:27	65.0	--	31	201500	卖盘
13:16:18	65.0	--	11	71500	卖盘
13:16:12	65.0	--	1	6500	卖盘
13:16:06	65.0	--	2	13000	卖盘
13:16:03	65.0	0.01	27	175500	买盘
13:15:51	64.99	0.02	15	97484	买盘
13:15:48	64.97	--	2	12994	买盘
13:15:45	64.97	0.02	4	25988	买盘
13:15:36	64.95	--	1	6495	卖盘
13:15:33	64.95	0.03	19	123405	买盘
13:15:30	64.92	-0.02	56	363552	卖盘
13:15:24	64.94	0.02	10	64940	买盘
13:15:21	64.92	--	3	19476	卖盘
13:15:18	64.92	0.01	1	6492	中性盘
13:15:12	64.91	--	1	6491	卖盘
13:14:57	64.91	--	3	19473	卖盘
13:14:51	64.91	--	5	32455	卖盘
13:14:48	64.91	--	6	38946	卖盘
13:14:36	64.91	-0.02	9	58419	卖盘
13:14:33	64.93	--	2	12986	卖盘
13:14:30	64.93	0.02	6	38958	买盘
13:14:18	64.91	--	5	32455	卖盘
13:14:15	64.91	-0.01	4	25964	卖盘
13:14:12	64.92	0.01	2	12984	中性盘
13:14:09	64.91	-0.02	8	51928	卖盘
13:14:03	64.93	--	15	97395	买盘
13:13:57	64.93	-0.02	1	6493	卖盘
13:13:51	64.95	0.02	6	38970	买盘
13:13:48	64.93	-0.02	5	32465	卖盘
13:13:42	64.95	0.02	7	45465	买盘
13:13:39	64.93	--	1	6493	卖盘
13:13:21	64.93	-0.01	3	19479	卖盘
13:13:18	64.94	--	2	12988	买盘
13:13:12	64.94	-0.01	4	25976	卖盘
13:13:06	64.95	0.01	22	142890	买盘
13:12:57	64.94	-0.01	2	12988	卖盘
13:12:48	64.95	-0.01	1	6495	买盘
13:12:39	64.96	-0.01	1	6495	卖盘
13:12:36	64.97	--	3	19491	买盘
13:12:30	64.97	--	4	25988	中性盘
13:12:21	64.97	-0.02	2	12994	卖盘
13:12:12	64.99	0.02	2	12997	买盘
13:12:03	64.97	-0.02	2	12994	卖盘
13:11:57	64.99	-0.01	1	6498	卖盘
13:11:51	65.0	0.01	4	26000	买盘
13:11:45	64.99	--	2	12997	卖盘
13:11:42	64.99	-0.01	4	25995	卖盘
13:11:39	65.0	0.01	2	13000	买盘
13:11:33	64.99	--	1	6498	卖盘
13:11:30	64.99	-0.01	10	64989	卖盘
13:11:18	65.0	0.01	6	39000	买盘
13:11:06	64.99	-0.01	1	6498	卖盘
13:11:03	65.0	--	1	6500	买盘
13:10:57	65.0	0.01	6	39000	买盘
13:10:54	64.99	-0.01	4	25995	卖盘
13:10:48	65.0	--	2	13000	买盘
13:10:45	65.0	--	4	26000	买盘
13:10:42	65.0	--	1	6500	买盘
13:10:39	65.0	--	31	201500	买盘
13:10:36	65.0	--	9	58500	买盘
13:10:33	65.0	--	5	32500	买盘
13:10:30	65.0	--	8	52000	卖盘
13:10:27	65.0	--	11	71500	卖盘
13:10:24	65.0	--	2	13000	买盘
13:10:21	65.0	--	2	13000	买盘
13:10:15	65.0	--	9	58500	买盘
13:10:09	65.0	-0.09	45	292500	卖盘
13:10:06	65.09	0.08	7	45563	买盘
13:10:00	65.01	-0.05	1	6501	卖盘
13:09:57	65.06	0.05	3	19518	买盘
13:09:51	65.01	-0.08	4	26004	卖盘
13:09:36	65.09	--	2	13018	卖盘
13:09:27	65.09	0.09	34	221306	买盘
13:09:21	65.0	-0.01	20	130000	卖盘
13:09:18	65.01	-0.07	7	45507	卖盘
13:09:15	65.08	--	5	32540	买盘
13:09:12	65.08	0.07	9	58572	买盘
13:09:09	65.01	-0.07	6	39006	卖盘
13:09:06	65.08	--	3	19524	买盘
13:09:00	65.08	--	53	344924	买盘
13:08:54	65.08	0.08	5	32540	买盘
13:08:48	65.0	--	2	13000	卖盘
13:08:39	65.0	--	93	604500	买盘
13:08:36	65.0	0.01	19	123500	买盘
13:08:30	64.99	--	10	64989	卖盘
13:08:27	64.99	--	3	19497	卖盘
13:08:24	64.99	--	51	331449	买盘
13:08:21	64.99	--	27	175473	买盘
13:08:18	64.99	0.01	1	6498	买盘
13:08:12	64.98	--	7	45486	卖盘
13:08:03	64.98	--	15	97470	卖盘
13:08:00	64.98	0.02	7	45486	买盘
13:07:51	64.96	--	1	6495	卖盘
13:07:48	64.96	-0.02	2	12991	卖盘
13:07:45	64.98	--	4	25992	买盘
13:07:36	64.98	--	13	84474	买盘
13:07:27	64.98	0.03	32	207936	买盘
13:07:24	64.95	0.01	6	38970	卖盘
13:07:21	64.94	-0.01	10	64940	卖盘
13:07:18	64.95	--	1	6495	卖盘
13:07:12	64.95	0.01	5	32475	买盘
13:07:03	64.94	0.01	5	32470	买盘
13:06:51	64.93	0.03	1	6493	买盘
13:06:48	64.9	--	1	6490	卖盘
13:06:33	64.9	0.01	6	38940	买盘
13:06:27	64.89	--	10	64890	卖盘
13:06:09	64.89	0.01	38	246582	买盘
13:06:03	64.88	--	3	19464	买盘
13:05:54	64.88	--	7	45416	买盘
13:05:39	64.88	0.02	42	272496	买盘
13:05:24	64.86	--	2	12972	卖盘
13:05:15	64.86	-0.02	3	19458	卖盘
13:05:12	64.88	0.04	52	337635	买盘
13:05:06	64.84	-0.01	2	12968	卖盘
13:05:00	64.85	--	3	19455	买盘
13:04:57	64.85	--	14	90789	买盘
13:04:42	64.85	--	4	32165	卖盘
13:04:39	64.85	--	2	12969	卖盘
13:04:36	64.85	-0.03	1	6484	卖盘
13:04:30	64.88	0.03	5	32439	买盘
13:04:27	64.85	--	4	25939	卖盘
13:04:24	64.85	-0.02	10	64849	卖盘
13:04:21	64.87	--	5	32435	买盘
13:04:18	64.87	0.02	3	19461	买盘
13:04:15	64.85	--	10	64849	卖盘
13:04:09	64.85	--	10	64849	卖盘
13:04:06	64.85	--	49	317765	卖盘
13:04:03	64.85	0.05	59	382874	买盘
13:04:00	64.8	-0.02	23	149040	卖盘
13:03:57	64.82	--	6	38891	卖盘
13:03:51	64.82	--	10	64819	卖盘
13:03:48	64.82	--	17	110193	卖盘
13:03:45	64.82	0.02	14	90747	买盘
13:03:33	64.8	--	30	194400	卖盘
13:03:30	64.8	-0.01	1	6480	卖盘
13:03:27	64.81	--	1	6481	卖盘
13:03:24	64.81	0.01	1	6481	买盘
13:03:21	64.8	--	10	64800	卖盘
13:03:18	64.8	--	6	38880	卖盘
13:03:15	64.8	--	25	162000	卖盘
13:03:12	64.8	--	3	19440	卖盘
13:03:09	64.8	--	1	6480	卖盘
13:03:06	64.8	--	2	12960	卖盘
13:03:00	64.8	--	13	84240	卖盘
13:02:57	64.8	0.02	16	103680	买盘
13:02:54	64.78	-0.01	10	64780	卖盘
13:02:48	64.79	0.01	1	6479	买盘
13:02:45	64.78	--	1	6478	卖盘
13:02:42	64.78	--	3	19434	卖盘
13:02:39	64.78	--	56	362768	卖盘
13:02:33	64.78	-0.01	39	252642	中性盘
13:02:09	64.79	-0.03	10	64790	卖盘
13:02:03	64.82	--	5	32409	买盘
13:02:00	64.82	--	5	32409	买盘
13:01:39	64.82	-0.03	9	58337	中性盘
13:01:33	64.85	0.06	9	58364	买盘
13:01:27	64.79	0.01	10	64790	卖盘
13:01:24	64.78	-0.01	4	25912	中性盘
13:01:18	64.79	0.01	6	38874	中性盘
13:01:06	64.78	-0.02	3	19434	卖盘
13:01:00	64.8	0.01	50	324000	买盘
13:00:54	64.79	0.01	7	45353	买盘
13:00:45	64.78	--	3	19434	卖盘
13:00:33	64.78	0.02	15	97170	买盘
13:00:27	64.76	0.07	10	64760	中性盘
13:00:09	64.69	-0.09	38	245822	卖盘
13:00:06	64.78	0.12	116	751448	买盘
13:00:03	64.66	--	0	0	卖盘
11:30:03	64.66	--	0	0	卖盘
11:29:39	64.66	0.11	1	6466	买盘
11:29:18	64.55	-0.07	1	6455	卖盘
11:29:15	64.62	0.07	3	19386	买盘
11:29:12	64.55	--	5	32275	卖盘
11:28:57	64.55	-0.07	3	19365	中性盘
11:28:39	64.62	0.08	5	32310	买盘
11:28:33	64.54	0.03	4	25816	买盘
11:28:30	64.51	-0.09	150	967650	卖盘
11:28:27	64.6	--	1	6459	卖盘
11:28:21	64.6	0.05	34	219639	买盘
11:28:15	64.55	0.01	2	12910	买盘
11:28:12	64.54	0.01	1	6454	卖盘
11:27:57	64.53	-0.01	4	25812	卖盘
11:27:51	64.54	--	3	19362	买盘
11:27:33	64.54	0.02	10	64540	买盘
11:27:18	64.52	-0.01	2	12904	卖盘
11:27:12	64.53	0.02	1	6453	中性盘
11:27:06	64.51	-0.02	1	6451	卖盘
11:26:51	64.53	0.02	2	18778	买盘
11:26:48	64.51	-0.02	2	12902	卖盘
11:26:42	64.53	--	5	32265	买盘
11:26:39	64.53	--	2	12906	买盘
11:26:27	64.53	0.02	2	12906	买盘
11:26:09	64.51	-0.02	10	64510	卖盘
11:26:06	64.53	0.02	22	141966	买盘
11:25:42	64.51	-0.01	1	6451	卖盘
11:25:33	64.52	--	6	38712	买盘
11:25:30	64.52	--	21	136653	卖盘
11:25:27	64.52	-0.01	1	6452	卖盘
11:25:21	64.53	0.01	5	32265	买盘
11:25:18	64.52	--	1	6452	卖盘
11:25:12	64.52	--	1	6452	卖盘
11:24:57	64.52	--	5	32259	卖盘
11:24:51	64.52	--	6	44002	买盘
11:24:48	64.52	-0.01	1	6452	卖盘
11:24:27	64.53	0.01	2	12906	买盘
11:24:24	64.52	--	3	19356	卖盘
11:24:15	64.52	--	1	6452	买盘
11:24:12	64.52	0.01	2	12904	买盘
11:24:00	64.51	-0.01	1	6451	卖盘
11:23:51	64.52	--	3	19356	买盘
11:23:45	64.52	--	1	6452	买盘
11:23:39	64.52	0.01	3	19356	买盘
11:23:27	64.51	0.01	2	12902	买盘
11:23:21	64.5	--	10	64500	卖盘
11:23:18	64.5	--	1	6450	卖盘
11:23:12	64.5	0.01	1	6450	中性盘
11:23:00	64.49	-0.02	5	32244	卖盘
11:22:57	64.51	0.01	32	206432	买盘
11:22:45	64.5	0.01	3	19350	买盘
11:22:39	64.49	--	4	25795	买盘
11:22:36	64.49	0.02	2	12897	买盘
11:22:30	64.47	-0.02	13	83811	卖盘
11:22:12	64.49	0.02	3	19347	买盘
11:21:57	64.47	0.01	3	19341	买盘
11:21:48	64.46	--	10	64459	卖盘
11:21:42	64.46	-0.01	19	122473	卖盘
11:21:15	64.47	--	5	32235	卖盘
11:21:09	64.47	-0.03	7	45129	卖盘
11:21:03	64.5	--	9	58050	买盘
11:21:00	64.5	--	1	6450	买盘
11:20:51	64.5	0.04	32	206400	买盘
11:20:39	64.46	--	11	70906	卖盘
11:20:30	64.46	-0.04	1	6445	卖盘
11:20:27	64.5	--	7	45150	买盘
11:20:21	64.5	0.04	128	825600	买盘
11:20:18	64.46	0.01	3	19337	买盘
11:20:09	64.45	-0.01	1	6445	卖盘
11:20:06	64.46	0.01	10	64459	买盘
11:19:57	64.45	0.01	16	103120	买盘
11:19:48	64.44	--	10	64440	卖盘
11:19:45	64.44	--	25	161100	卖盘
11:19:39	64.44	--	1	6444	卖盘
11:19:24	64.44	--	7	45108	卖盘
11:19:18	64.44	--	1	6444	卖盘
11:19:15	64.44	--	10	64440	卖盘
11:19:12	64.44	-0.01	5	32220	卖盘
11:19:03	64.45	--	1	6445	买盘
11:18:45	64.45	--	3	19335	中性盘
11:18:27	64.45	--	8	51560	卖盘
11:18:21	64.45	--	1	6445	卖盘
11:18:12	64.45	--	10	64450	卖盘
11:18:09	64.45	--	6	38670	卖盘
11:18:06	64.45	0.01	16	103120	买盘
11:18:03	64.44	-0.01	7	45108	卖盘
11:17:57	64.45	0.01	6	38670	买盘
11:17:54	64.44	--	8	51552	卖盘
11:17:48	64.44	--	6	38664	卖盘
11:17:45	64.44	--	1	6444	卖盘
11:17:42	64.44	--	22	141768	买盘
11:17:39	64.44	--	8	51552	买盘
11:17:36	64.44	--	2	12888	中性盘
11:17:12	64.44	--	8	51552	买盘
11:16:54	64.44	0.01	10	64440	买盘
11:16:51	64.43	--	7	45101	买盘
11:16:42	64.43	0.01	10	64430	买盘
11:16:33	64.42	--	1	6442	卖盘
11:16:18	64.42	--	2	12884	卖盘
11:16:12	64.42	--	1	6442	卖盘
11:16:09	64.42	0.01	10	64420	买盘
11:16:06	64.41	-0.01	2	12882	卖盘
11:16:00	64.42	0.01	1	6442	买盘
11:15:54	64.41	--	8	51528	卖盘
11:15:39	64.41	--	2	12882	卖盘
11:15:36	64.41	--	6	38646	卖盘
11:15:30	64.41	--	13	83733	买盘
11:15:21	64.41	0.01	5	32205	买盘
11:15:18	64.4	--	1	6440	卖盘
11:15:12	64.4	--	1	6440	卖盘
11:15:09	64.4	-0.01	3	19320	卖盘
11:15:06	64.41	0.01	1	6441	买盘
11:15:03	64.4	--	15	96600	买盘
11:14:57	64.4	--	6	38640	卖盘
11:14:54	64.4	-0.01	10	64400	卖盘
11:14:48	64.41	0.01	11	70851	买盘
11:14:39	64.4	0.01	5	32200	买盘
11:14:36	64.39	-0.02	2	12878	卖盘
11:14:33	64.41	0.01	5	32205	买盘
11:14:24	64.4	0.01	40	257600	买盘
11:14:15	64.39	--	4	25756	卖盘
11:14:12	64.39	-0.01	1	6439	卖盘
11:14:09	64.4	--	10	64400	买盘
11:14:03	64.4	0.01	13	83720	买盘
11:13:57	64.39	-0.01	3	19317	卖盘
11:13:54	64.4	0.01	5	32200	买盘
11:13:42	64.39	--	2	12878	卖盘
11:13:39	64.39	-0.01	1	6439	卖盘
11:13:21	64.4	0.02	20	128800	买盘
11:13:18	64.38	--	3	19314	卖盘
11:13:12	64.38	0.01	33	212453	买盘
11:13:09	64.37	--	4	25748	卖盘
11:12:54	64.37	0.01	9	57933	买盘
11:12:48	64.36	-0.01	1	6436	卖盘
11:12:42	64.37	0.01	1	6437	买盘
11:12:39	64.36	-0.01	5	32180	卖盘
11:12:36	64.37	0.01	1	6437	买盘
11:12:33	64.36	--	6	38616	卖盘
11:12:21	64.36	-0.01	4	25744	中性盘
11:12:15	64.37	0.01	53	341161	买盘
11:12:00	64.36	--	2	12872	买盘
11:11:51	64.36	--	11	70796	卖盘
11:11:48	64.36	--	4	25744	卖盘
11:11:45	64.36	--	1	6436	卖盘
11:11:39	64.36	--	9	57924	卖盘
11:11:33	64.36	--	2	12872	卖盘
11:11:24	64.36	--	4	25744	卖盘
11:11:15	64.36	-0.01	5	32180	卖盘
11:11:12	64.37	--	1	6437	卖盘
11:11:09	64.37	--	8	51496	卖盘
11:11:03	64.37	--	1	6437	卖盘
11:11:00	64.37	--	3	19311	卖盘
11:10:54	64.37	-0.01	10	64370	卖盘
11:10:45	64.38	0.01	2	12876	买盘
11:10:42	64.37	-0.01	2	12874	卖盘
11:10:30	64.38	0.01	10	64379	卖盘
11:10:15	64.37	-0.04	4	25748	卖盘
11:10:12	64.41	0.03	7	45087	买盘
11:10:09	64.38	0.01	3	19314	中性盘
11:10:06	64.37	-0.01	20	128740	卖盘
11:09:51	64.38	--	2	12876	买盘
11:09:45	64.38	-0.05	20	128759	卖盘
11:09:18	64.43	0.02	8	51544	买盘
11:09:03	64.41	--	2	12882	卖盘
11:08:57	64.41	--	2	12882	卖盘
11:08:48	64.41	--	2	12882	卖盘
11:08:45	64.41	0.05	20	128820	买盘
11:08:39	64.36	--	1	6436	卖盘
11:08:36	64.36	--	5	32180	卖盘
11:08:24	64.36	-0.04	1	6436	卖盘
11:08:18	64.4	--	10	64400	买盘
11:08:15	64.4	0.01	4	25760	买盘
11:08:09	64.39	-0.01	13	83707	卖盘
11:07:54	64.4	-0.01	7	45080	卖盘
11:07:51	64.41	-0.03	5	32205	卖盘
11:07:45	64.44	--	20	128880	买盘
11:07:42	64.44	--	2	12888	买盘
11:07:36	64.44	--	21	135324	卖盘
11:07:27	64.44	--	4	25776	卖盘
11:07:24	64.44	--	1	6444	卖盘
11:07:18	64.44	-0.01	21	135324	卖盘
11:07:15	64.45	0.01	43	277135	买盘
11:07:12	64.44	--	6	38664	卖盘
11:07:09	64.44	--	1	6444	卖盘
11:07:06	64.44	--	1	6444	卖盘
11:07:03	64.44	--	1	6444	卖盘
11:07:00	64.44	--	46	296424	买盘
11:06:54	64.44	0.01	7	45108	买盘
11:06:51	64.43	--	2	12886	卖盘
11:06:45	64.43	--	2	12886	卖盘
11:06:42	64.43	--	2	12886	卖盘
11:06:39	64.43	--	8	51544	卖盘
11:06:30	64.43	--	2	12886	卖盘
11:06:27	64.43	0.02	2	12886	买盘
11:06:18	64.41	-0.02	3	19323	卖盘
11:06:12	64.43	0.03	8	51544	中性盘
11:05:51	64.4	-0.06	5	32200	卖盘
11:05:48	64.46	0.06	14	90243	买盘
11:05:42	64.4	-0.03	5	32200	卖盘
11:05:36	64.43	0.03	4	25772	买盘
11:05:21	64.4	0.01	9	57960	买盘
11:05:18	64.39	0.01	10	64390	买盘
11:05:12	64.38	0.01	3	19314	中性盘
11:05:09	64.37	0.01	1	6437	卖盘
11:05:03	64.36	--	2	12872	卖盘
11:04:57	64.36	-0.04	5	32180	卖盘
11:04:45	64.4	--	5	32200	买盘
11:04:42	64.4	--	2	12880	买盘
11:04:39	64.4	0.04	3	19320	买盘
11:04:33	64.36	--	17	109412	卖盘
11:04:27	64.36	0.06	1	6436	中性盘
11:04:24	64.3	-0.06	36	231480	卖盘
11:04:21	64.36	0.01	2	12872	买盘
11:04:18	64.35	-0.01	5	32174	卖盘
11:04:12	64.36	--	2	12872	买盘
11:03:57	64.36	--	2	12872	卖盘
11:03:45	64.36	-0.04	6	38616	卖盘
11:03:42	64.4	--	9	57960	买盘
11:03:36	64.4	--	2	12880	中性盘
11:03:30	64.4	-0.02	11	70840	卖盘
11:03:27	64.42	--	9	57978	买盘
11:03:21	64.42	--	1	6442	买盘
11:03:15	64.42	--	1	6442	买盘
11:03:12	64.42	-0.01	1	6442	卖盘
11:03:09	64.43	0.01	3	19329	买盘
11:03:06	64.42	--	1	6442	卖盘
11:02:54	64.42	0.02	6	38652	买盘
11:02:51	64.4	--	2	12880	卖盘
11:02:48	64.4	--	1	6440	卖盘
11:02:42	64.4	0.01	3	19320	卖盘
11:02:39	64.39	0.02	3	19317	买盘
11:02:30	64.37	-0.01	20	128740	卖盘
11:02:27	64.38	0.01	6	38628	中性盘
11:02:21	64.37	-0.02	8	51496	卖盘
11:02:18	64.39	0.01	2	12878	买盘
11:02:12	64.38	--	10	64379	买盘
11:02:09	64.38	0.02	5	32189	买盘
11:02:03	64.36	--	5	32180	买盘
11:01:57	64.36	--	6	38616	买盘
11:01:54	64.36	--	2	12872	买盘
11:01:51	64.36	0.01	4	25744	买盘
11:01:48	64.35	-0.01	8	51479	中性盘
11:01:42	64.36	0.01	5	32180	买盘
11:01:39	64.35	--	7	45044	买盘
11:01:36	64.35	--	1	6434	买盘
11:01:33	64.35	0.01	11	70785	买盘
11:01:27	64.34	0.03	38	244492	买盘
11:01:18	64.31	--	12	77172	卖盘
11:01:12	64.31	0.01	3	19293	买盘
11:01:09	64.3	0.02	2	12860	买盘
11:01:03	64.28	-0.02	1	6428	中性盘
11:00:54	64.3	0.04	100	643000	买盘
11:00:39	64.26	--	7	44982	买盘
11:00:36	64.26	0.02	11	70686	买盘
11:00:33	64.24	-0.01	4	25695	买盘
11:00:30	64.25	--	1	6425	卖盘
11:00:27	64.25	--	2	12850	买盘
11:00:18	64.25	0.02	1	6425	买盘
11:00:15	64.23	-0.03	4	25692	卖盘
11:00:03	64.26	0.03	44	282744	买盘
10:59:48	64.23	--	7	44961	买盘
10:59:42	64.23	0.01	5	32115	买盘
10:59:36	64.22	--	2	12844	卖盘
10:59:30	64.22	--	6	38532	买盘
10:59:24	64.22	--	1	6422	买盘
10:59:21	64.22	0.01	2	12844	买盘
10:59:18	64.21	--	2	12841	卖盘
10:59:15	64.21	--	3	19262	卖盘
10:59:12	64.21	-0.01	1	6420	卖盘
10:59:09	64.22	0.01	2	12844	买盘
10:59:06	64.21	--	12	77051	买盘
10:59:03	64.21	--	1	6420	买盘
10:58:54	64.21	--	5	32104	买盘
10:58:51	64.21	-0.02	2	12841	买盘
10:58:42	64.23	--	5	32115	买盘
10:58:39	64.23	0.01	12	77076	买盘
10:58:27	64.22	--	9	57798	卖盘
10:58:21	64.22	0.04	2	12844	买盘
10:58:18	64.18	-0.04	1	6418	卖盘
10:58:15	64.22	--	4	25688	买盘
10:58:03	64.22	0.03	5	32110	买盘
10:57:57	64.19	-0.03	10	64190	卖盘
10:57:51	64.22	-0.01	18	115596	中性盘
10:57:21	64.23	0.03	10	64230	买盘
10:57:18	64.2	--	1	6420	卖盘
10:57:15	64.2	-0.03	2	12840	卖盘
10:57:09	64.23	--	4	25692	买盘
10:56:54	64.23	--	5	32115	买盘
10:56:51	64.23	--	10	64230	买盘
10:56:48	64.23	--	4	25692	买盘
10:56:36	64.23	-0.02	10	64230	卖盘
10:56:33	64.25	--	17	109225	买盘
10:56:30	64.25	--	2	12850	买盘
10:56:21	64.25	--	10	64250	买盘
10:56:15	64.25	0.02	10	64250	买盘
10:55:51	64.23	-0.02	1	6423	卖盘
10:55:39	64.25	0.01	8	51400	买盘
10:55:36	64.24	--	6	38544	卖盘
10:55:18	64.24	--	7	44968	卖盘
10:55:15	64.24	0.01	34	218415	买盘
10:55:12	64.23	--	1	6423	卖盘
10:55:09	64.23	--	1	6423	卖盘
10:55:00	64.23	--	2	12846	买盘
10:54:54	64.23	-0.01	2	12846	中性盘
10:54:21	64.24	0.05	3	19272	买盘
10:54:18	64.19	-0.04	21	134799	卖盘
10:54:06	64.23	-0.01	8	51384	卖盘
10:53:57	64.24	0.01	8	51391	买盘
10:53:54	64.23	-0.01	2	12846	卖盘
10:53:51	64.24	-0.01	3	19272	中性盘
10:53:36	64.25	--	23	147775	买盘
10:53:12	64.25	-0.01	8	51400	卖盘
10:53:09	64.26	--	11	70686	买盘
10:53:06	64.26	0.01	6	38556	买盘
10:53:03	64.25	--	1	6425	卖盘
10:53:00	64.25	--	5	32125	卖盘
10:52:54	64.25	-0.01	3	19275	卖盘
10:52:51	64.26	0.01	7	44982	买盘
10:52:48	64.25	--	2	12850	买盘
10:52:24	64.25	0.01	58	372650	买盘
10:52:21	64.24	0.02	9	57815	买盘
10:52:15	64.22	--	5	32110	卖盘
10:52:03	64.22	0.01	15	96330	买盘
10:52:00	64.21	--	8	51367	卖盘
10:51:57	64.21	0.05	28	179787	买盘
10:51:54	64.16	-0.04	6	38496	卖盘
10:51:48	64.2	0.02	44	282480	买盘
10:51:30	64.18	--	5	32090	买盘
10:51:27	64.18	-0.02	3	19254	中性盘
10:51:21	64.2	0.04	20	128400	买盘
10:51:18	64.16	-0.02	2	12832	卖盘
10:51:12	64.18	--	1	6418	卖盘
10:51:09	64.18	--	1	6418	卖盘
10:50:57	64.18	-0.01	7	44926	卖盘
10:50:54	64.19	0.01	1	6419	买盘
10:50:48	64.18	-0.02	1	6418	中性盘
10:50:42	64.2	0.02	47	301740	买盘
10:50:36	64.18	0.06	3	19254	买盘
10:50:24	64.12	-0.03	1	6412	卖盘
10:50:21	64.15	0.04	3	19245	买盘
10:50:09	64.11	0.02	1	6411	中性盘
10:50:03	64.09	-0.06	11	70499	卖盘
10:49:57	64.15	0.04	2	12830	买盘
10:49:51	64.11	0.03	3	19233	买盘
10:49:45	64.08	--	1	6408	卖盘
10:49:39	64.08	-0.02	5	32040	中性盘
10:49:33	64.1	0.04	8	51279	买盘
10:49:18	64.06	--	2	12812	卖盘
10:49:12	64.06	0.01	57	365142	买盘
10:49:09	64.05	-0.01	8	51240	卖盘
10:49:06	64.06	--	6	38436	买盘
10:49:03	64.06	--	4	25624	买盘
10:48:51	64.06	0.01	1	6406	买盘
10:48:48	64.05	--	5	32025	买盘
10:48:45	64.05	--	4	25620	买盘
10:48:42	64.05	--	8	51240	买盘
10:48:39	64.05	--	10	64050	买盘
10:48:27	64.05	--	4	25620	买盘
10:48:21	64.05	0.02	7	44835	买盘
10:48:12	64.03	--	2	12806	卖盘
10:48:09	64.03	0.01	2	12806	买盘
10:47:57	64.02	--	2	12804	买盘
10:47:51	64.02	-0.01	2	12804	中性盘
10:47:45	64.03	0.01	11	70433	买盘
10:47:36	64.02	--	3	19206	卖盘
10:47:24	64.02	--	2	12804	卖盘
10:47:21	64.02	0.01	4	25608	买盘
10:47:18	64.01	--	5	32005	卖盘
10:47:15	64.01	--	1	6401	卖盘
10:47:12	64.01	-0.01	1	6401	卖盘
10:47:09	64.02	0.01	4	25608	买盘
10:47:00	64.01	0.01	3	19203	卖盘
10:46:45	64.0	--	3	19200	卖盘
10:46:39	64.0	-0.03	5	32000	卖盘
10:46:33	64.03	0.03	7	44821	买盘
10:46:30	64.0	--	2	12800	卖盘
10:46:24	64.0	--	12	76800	卖盘
10:46:15	64.0	-0.01	23	147200	卖盘
10:46:06	64.01	-0.05	45	288045	卖盘
10:45:51	64.06	0.01	10	64060	买盘
10:45:48	64.05	--	6	38430	卖盘
10:45:45	64.05	--	13	83265	卖盘
10:45:39	64.05	--	2	12810	卖盘
10:45:30	64.05	-0.01	4	25620	卖盘
10:45:27	64.06	0.01	4	25624	买盘
10:45:15	64.05	-0.01	1	6405	卖盘
10:45:03	64.06	--	17	108902	卖盘
10:45:00	64.06	-0.04	6	38436	卖盘
10:44:36	64.1	0.01	7	44869	买盘
10:44:27	64.09	-0.01	2	12818	卖盘
10:44:18	64.1	--	1	6409	买盘
10:44:12	64.1	-0.08	5	32049	卖盘
10:44:06	64.18	--	1	6418	买盘
10:44:03	64.18	--	2	12836	买盘
10:43:54	64.18	0.07	21	134778	买盘
10:43:42	64.11	-0.07	1	6411	卖盘
10:43:33	64.18	--	2	12836	买盘
10:43:21	64.18	--	5	32090	卖盘
10:43:18	64.18	--	4	25672	卖盘
10:43:15	64.18	--	5	32090	卖盘
10:43:12	64.18	--	1	6418	卖盘
10:43:09	64.18	--	5	32090	卖盘
10:43:03	64.18	-0.01	9	57762	中性盘
10:43:00	64.19	0.01	18	115542	买盘
10:42:54	64.18	0.13	2	12836	中性盘
10:42:36	64.05	-0.04	2	12810	买盘
10:42:33	64.09	--	7	44863	卖盘
10:42:30	64.09	0.05	2	12818	卖盘
10:42:27	64.04	--	2	16010	卖盘
10:42:21	64.04	-0.05	6	38424	卖盘
10:42:18	64.09	0.06	2	12818	买盘
10:42:06	64.03	-0.06	10	64030	卖盘
10:42:00	64.09	--	12	76908	卖盘
10:41:57	64.09	0.06	1	6409	买盘
10:41:54	64.03	0.01	1	6403	中性盘
10:41:39	64.02	-0.09	2	12804	中性盘
10:41:33	64.11	--	4	25644	买盘
10:41:24	64.11	0.11	5	32055	买盘
10:41:21	64.0	-0.2	52	332800	卖盘
10:41:18	64.2	0.09	10	64200	买盘
10:41:15	64.11	-0.08	5	32055	卖盘
10:41:06	64.19	-0.01	1	6419	中性盘
10:40:48	64.2	--	1	6420	买盘
10:40:42	64.2	-0.02	8	51360	卖盘
10:40:33	64.22	-0.04	3	19266	中性盘
10:40:21	64.26	0.04	51	327726	买盘
10:40:18	64.22	-0.04	12	77064	卖盘
10:40:09	64.26	--	9	57834	卖盘
10:39:57	64.26	--	3	19278	卖盘
10:39:54	64.26	--	1	6426	卖盘
10:39:48	64.26	0.03	20	128520	买盘
10:39:45	64.23	0.01	19	122037	买盘
10:39:42	64.22	-0.01	9	57798	卖盘
10:39:39	64.23	--	18	115614	买盘
10:39:36	64.23	0.01	5	32115	买盘
10:39:33	64.22	--	13	83486	买盘
10:39:30	64.22	--	11	70642	卖盘
10:39:27	64.22	--	2	12844	买盘
10:39:24	64.22	--	11	70642	买盘
10:39:21	64.22	0.02	10	64220	买盘
10:39:18	64.2	--	2	12840	卖盘
10:39:15	64.2	--	2	12840	卖盘
10:39:12	64.2	0.1	2	12840	卖盘
10:39:09	64.1	--	1	6409	卖盘
10:39:06	64.1	-0.12	2	12819	中性盘
10:39:03	64.22	0.14	42	269724	买盘
10:39:00	64.08	0.08	30	192240	卖盘
10:38:57	64.0	--	49	313600	卖盘
10:38:51	64.0	-0.06	1	6400	卖盘
10:38:48	64.06	0.06	69	442014	买盘
10:38:45	64.0	--	13	83200	买盘
10:38:39	64.0	--	12	76800	买盘
10:38:33	64.0	--	21	134400	买盘
10:38:27	64.0	0.02	6	38400	买盘
10:38:18	63.98	0.03	20	127960	买盘
10:38:15	63.95	0.01	5	31975	买盘
10:38:09	63.94	0.02	20	127880	买盘
10:38:06	63.92	--	2	12784	卖盘
10:38:00	63.92	--	4	25568	买盘
10:37:57	63.92	0.03	47	300424	买盘
10:37:54	63.89	-0.03	23	146947	卖盘
10:37:45	63.92	0.01	25	159800	买盘
10:37:42	63.91	0.01	9	57519	买盘
10:37:39	63.9	0.01	67	428130	买盘
10:37:27	63.89	--	1	6389	卖盘
10:37:24	63.89	--	6	38334	卖盘
10:37:21	63.89	0.01	19	121391	买盘
10:37:18	63.88	--	1	6388	卖盘
10:37:15	63.88	--	1	6388	卖盘
10:37:12	63.88	-0.01	25	159700	卖盘
10:37:09	63.89	0.01	6	38334	买盘
10:37:06	63.88	--	1	6388	卖盘
10:37:03	63.88	0.15	1	6388	买盘
10:36:54	63.73	-0.15	11	70103	卖盘
10:36:48	63.88	0.08	7	44716	买盘
10:36:39	63.8	-0.04	42	267960	卖盘
10:36:21	63.84	-0.05	6	38304	卖盘
10:36:15	63.89	0.03	3	19167	买盘
10:36:09	63.86	--	1	6386	卖盘
10:36:06	63.86	--	4	25544	买盘
10:35:57	63.86	0.03	4	25544	买盘
10:35:54	63.83	-0.03	1	6383	卖盘
10:35:45	63.86	--	2	12772	买盘
10:35:42	63.86	0.03	5	31930	中性盘
10:35:24	63.83	-0.03	20	127660	卖盘
10:35:18	63.86	0.03	2	12772	买盘
10:35:15	63.83	-0.07	5	31915	卖盘
10:35:06	63.9	0.04	14	89460	买盘
10:34:54	63.86	-0.02	12	76632	卖盘
10:34:51	63.88	-0.02	3	19164	卖盘
10:34:39	63.9	0.02	3	19170	买盘
10:34:36	63.88	0.02	4	25552	买盘
10:34:33	63.86	-0.02	6	38316	卖盘
10:34:30	63.88	--	3	19164	买盘
10:34:27	63.88	--	3	19164	买盘
10:34:18	63.88	--	4	25552	买盘
10:34:15	63.88	0.02	13	83044	买盘
10:34:09	63.86	-0.02	1	6386	中性盘
10:34:00	63.88	--	9	57492	买盘
10:33:36	63.88	0.02	40	255520	买盘
10:33:33	63.86	0.04	2	12772	买盘
10:33:18	63.82	--	2	12764	卖盘
10:33:12	63.82	--	1	6382	卖盘
10:33:09	63.82	-0.04	1	6382	卖盘
10:33:03	63.86	0.05	8	51088	买盘
10:32:36	63.81	--	4	25524	卖盘
10:32:24	63.81	-0.05	7	44667	卖盘
10:32:18	63.86	--	2	12772	买盘
10:31:57	63.86	--	2	12772	卖盘
10:31:54	63.86	-0.02	4	25544	卖盘
10:31:45	63.88	--	13	83044	买盘
10:31:39	63.88	--	3	19164	买盘
10:31:33	63.88	-0.02	3	19164	卖盘
10:31:24	63.9	0.02	1	6390	买盘
10:31:21	63.88	--	4	25552	卖盘
10:31:15	63.88	-0.02	1	6388	卖盘
10:31:12	63.9	0.02	6	38340	买盘
10:31:09	63.88	0.02	1	6388	中性盘
10:31:00	63.86	-0.04	10	63860	中性盘
10:30:45	63.9	0.09	9	57510	买盘
10:30:42	63.81	-0.09	3	19143	卖盘
10:30:39	63.9	--	10	63900	买盘
10:30:27	63.9	--	3	19170	买盘
10:30:24	63.9	0.01	47	300330	买盘
10:30:18	63.89	0.09	3	19167	买盘
10:30:03	63.8	-0.09	2	12760	卖盘
10:29:57	63.89	0.01	10	63890	买盘
10:29:51	63.88	0.08	6	38328	买盘
10:29:48	63.8	--	3	19140	买盘
10:29:42	63.8	0.03	7	44660	买盘
10:29:33	63.77	--	1	6377	买盘
10:29:21	63.77	0.03	10	63770	买盘
10:29:12	63.74	0.01	3	19122	买盘
10:29:09	63.73	-0.01	4	25492	卖盘
10:29:06	63.74	0.02	3	19122	中性盘
10:28:03	63.72	--	1	6372	卖盘
10:27:51	63.72	-0.05	2	12744	卖盘
10:27:42	63.77	--	1	6377	卖盘
10:27:27	63.77	--	10	63770	买盘
10:27:18	63.77	--	5	31885	买盘
10:27:15	63.77	--	1	6377	买盘
10:27:06	63.77	-0.1	5	31885	卖盘
10:26:45	63.87	0.1	2	12774	卖盘
10:26:42	63.77	--	3	19131	卖盘
10:26:39	63.77	-0.13	4	25508	卖盘
10:26:36	63.9	--	14	89460	买盘
10:26:30	63.9	0.13	52	332280	买盘
10:26:21	63.77	-0.13	8	51016	卖盘
10:26:18	63.9	0.02	7	44730	买盘
10:26:15	63.88	--	4	25552	买盘
10:26:12	63.88	0.09	5	31940	买盘
10:26:00	63.79	-0.09	1	6379	卖盘
10:25:57	63.88	0.1	4	25552	买盘
10:25:54	63.78	-0.1	27	172206	卖盘
10:25:45	63.88	--	5	31940	买盘
10:25:42	63.88	--	5	31940	买盘
10:25:36	63.88	--	4	25552	买盘
10:25:30	63.88	0.1	3	19164	买盘
10:25:21	63.78	-0.1	2	12756	卖盘
10:25:18	63.88	--	5	31940	中性盘
10:25:09	63.88	--	4	25552	买盘
10:25:03	63.88	--	4	25552	买盘
10:25:00	63.88	-0.01	5	31940	中性盘
10:24:57	63.89	--	8	51112	买盘
10:24:54	63.89	0.01	3	19167	买盘
10:24:48	63.88	-0.02	5	31940	卖盘
10:24:39	63.9	--	12	76680	买盘
10:24:21	63.9	--	5	31950	买盘
10:24:18	63.9	--	8	51120	买盘
10:24:15	63.9	--	38	242820	卖盘
10:24:09	63.9	-0.01	10	63900	卖盘
10:24:03	63.91	0.01	4	25564	买盘
10:23:57	63.9	0.02	11	70290	买盘
10:23:51	63.88	-0.02	1	6388	买盘
10:23:45	63.9	0.02	29	185310	买盘
10:23:42	63.88	--	5	31940	卖盘
10:23:36	63.88	-0.02	2	12776	卖盘
10:23:33	63.9	0.02	15	95850	买盘
10:23:30	63.88	--	5	31940	卖盘
10:23:27	63.88	--	6	38328	买盘
10:23:24	63.88	-0.02	8	51104	中性盘
10:23:21	63.9	0.02	15	95850	买盘
10:23:18	63.88	-0.03	11	70268	卖盘
10:23:15	63.91	--	6	38346	买盘
10:23:12	63.91	-0.02	43	274813	买盘
10:23:09	63.93	0.05	69	441117	买盘
10:23:06	63.88	-0.02	8	51104	卖盘
10:23:03	63.9	-0.01	6	38340	卖盘
10:23:00	63.91	0.01	3	19173	买盘
10:22:54	63.9	0.05	39	249210	买盘
10:22:51	63.85	0.08	3	19155	中性盘
10:22:42	63.77	--	43	274211	卖盘
10:22:39	63.77	-0.03	5	31885	卖盘
10:22:36	63.8	0.09	25	159500	买盘
10:22:33	63.71	0.01	3	19113	中性盘
10:22:30	63.7	-0.04	7	44590	卖盘
10:22:27	63.74	0.04	3	19122	买盘
10:22:18	63.7	0.04	38	242060	买盘
10:22:15	63.66	--	5	31830	卖盘
10:22:12	63.66	0.02	10	63660	买盘
10:22:03	63.64	0.02	12	76368	买盘
10:22:00	63.62	-0.02	22	139964	中性盘
10:21:57	63.64	-0.01	1	6364	中性盘
10:21:48	63.65	--	39	248235	买盘
10:21:45	63.65	--	7	44555	买盘
10:21:42	63.65	--	4	25460	买盘
10:21:33	63.65	0.03	51	324615	买盘
10:21:24	63.62	0.11	3	19086	买盘
10:21:21	63.51	-0.09	12	76212	卖盘
10:21:18	63.6	--	2	12720	卖盘
10:21:12	63.6	0.09	20	127200	买盘
10:21:06	63.51	--	5	31755	买盘
10:21:03	63.51	--	3	19053	买盘
10:21:00	63.51	--	20	127020	买盘
10:20:54	63.51	-0.11	16	101616	卖盘
10:20:45	63.62	0.03	10	63620	买盘
10:20:39	63.59	0.09	10	63590	中性盘
10:20:24	63.5	-0.1	42	266700	卖盘
10:20:12	63.6	0.1	20	127200	中性盘
10:19:57	63.5	-0.1	67	425450	卖盘
10:19:54	63.6	--	4	25440	买盘
10:19:51	63.6	0.04	13	82680	买盘
10:19:21	63.56	0.01	1	6356	买盘
10:19:18	63.55	--	2	12710	卖盘
10:19:12	63.55	-0.01	4	25420	卖盘
10:19:09	63.56	--	1	6356	中性盘
10:19:00	63.56	-0.04	2	12712	中性盘
10:18:42	63.6	-0.02	5	31800	中性盘
10:18:39	63.62	0.03	100	636200	买盘
10:18:36	63.59	--	3	19077	卖盘
10:18:33	63.59	--	1	6359	卖盘
10:18:30	63.59	--	2	12718	买盘
10:18:24	63.59	0.09	1	6359	中性盘
10:18:21	63.5	-0.11	20	127000	卖盘
10:18:18	63.61	0.06	95	604295	买盘
10:18:12	63.55	-0.04	7	44485	卖盘
10:18:00	63.59	--	23	146257	卖盘
10:17:57	63.59	-0.02	2	12718	卖盘
10:17:51	63.61	--	1	6361	买盘
10:17:45	63.61	0.01	38	241718	买盘
10:17:39	63.6	-0.01	14	89040	卖盘
10:17:36	63.61	--	31	197191	买盘
10:17:33	63.61	--	11	69971	买盘
10:17:27	63.61	--	28	178108	买盘
10:17:24	63.61	0.01	2	12722	买盘
10:17:18	63.6	-0.02	5	31800	卖盘
10:17:15	63.62	0.04	20	127240	买盘
10:17:12	63.58	0.01	1	6358	卖盘
10:17:09	63.57	-0.01	1	6357	卖盘
10:17:06	63.58	-0.02	10	63580	卖盘
10:17:03	63.6	0.03	23	146280	买盘
10:17:00	63.57	-0.02	10	63570	中性盘
10:16:57	63.59	--	4	25436	卖盘
10:16:54	63.59	0.04	6	38154	买盘
10:16:51	63.55	--	2	12710	卖盘
10:16:48	63.55	--	2	12710	卖盘
10:16:45	63.55	--	11	69905	买盘
10:16:42	63.55	--	4	25420	买盘
10:16:39	63.55	--	5	31775	买盘
10:16:36	63.55	--	8	50840	买盘
10:16:33	63.55	--	3	19065	买盘
10:16:30	63.55	--	6	38130	买盘
10:16:27	63.55	--	1	6355	买盘
10:16:24	63.55	-0.04	24	152520	卖盘
10:16:18	63.59	0.04	3	19077	买盘
10:16:12	63.55	-0.02	2	12710	卖盘
10:16:09	63.57	-0.03	3	19071	中性盘
10:15:57	63.6	--	2	12720	买盘
10:15:54	63.6	--	16	101760	买盘
10:15:45	63.6	--	6	38160	买盘
10:15:42	63.6	-0.02	6	38160	卖盘
10:15:36	63.62	--	11	69982	买盘
10:15:33	63.62	--	1	6362	买盘
10:15:27	63.62	-0.02	2	12724	中性盘
10:15:21	63.64	0.01	6	38184	买盘
10:15:18	63.63	0.09	2	12726	买盘
10:15:15	63.54	-0.1	1	6354	卖盘
10:15:12	63.64	--	2	12728	买盘
10:15:00	63.64	-0.03	31	197284	卖盘
10:14:57	63.67	--	2	12734	买盘
10:14:54	63.67	--	5	31835	买盘
10:14:48	63.67	-0.04	1	6367	卖盘
10:14:45	63.71	--	1	6371	买盘
10:14:42	63.71	0.01	2	12742	买盘
10:14:39	63.7	0.03	1	6370	买盘
10:14:36	63.67	-0.07	2	12734	卖盘
10:14:30	63.74	--	13	82862	卖盘
10:14:27	63.74	0.09	17	108358	买盘
10:14:21	63.65	-0.03	10	63650	卖盘
10:14:15	63.68	0.02	14	89152	卖盘
10:14:09	63.66	0.01	8	50928	买盘
10:14:06	63.65	0.01	9	57285	买盘
10:14:03	63.64	-0.01	2	12728	卖盘
10:14:00	63.65	0.01	2	12730	买盘
10:13:57	63.64	0.14	16	101824	买盘
10:13:51	63.5	--	4	25400	卖盘
10:13:45	63.5	0.05	5	31750	买盘
10:13:42	63.45	-0.05	1	6345	卖盘
10:13:39	63.5	0.05	10	63500	买盘
10:13:36	63.45	0.17	2	12690	买盘
10:13:21	63.28	0.05	1	6328	买盘
10:13:18	63.23	0.03	12	75876	买盘
10:13:12	63.2	--	7	44240	卖盘
10:13:09	63.2	0.03	1	6320	卖盘
10:13:06	63.17	-0.03	3	18951	卖盘
10:13:00	63.2	0.04	27	170640	买盘
10:12:54	63.16	0.05	27	170532	买盘
10:12:51	63.11	--	29	183019	卖盘
10:12:39	63.11	--	7	44177	买盘
10:12:33	63.11	0.01	1	6311	买盘
10:12:27	63.1	0.01	5	31550	买盘
10:12:24	63.09	0.01	5	31545	买盘
10:12:15	63.08	--	88	555104	买盘
10:12:12	63.08	--	30	189240	买盘
10:12:09	63.08	0.02	4	25232	买盘
10:12:00	63.06	--	5	31530	买盘
10:11:57	63.06	--	7	44142	买盘
10:11:54	63.06	--	3	18918	买盘
10:11:45	63.06	0.01	80	504480	买盘
10:11:42	63.05	--	22	138710	买盘
10:11:39	63.05	--	1	6305	买盘
10:11:33	63.05	--	39	245895	买盘
10:11:30	63.05	--	1	6305	买盘
10:11:27	63.05	0.02	1	6305	买盘
10:11:18	63.03	0.02	18	113454	买盘
10:11:12	63.01	-0.02	1	6301	中性盘
10:11:09	63.03	0.03	82	516846	买盘
10:11:06	63.0	--	2	12600	买盘
10:11:03	63.0	0.06	5	31500	买盘
10:10:54	62.94	-0.06	1	6294	卖盘
10:10:39	63.0	--	10	63000	买盘
10:10:18	63.0	-0.06	2	12600	卖盘
10:09:51	63.06	0.06	2	12612	买盘
10:09:48	63.0	--	3	18900	卖盘
10:09:42	63.0	--	2	12600	中性盘
10:09:12	63.0	--	1	6300	卖盘
10:09:09	63.0	0.07	2	12600	买盘
10:08:45	62.93	--	1	6293	卖盘
10:08:42	62.93	-0.07	2	12586	卖盘
10:08:33	63.0	--	2	12600	买盘
10:08:27	63.0	--	16	100800	买盘
10:08:24	63.0	0.08	11	69300	买盘
10:08:09	62.92	--	21	132635	买盘
10:08:00	62.92	--	29	188256	卖盘
10:07:39	62.92	--	2	12584	卖盘
10:07:33	62.92	0.07	168	1057559	买盘
10:07:09	62.85	--	3	18855	买盘
10:07:03	62.85	--	10	62850	买盘
10:07:00	62.85	--	1	6285	买盘
10:06:57	62.85	0.02	1	6285	买盘
10:06:51	62.83	-0.02	1	6283	卖盘
10:06:45	62.85	--	2	12570	买盘
10:06:27	62.85	--	7	43995	卖盘
10:06:24	62.85	--	21	131985	卖盘
10:05:48	62.85	-0.02	14	87990	卖盘
10:05:42	62.87	-0.01	3	18861	卖盘
10:05:21	62.88	--	6	37728	买盘
10:05:18	62.88	--	5	37224	卖盘
10:05:12	62.88	-0.01	11	69168	卖盘
10:05:09	62.89	--	2	12578	买盘
10:05:00	62.89	--	1	6289	买盘
10:04:54	62.89	0.01	1	6289	买盘
10:04:48	62.88	-0.01	1	6288	卖盘
10:04:45	62.89	0.01	9	56601	中性盘
10:04:27	62.88	--	9	56592	卖盘
10:04:21	62.88	-0.01	13	81744	卖盘
10:04:18	62.89	--	2	12578	卖盘
10:04:03	62.89	-0.03	9	56601	卖盘
10:04:00	62.92	-0.08	3	18876	卖盘
10:03:54	63.0	0.08	5	31500	买盘
10:03:48	62.92	--	3	18876	卖盘
10:03:39	62.92	0.01	2	12584	买盘
10:03:33	62.91	--	2	12582	卖盘
10:03:24	62.91	--	2	12582	卖盘
10:03:18	62.91	--	2	12582	卖盘
10:03:12	62.91	--	3	18873	卖盘
10:03:09	62.91	0.01	9	56619	卖盘
10:02:30	62.9	-0.01	2	12580	中性盘
10:02:27	62.91	0.01	17	106947	买盘
10:02:24	62.9	-0.01	7	44030	卖盘
10:02:15	62.91	0.01	5	31455	买盘
10:02:06	62.9	-0.01	3	18870	卖盘
10:01:57	62.91	--	12	75492	卖盘
10:01:51	62.91	--	6	37746	卖盘
10:01:36	62.91	-0.02	5	31455	卖盘
10:01:27	62.93	--	4	25172	中性盘
10:01:24	62.93	--	6	37758	卖盘
10:01:15	62.93	-0.01	4	25172	卖盘
10:01:12	62.94	-0.06	2	12588	中性盘
10:01:03	63.0	--	2	12600	买盘
10:00:57	63.0	--	7	44100	买盘
10:00:51	63.0	--	2	12600	买盘
10:00:36	63.0	0.08	5	31500	买盘
10:00:21	62.92	-0.08	7	44044	卖盘
10:00:09	63.0	--	10	63000	买盘
10:00:00	63.0	--	1	6300	买盘
09:59:51	63.0	--	7	44100	卖盘
09:59:42	63.0	0.11	3	18900	中性盘
09:59:09	62.89	-0.11	49	308161	卖盘
09:59:06	63.0	--	15	95004	买盘
09:58:54	63.0	0.12	3	18900	买盘
09:58:48	62.88	-0.12	5	31440	卖盘
09:58:39	63.0	0.12	1	6300	买盘
09:58:30	62.88	-0.12	2	12576	卖盘
09:58:24	63.0	--	5	31500	买盘
09:58:21	63.0	--	1	6300	买盘
09:58:12	63.0	--	4	25200	卖盘
09:58:09	63.0	--	7	44100	卖盘
09:57:03	63.0	--	1	6300	卖盘
09:56:51	63.0	0.13	3	18900	买盘
09:56:36	62.87	-0.13	8	50296	卖盘
09:56:30	63.0	-0.15	2	12600	中性盘
09:55:09	63.15	--	1	6315	买盘
09:55:06	63.15	0.29	1	6315	买盘
09:55:03	62.86	-0.29	1	6286	中性盘
09:54:45	63.15	-0.01	1	6315	中性盘
09:54:21	63.16	0.04	60	378960	买盘
09:54:18	63.12	0.02	10	63120	买盘
09:54:03	63.1	0.29	1	6310	中性盘
09:53:54	62.81	--	4	25124	买盘
09:53:48	62.81	--	5	31405	买盘
09:53:45	62.81	--	3	18843	买盘
09:53:42	62.81	--	14	87934	买盘
09:53:39	62.81	-0.01	36	226116	卖盘
09:53:36	62.82	0.01	5	31410	中性盘
09:53:33	62.81	--	8	50248	卖盘
09:53:27	62.81	--	5	31405	卖盘
09:53:24	62.81	-0.34	1	6281	中性盘
09:53:06	63.15	0.34	70	442050	买盘
09:53:00	62.81	--	10	62810	买盘
09:52:57	62.81	0.08	5	31405	买盘
09:52:45	62.73	-0.07	71	445383	卖盘
09:52:42	62.8	--	3	24680	中性盘
09:52:30	62.8	0.08	11	69080	中性盘
09:52:27	62.72	-0.08	1	6272	卖盘
09:52:24	62.8	--	5	31400	卖盘
09:52:21	62.8	--	5	31400	买盘
09:52:06	62.8	--	4	25120	买盘
09:51:57	62.8	-0.01	8	50240	卖盘
09:51:54	62.81	--	10	62810	买盘
09:51:48	62.81	--	12	75372	买盘
09:51:45	62.81	--	52	326612	卖盘
09:51:39	62.81	--	21	131901	卖盘
09:51:36	62.81	--	39	244959	卖盘
09:51:33	62.81	--	7	43967	卖盘
09:51:27	62.81	--	1	6281	卖盘
09:51:21	62.81	-0.04	1	6281	卖盘
09:51:15	62.85	0.04	10	62850	买盘
09:51:12	62.81	-0.04	100	628100	卖盘
09:51:09	62.85	--	1	6285	卖盘
09:51:03	62.85	--	2	12570	卖盘
09:51:00	62.85	-0.01	5	31425	卖盘
09:50:51	62.86	--	2	12572	买盘
09:50:48	62.86	--	1	6286	卖盘
09:50:42	62.86	-0.04	17	106862	卖盘
09:50:27	62.9	--	5	31450	卖盘
09:50:21	62.9	--	4	25160	买盘
09:50:15	62.9	--	2	12580	买盘
09:50:12	62.9	--	4	25160	买盘
09:50:09	62.9	--	5	31450	买盘
09:50:00	62.9	--	3	18870	卖盘
09:49:48	62.9	--	5	31450	卖盘
09:49:39	62.9	-0.09	5	31450	卖盘
09:49:36	62.99	-0.02	7	44093	中性盘
09:49:21	63.01	-0.01	6	37806	卖盘
09:49:15	63.02	0.01	10	63020	中性盘
09:49:00	63.01	-0.14	3	18903	卖盘
09:48:48	63.15	-0.01	2	12630	中性盘
09:48:30	63.16	0.36	10	63160	买盘
09:48:24	62.8	-0.36	250	1570000	卖盘
09:48:15	63.16	--	32	202112	卖盘
09:47:45	63.16	--	3	18948	卖盘
09:47:42	63.16	--	50	315800	卖盘
09:47:30	63.16	-0.03	2	12632	卖盘
09:47:27	63.19	0.03	4	25276	买盘
09:47:18	63.16	--	5	31580	卖盘
09:47:12	63.16	0.01	8	50528	卖盘
09:47:09	63.15	-0.01	8	50520	买盘
09:47:06	63.16	--	1	6316	卖盘
09:46:57	63.16	--	3	18948	卖盘
09:46:42	63.16	--	4	25264	卖盘
09:46:30	63.16	-0.04	8	50528	卖盘
09:46:27	63.2	0.04	5	31600	买盘
09:46:21	63.16	-0.06	12	75792	卖盘
09:46:12	63.22	0.01	6	37932	买盘
09:46:09	63.21	--	2	12642	卖盘
09:46:06	63.21	--	3	18963	卖盘
09:46:00	63.21	-0.01	4	25284	卖盘
09:45:51	63.22	--	1	6322	中性盘
09:45:39	63.22	-0.01	2	12644	卖盘
09:45:36	63.23	--	6	37938	买盘
09:45:33	63.23	--	7	44261	买盘
09:45:30	63.23	0.01	10	63230	买盘
09:45:27	63.22	--	7	44254	卖盘
09:45:24	63.22	-0.01	1	6322	卖盘
09:45:12	63.23	--	10	63672	卖盘
09:45:09	63.23	-0.01	4	25292	卖盘
09:45:06	63.24	-0.01	5	31620	买盘
09:45:03	63.25	0.02	1	6325	买盘
09:45:00	63.23	-0.01	14	94402	卖盘
09:44:54	63.24	--	14	88536	卖盘
09:44:51	63.24	--	9	56916	卖盘
09:44:45	63.24	--	3	18972	卖盘
09:44:42	63.24	--	3	18972	卖盘
09:44:36	63.24	-0.01	4	25296	卖盘
09:44:30	63.25	--	1	6325	卖盘
09:44:21	63.25	-0.08	3	18975	卖盘
09:44:15	63.33	0.1	8	50664	买盘
09:44:00	63.23	-0.03	5	31615	卖盘
09:43:42	63.26	--	4	25304	买盘
09:43:39	63.26	--	4	25304	买盘
09:43:36	63.26	--	5	31630	买盘
09:43:33	63.26	-0.07	3	18978	卖盘
09:43:12	63.33	--	1	6333	买盘
09:43:06	63.33	0.08	8	50664	买盘
09:42:48	63.25	0.03	5	31625	买盘
09:42:45	63.22	-0.03	2	12644	卖盘
09:42:39	63.25	--	6	37950	买盘
09:42:24	63.25	0.03	9	56925	买盘
09:42:21	63.22	--	2	12644	卖盘
09:42:18	63.22	--	4	25288	卖盘
09:42:09	63.22	--	17	107474	买盘
09:42:06	63.22	--	10	63220	买盘
09:41:57	63.22	0.01	25	158050	买盘
09:41:54	63.21	0.05	1	6321	中性盘
09:41:45	63.16	-0.06	1	6316	卖盘
09:41:24	63.22	--	2	12644	买盘
09:41:12	63.22	0.02	10	63220	买盘
09:41:00	63.2	--	3	18960	买盘
09:40:57	63.2	-0.02	9	56880	卖盘
09:40:54	63.22	-0.03	16	101152	卖盘
09:40:51	63.25	--	20	126500	买盘
09:40:48	63.25	0.02	10	63250	买盘
09:40:45	63.23	-0.02	31	196013	卖盘
09:40:42	63.25	0.01	2	12650	买盘
09:40:30	63.24	-0.09	12	75888	卖盘
09:40:15	63.33	-0.01	11	69663	卖盘
09:40:09	63.34	-0.02	3	19002	卖盘
09:40:00	63.36	-0.09	2	12672	卖盘
09:39:42	63.45	0.02	20	126900	买盘
09:39:33	63.43	-0.02	6	38058	卖盘
09:39:21	63.45	--	1	6345	买盘
09:39:12	63.45	-0.05	64	406080	卖盘
09:39:09	63.5	-0.01	14	88900	卖盘
09:39:06	63.51	--	10	63510	买盘
09:39:00	63.51	--	5	31755	买盘
09:38:54	63.51	--	29	184179	买盘
09:38:45	63.51	--	6	38106	买盘
09:38:42	63.51	-0.14	7	44457	卖盘
09:38:36	63.65	-0.01	6	38190	中性盘
09:38:27	63.66	0.01	30	190980	买盘
09:38:18	63.65	-0.01	6	38190	卖盘
09:38:12	63.66	0.01	24	152784	买盘
09:38:03	63.65	-0.01	1	6365	买盘
09:37:48	63.66	--	12	76392	卖盘
09:37:39	63.66	--	6	38196	买盘
09:37:36	63.66	0.16	4	25464	买盘
09:37:18	63.5	--	1	6350	卖盘
09:37:12	63.5	0.01	4	25400	买盘
09:37:09	63.49	--	2	12698	卖盘
09:37:06	63.49	-0.01	1	6349	卖盘
09:37:03	63.5	--	14	88900	买盘
09:36:54	63.5	--	1	6350	买盘
09:36:51	63.5	--	2	12700	买盘
09:36:45	63.5	0.02	7	44450	买盘
09:36:39	63.48	-0.02	3	19044	卖盘
09:36:33	63.5	0.05	9	57150	买盘
09:36:24	63.45	--	1	6345	卖盘
09:36:21	63.45	0.02	1	6345	买盘
09:36:18	63.43	--	6	38058	买盘
09:36:06	63.43	-0.01	14	88802	卖盘
09:36:03	63.44	0.01	1	6344	中性盘
09:36:00	63.43	--	1	6343	卖盘
09:35:57	63.43	0.1	5	31715	中性盘
09:35:06	63.33	--	5	31665	卖盘
09:35:03	63.33	--	7	44331	买盘
09:34:51	63.33	--	1	6333	买盘
09:34:45	63.33	-0.17	14	88662	卖盘
09:34:39	63.5	0.02	14	88900	买盘
09:34:18	63.48	0.15	10	63480	买盘
09:33:57	63.33	-0.17	3	18999	中性盘
09:33:27	63.5	0.2	35	222250	买盘
09:33:24	63.3	-0.15	10	63300	卖盘
09:33:21	63.45	0.2	18	114210	买盘
09:33:12	63.25	-0.18	1	6325	卖盘
09:33:09	63.43	0.18	10	63430	买盘
09:32:54	63.25	--	2	12650	卖盘
09:32:42	63.25	--	1	6325	买盘
09:32:39	63.25	-0.2	1	6325	卖盘
09:32:30	63.45	0.05	1	6345	中性盘
09:32:06	63.4	0.15	10	63400	中性盘
09:31:57	63.25	--	3	18975	卖盘
09:31:54	63.25	0.03	10	63250	中性盘
09:31:30	63.22	-0.28	3	18966	中性盘
09:31:09	63.5	-0.15	6	38100	卖盘
09:31:06	63.65	0.15	1	6365	买盘
09:31:03	63.5	--	20	127000	卖盘
09:30:54	63.5	--	5	31750	卖盘
09:30:51	63.5	--	2	12700	卖盘
09:30:45	63.5	--	5	31750	买盘
09:30:15	63.5	--	2	12700	买盘
09:30:09	63.5	-0.16	31	196850	卖盘
09:30:06	63.66	0.65	10	63660	中性盘
09:30:03	63.01	-0.92	2	12602	中性盘
09:25:03	63.93	63.93	58	370794	买盘
