成交时间	成交价	价格变动	成交量(手)	成交额(元)	性质
15:00:03	16.63	0.01	939	1561557	买盘
14:57:03	16.62	--	0	0	卖盘
14:57:00	16.62	-0.01	15	24930	卖盘
14:56:54	16.63	--	77	128050	买盘
14:56:51	16.63	--	20	33260	买盘
14:56:42	16.63	--	44	74136	卖盘
14:56:39	16.63	--	36	59868	卖盘
14:56:36	16.63	-0.01	30	49890	卖盘
14:56:30	16.64	0.01	109	181376	买盘
14:56:27	16.63	--	21	35621	卖盘
14:56:24	16.63	--	19	31596	卖盘
14:56:18	16.63	--	7	11641	卖盘
14:56:15	16.63	--	19	31596	卖盘
14:56:09	16.63	--	100	166300	卖盘
14:56:06	16.63	0.01	88	146344	买盘
14:56:03	16.62	-0.01	6	9972	卖盘
14:56:00	16.63	--	57	94791	买盘
14:55:54	16.63	--	68	113084	买盘
14:55:51	16.63	--	189	314307	买盘
14:55:48	16.63	--	334	556423	卖盘
14:55:45	16.63	-0.01	2	3326	卖盘
14:55:42	16.64	--	50	83200	买盘
14:55:36	16.64	0.01	31	51584	买盘
14:55:33	16.63	-0.01	3	5670	卖盘
14:55:30	16.64	0.01	2	3328	买盘
14:55:27	16.63	--	2	3326	卖盘
14:55:24	16.63	--	10	16630	卖盘
14:55:21	16.63	-0.01	10	16630	卖盘
14:55:18	16.64	0.01	189	314496	买盘
14:55:15	16.63	--	1	1663	卖盘
14:55:12	16.63	-0.01	1	1663	卖盘
14:55:06	16.64	--	7	11648	买盘
14:55:00	16.64	--	10	16640	买盘
14:54:57	16.64	--	34	56576	买盘
14:54:54	16.64	0.01	74	123136	买盘
14:54:48	16.63	--	2	3326	卖盘
14:54:45	16.63	--	5	8315	买盘
14:54:42	16.63	--	8	13304	卖盘
14:54:36	16.63	0.01	12	19956	买盘
14:54:33	16.62	--	100	166200	卖盘
14:54:30	16.62	-0.01	5	8310	卖盘
14:54:27	16.63	--	9	14967	买盘
14:54:24	16.63	0.01	2	3326	买盘
14:54:21	16.62	-0.01	45	74790	卖盘
14:54:18	16.63	--	12	19956	买盘
14:54:12	16.63	--	23	38249	买盘
14:54:06	16.63	--	169	281047	卖盘
14:53:57	16.63	--	23	38249	卖盘
14:53:54	16.63	--	82	136366	卖盘
14:53:48	16.63	--	13	21619	卖盘
14:53:45	16.63	--	10	16630	卖盘
14:53:42	16.63	--	98	162974	卖盘
14:53:39	16.63	-0.01	20	33260	卖盘
14:53:36	16.64	0.01	37	61568	买盘
14:53:33	16.63	--	3	4989	卖盘
14:53:30	16.63	-0.01	5	8315	卖盘
14:53:27	16.64	0.01	122	203008	买盘
14:53:24	16.63	--	18	29934	卖盘
14:53:21	16.63	--	5	8315	卖盘
14:53:12	16.63	0.01	37	61530	买盘
14:53:09	16.62	--	1	1662	卖盘
14:52:57	16.62	-0.01	4	6648	卖盘
14:52:51	16.63	--	14	23282	卖盘
14:52:48	16.63	--	6	9978	买盘
14:52:45	16.63	0.01	44	73172	买盘
14:52:42	16.62	-0.01	5	8310	卖盘
14:52:39	16.63	0.01	1	1663	买盘
14:52:33	16.62	-0.01	347	576714	卖盘
14:52:30	16.63	0.01	39	64856	买盘
14:52:24	16.62	--	19	31578	卖盘
14:52:21	16.62	--	10	16620	卖盘
14:52:18	16.62	--	9	14958	卖盘
14:52:15	16.62	--	10	16620	卖盘
14:52:09	16.62	--	10	16620	卖盘
14:52:06	16.62	--	60	99720	卖盘
14:52:03	16.62	--	25	41550	卖盘
14:52:00	16.62	--	19	31578	买盘
14:51:54	16.62	0.01	6	9972	买盘
14:51:39	16.61	-0.01	40	66440	卖盘
14:51:33	16.62	--	65	108030	卖盘
14:51:30	16.62	0.01	21	34902	买盘
14:51:27	16.61	--	25	41525	卖盘
14:51:24	16.61	--	6	9966	卖盘
14:51:15	16.61	-0.01	50	83050	卖盘
14:51:12	16.62	--	100	166200	买盘
14:51:03	16.62	--	67	111354	卖盘
14:50:57	16.62	0.01	3	4986	买盘
14:50:54	16.61	-0.01	60	99660	卖盘
14:50:51	16.62	-0.01	12	19944	卖盘
14:50:48	16.63	0.01	5	8315	买盘
14:50:39	16.62	-0.01	50	83100	卖盘
14:50:33	16.63	--	3	4989	买盘
14:50:18	16.63	--	17	28271	卖盘
14:50:15	16.63	-0.01	3	4989	卖盘
14:50:03	16.64	--	1	1664	卖盘
14:50:00	16.64	0.01	9	14976	买盘
14:49:57	16.63	-0.02	4	6652	卖盘
14:49:48	16.65	0.02	57	94904	买盘
14:49:45	16.63	-0.01	111	184593	卖盘
14:49:39	16.64	0.01	51	84864	买盘
14:49:36	16.63	--	11	18293	卖盘
14:49:30	16.63	--	30	49890	卖盘
14:49:12	16.63	-0.01	96	159648	卖盘
14:49:06	16.64	-0.01	1	1664	中性盘
14:49:03	16.65	0.01	128	213119	买盘
14:49:00	16.64	-0.01	3	4992	卖盘
14:48:51	16.65	0.01	4	6659	买盘
14:48:36	16.64	--	5	8320	卖盘
14:48:33	16.64	-0.01	38	63232	卖盘
14:48:30	16.65	--	1	1664	买盘
14:48:27	16.65	--	66	109889	买盘
14:48:09	16.65	0.01	39	64934	买盘
14:48:03	16.64	--	16	26624	卖盘
14:47:57	16.64	--	4	6656	买盘
14:47:51	16.64	--	5	8320	卖盘
14:47:27	16.64	0.01	167	278054	买盘
14:47:24	16.63	--	52	86476	卖盘
14:47:18	16.63	--	10	16630	卖盘
14:47:15	16.63	--	100	166300	卖盘
14:47:09	16.63	--	3	4989	卖盘
14:47:06	16.63	--	100	166300	卖盘
14:47:03	16.63	0.01	93	154659	买盘
14:47:00	16.62	-0.01	218	362316	卖盘
14:46:57	16.63	0.01	101	167963	买盘
14:46:48	16.62	--	4	6648	卖盘
14:46:45	16.62	--	50	83100	卖盘
14:46:36	16.62	--	29	48198	卖盘
14:46:30	16.62	--	1	1662	卖盘
14:46:27	16.62	--	37	61494	卖盘
14:46:24	16.62	--	11	18282	卖盘
14:46:18	16.62	--	1	1662	卖盘
14:46:15	16.62	--	14	23268	卖盘
14:46:12	16.62	--	100	166200	卖盘
14:46:09	16.62	--	10	16620	卖盘
14:46:03	16.62	--	20	33240	卖盘
14:46:00	16.62	--	28	46536	卖盘
14:45:54	16.62	-0.01	96	159552	卖盘
14:45:45	16.63	--	156	259427	卖盘
14:45:42	16.63	--	10	16630	卖盘
14:45:33	16.63	--	9	14967	卖盘
14:45:27	16.63	-0.01	40	66520	卖盘
14:45:24	16.64	--	1	1664	买盘
14:45:09	16.64	--	35	59737	卖盘
14:45:06	16.64	--	14	23296	卖盘
14:45:03	16.64	--	12	19968	卖盘
14:45:00	16.64	--	20	33280	卖盘
14:44:57	16.64	--	10	16640	卖盘
14:44:54	16.64	--	8	13312	卖盘
14:44:51	16.64	--	12	19968	卖盘
14:44:45	16.64	--	10	16640	卖盘
14:44:42	16.64	--	10	16640	卖盘
14:44:36	16.64	--	70	116480	卖盘
14:44:27	16.64	--	45	74880	卖盘
14:44:24	16.64	--	15	24960	卖盘
14:44:21	16.64	--	20	33280	卖盘
14:44:15	16.64	-0.01	13	21632	卖盘
14:44:09	16.65	--	31	51614	买盘
14:44:06	16.65	0.01	4	6659	买盘
14:44:03	16.64	--	2	3328	卖盘
14:43:54	16.64	--	60	99840	卖盘
14:43:48	16.64	--	199	331136	卖盘
14:43:45	16.64	--	20	33280	卖盘
14:43:42	16.64	--	3	4992	卖盘
14:43:39	16.64	--	75	124800	卖盘
14:43:36	16.64	--	20	33280	卖盘
14:43:24	16.64	--	100	166400	卖盘
14:43:18	16.64	-0.01	10	16640	卖盘
14:42:54	16.65	--	10	16650	买盘
14:42:51	16.65	0.01	5	8325	买盘
14:42:48	16.64	--	21	34944	卖盘
14:42:36	16.64	-0.01	12	19968	卖盘
14:42:21	16.65	--	17	28304	买盘
14:42:15	16.65	0.01	50	83250	买盘
14:42:09	16.64	--	100	166400	卖盘
14:41:54	16.64	--	12	19968	卖盘
14:41:51	16.64	--	12	19968	卖盘
14:41:48	16.64	--	17	28288	卖盘
14:41:45	16.64	-0.01	5	8320	卖盘
14:41:30	16.65	--	10	16650	买盘
14:41:27	16.65	0.01	57	94904	买盘
14:41:21	16.64	-0.01	5	8320	卖盘
14:41:12	16.65	--	307	511154	卖盘
14:41:09	16.65	--	2	3329	卖盘
14:41:00	16.65	--	2	3329	卖盘
14:40:57	16.65	-0.01	11	18315	卖盘
14:40:48	16.66	0.01	1	1666	买盘
14:40:39	16.65	--	6	9990	卖盘
14:40:36	16.65	--	20	33300	卖盘
14:40:33	16.65	--	1	1664	卖盘
14:40:30	16.65	--	2	3329	卖盘
14:40:27	16.65	-0.01	15	24974	卖盘
14:40:24	16.66	0.01	30	49980	买盘
14:40:21	16.65	-0.01	20	33300	卖盘
14:40:03	16.66	0.01	2	3332	买盘
14:39:57	16.65	--	20	33300	卖盘
14:39:51	16.65	--	20	33300	卖盘
14:39:42	16.65	--	160	266400	卖盘
14:39:24	16.65	--	16	26639	卖盘
14:39:18	16.65	--	4	6659	卖盘
14:39:15	16.65	--	5	8325	卖盘
14:39:06	16.65	-0.01	15	24974	卖盘
14:39:03	16.66	--	23	38318	买盘
14:39:00	16.66	0.01	178	296548	买盘
14:38:36	16.65	0.01	3	4995	中性盘
14:38:33	16.64	--	5	8320	卖盘
14:38:27	16.64	-0.01	9	14976	卖盘
14:38:21	16.65	0.01	34	56776	买盘
14:38:18	16.64	-0.01	2	3328	卖盘
14:38:15	16.65	--	30	49949	买盘
14:38:12	16.65	--	1	1664	买盘
14:38:06	16.65	0.01	7	11654	买盘
14:38:03	16.64	-0.01	8	13312	卖盘
14:38:00	16.65	--	11	18315	买盘
14:37:54	16.65	0.01	5	8325	买盘
14:37:48	16.64	-0.01	6	9984	卖盘
14:37:45	16.65	--	1	1664	买盘
14:37:36	16.65	--	50	83250	买盘
14:37:24	16.65	--	2	3329	买盘
14:37:21	16.65	--	6	11488	卖盘
14:37:18	16.65	--	5	8325	卖盘
14:37:15	16.65	-0.01	10	16650	卖盘
14:37:09	16.66	0.01	2	3332	买盘
14:37:03	16.65	--	5	8325	卖盘
14:37:00	16.65	--	2	3329	卖盘
14:36:57	16.65	--	4	6659	卖盘
14:36:45	16.65	-0.01	100	166500	卖盘
14:36:42	16.66	0.01	18	29988	买盘
14:36:27	16.65	--	44	73260	卖盘
14:36:24	16.65	--	99	164835	卖盘
14:36:18	16.65	-0.01	50	83250	卖盘
14:36:12	16.66	0.01	1	1666	买盘
14:36:03	16.65	-0.01	100	166500	卖盘
14:35:30	16.66	--	175	291550	买盘
14:35:27	16.66	0.01	8	13328	买盘
14:35:24	16.65	-0.01	102	169830	卖盘
14:35:12	16.66	0.01	8	13328	买盘
14:34:57	16.65	--	15	24974	卖盘
14:34:54	16.65	--	32	53279	卖盘
14:34:42	16.65	-0.01	10	16650	卖盘
14:34:39	16.66	--	1	1666	买盘
14:34:30	16.66	--	14	23324	卖盘
14:34:27	16.66	--	8	13328	卖盘
14:34:18	16.66	--	5	8330	卖盘
14:34:15	16.66	--	61	101626	卖盘
14:34:12	16.66	--	10	16660	卖盘
14:33:57	16.66	--	145	241570	买盘
14:33:54	16.66	--	90	149940	买盘
14:33:45	16.66	--	6	9996	买盘
14:33:39	16.66	--	3	4998	买盘
14:33:36	16.66	--	100	166600	买盘
14:33:33	16.66	0.01	20	33320	买盘
14:33:30	16.65	-0.01	8	13319	卖盘
14:33:27	16.66	--	1	1666	买盘
14:33:24	16.66	0.01	27	44982	买盘
14:33:21	16.65	-0.01	10	16650	卖盘
14:33:09	16.66	0.01	11	18326	买盘
14:32:57	16.65	--	189	314851	买盘
14:32:45	16.65	0.01	189	314685	买盘
14:32:21	16.64	-0.01	2	3328	卖盘
14:32:12	16.65	0.01	6	9990	买盘
14:32:06	16.64	-0.01	8	13312	卖盘
14:32:03	16.65	0.01	36	59939	买盘
14:32:00	16.64	-0.01	5	8320	卖盘
14:31:57	16.65	--	24	39960	买盘
14:31:54	16.65	--	24	39960	买盘
14:31:51	16.65	0.01	24	39960	买盘
14:31:42	16.64	--	31	51584	买盘
14:31:39	16.64	--	20	33280	买盘
14:31:36	16.64	0.01	84	139776	买盘
14:31:27	16.63	--	32	53216	卖盘
14:31:15	16.63	-0.01	6	9978	卖盘
14:31:06	16.64	--	10	16640	买盘
14:31:03	16.64	0.01	30	49920	买盘
14:30:45	16.63	--	10	16630	卖盘
14:30:42	16.63	-0.01	6	9978	卖盘
14:30:36	16.64	--	10	16640	买盘
14:30:06	16.64	--	10	16640	买盘
14:29:51	16.64	--	20	33280	买盘
14:29:39	16.64	0.01	10	16640	买盘
14:29:09	16.63	--	3	4989	卖盘
14:29:06	16.63	--	7	11641	卖盘
14:28:57	16.63	--	11	18293	买盘
14:28:48	16.63	--	12	19956	买盘
14:28:42	16.63	--	12	19956	卖盘
14:28:36	16.63	--	2	3326	卖盘
14:28:27	16.63	--	70	116410	卖盘
14:28:24	16.63	--	1	1663	卖盘
14:28:21	16.63	--	104	172952	买盘
14:28:18	16.63	0.01	5	8315	买盘
14:28:09	16.62	--	20	33240	卖盘
14:28:00	16.62	-0.01	24	39888	卖盘
14:27:42	16.63	--	5	8315	买盘
14:27:30	16.63	--	23	38249	买盘
14:27:12	16.63	--	2	3326	买盘
14:27:00	16.63	--	39	64856	买盘
14:26:42	16.63	0.01	10	16630	买盘
14:26:36	16.62	-0.01	5	8310	卖盘
14:26:33	16.63	0.01	3	4989	买盘
14:26:27	16.62	-0.01	27	44874	卖盘
14:26:24	16.63	--	1	1663	买盘
14:26:18	16.63	0.01	2	3326	买盘
14:25:45	16.62	--	287	476994	买盘
14:25:39	16.62	0.01	1	1662	买盘
14:25:27	16.61	--	10	16610	卖盘
14:25:18	16.61	--	6	9966	卖盘
14:25:12	16.61	--	14	23254	卖盘
14:25:09	16.61	--	10	16610	卖盘
14:25:00	16.61	--	2	3322	卖盘
14:24:45	16.61	--	40	66440	买盘
14:24:33	16.61	--	2	3322	买盘
14:24:27	16.61	--	5	8305	买盘
14:24:21	16.61	--	31	51491	卖盘
14:23:45	16.61	0.01	46	76406	买盘
14:23:39	16.6	-0.01	3	4980	卖盘
14:23:36	16.61	--	10	16610	买盘
14:23:21	16.61	0.01	53	88033	买盘
14:23:18	16.6	-0.01	50	83000	卖盘
14:23:15	16.61	--	80	132880	买盘
14:23:06	16.61	0.01	23	38203	买盘
14:22:57	16.6	--	190	315400	卖盘
14:22:51	16.6	--	10	16600	卖盘
14:22:48	16.6	--	1	1660	卖盘
14:22:33	16.6	-0.01	2	3320	卖盘
14:22:24	16.61	0.01	21	34881	买盘
14:22:09	16.6	--	2	3320	卖盘
14:22:06	16.6	--	2	3320	卖盘
14:22:03	16.6	--	30	49800	卖盘
14:22:00	16.6	--	11	18260	卖盘
14:21:51	16.6	--	4	6640	卖盘
14:21:30	16.6	-0.01	1	1660	卖盘
14:21:27	16.61	0.01	20	33220	买盘
14:21:24	16.6	--	100	166000	卖盘
14:21:21	16.6	-0.01	10	16600	卖盘
14:21:18	16.61	0.01	1	1661	买盘
14:21:12	16.6	--	2	3320	卖盘
14:21:09	16.6	--	2	3320	卖盘
14:21:06	16.6	--	66	109560	买盘
14:20:51	16.6	--	94	156040	卖盘
14:20:48	16.6	--	20	33200	卖盘
14:20:42	16.6	--	30	49800	卖盘
14:20:33	16.6	--	10	16600	卖盘
14:20:27	16.6	--	6	9960	卖盘
14:20:24	16.6	--	4	6640	卖盘
14:20:18	16.6	--	4	6640	卖盘
14:19:54	16.6	--	1	1660	卖盘
14:19:51	16.6	-0.01	15	24900	卖盘
14:19:42	16.61	0.01	6	9966	买盘
14:19:33	16.6	--	15	24900	卖盘
14:19:27	16.6	--	1	1660	卖盘
14:19:24	16.6	--	4	6640	卖盘
14:19:09	16.6	--	77	127820	卖盘
14:19:00	16.6	-0.01	6	9960	卖盘
14:18:54	16.61	0.02	168	279048	买盘
14:18:51	16.59	--	8	13272	卖盘
14:18:39	16.59	--	22	36498	卖盘
14:18:33	16.59	--	183	303597	卖盘
14:18:30	16.59	--	35	58065	卖盘
14:18:24	16.59	--	10	16590	卖盘
14:18:18	16.59	--	20	33180	卖盘
14:18:15	16.59	--	14	23226	卖盘
14:18:06	16.59	-0.01	12	19908	卖盘
14:18:03	16.6	--	5	8300	买盘
14:17:54	16.6	--	206	341960	卖盘
14:17:51	16.6	--	23	38180	卖盘
14:17:42	16.6	-0.01	25	41500	卖盘
14:17:27	16.61	--	186	308946	卖盘
14:17:09	16.61	--	12	19932	卖盘
14:17:03	16.61	--	2	3322	卖盘
14:17:00	16.61	--	20	33220	卖盘
14:16:54	16.61	--	6	9966	卖盘
14:16:42	16.61	--	14	23254	卖盘
14:16:39	16.61	--	2	3322	卖盘
14:16:36	16.61	--	5	8305	卖盘
14:16:12	16.61	--	80	132880	卖盘
14:16:06	16.61	-0.01	58	96338	卖盘
14:16:03	16.62	--	20	33240	卖盘
14:15:54	16.62	-0.01	10	16620	卖盘
14:15:48	16.63	--	3	4989	买盘
14:15:33	16.63	0.01	132	219516	买盘
14:15:30	16.62	--	62	103044	买盘
14:15:24	16.62	--	38	63156	卖盘
14:15:12	16.62	--	3	4986	卖盘
14:15:00	16.62	--	2	3324	卖盘
14:14:57	16.62	-0.01	30	49860	卖盘
14:14:45	16.63	0.01	32	53216	买盘
14:14:42	16.62	--	54	89748	卖盘
14:14:36	16.62	--	5	8310	卖盘
14:14:33	16.62	--	100	166200	卖盘
14:14:30	16.62	--	16	26592	卖盘
14:14:21	16.62	--	20	33240	卖盘
14:14:18	16.62	--	3	4986	卖盘
14:14:12	16.62	-0.01	10	16620	卖盘
14:14:00	16.63	-0.01	20	33260	卖盘
14:13:57	16.64	0.01	16	26624	买盘
14:13:51	16.63	--	10	16630	卖盘
14:13:42	16.63	--	100	166300	卖盘
14:13:39	16.63	--	5	8315	卖盘
14:13:21	16.63	--	12	19956	卖盘
14:13:18	16.63	-0.01	75	124724	卖盘
14:13:12	16.64	--	9	14976	卖盘
14:13:09	16.64	--	10	16640	卖盘
14:13:06	16.64	--	21	34944	买盘
14:13:00	16.64	0.01	54	89856	买盘
14:12:54	16.63	--	12	19956	卖盘
14:12:45	16.63	-0.01	187	310981	卖盘
14:12:39	16.64	--	1	1664	买盘
14:12:36	16.64	0.01	27	44928	买盘
14:12:33	16.63	--	31	51553	卖盘
14:12:30	16.63	--	17	28271	卖盘
14:12:15	16.63	-0.01	58	96454	卖盘
14:12:09	16.64	0.01	1	1664	买盘
14:12:06	16.63	--	7	11641	卖盘
14:12:03	16.63	-0.01	1	1663	卖盘
14:11:51	16.64	--	4	6656	买盘
14:11:36	16.64	--	34	56576	卖盘
14:11:33	16.64	--	40	66560	卖盘
14:11:30	16.64	--	2	3328	卖盘
14:11:27	16.64	--	5	8320	卖盘
14:11:21	16.64	-0.01	5	8320	卖盘
14:11:15	16.65	0.01	30	49949	买盘
14:11:03	16.64	--	16	26624	卖盘
14:10:57	16.64	--	10	16640	卖盘
14:10:42	16.64	-0.01	10	16640	卖盘
14:10:39	16.65	0.01	25	41625	买盘
14:10:15	16.64	--	13	21632	卖盘
14:10:12	16.64	--	1	1664	买盘
14:10:09	16.64	0.01	138	229632	买盘
14:10:03	16.63	--	2	3326	卖盘
14:10:00	16.63	--	10	16630	买盘
14:09:54	16.63	0.01	21	34923	买盘
14:09:45	16.62	--	6	9972	卖盘
14:09:42	16.62	-0.01	1	1662	卖盘
14:09:33	16.63	0.01	30	49890	买盘
14:09:30	16.62	-0.01	4	6648	卖盘
14:09:24	16.63	0.01	7	11641	买盘
14:09:09	16.62	--	18	29916	卖盘
14:09:06	16.62	-0.01	30	49860	卖盘
14:08:51	16.63	--	32	53216	卖盘
14:08:45	16.63	--	14	23282	卖盘
14:08:42	16.63	--	10	16630	卖盘
14:08:27	16.63	--	200	332600	卖盘
14:08:18	16.63	-0.01	3	4989	卖盘
14:08:12	16.64	0.01	1	1664	买盘
14:08:09	16.63	-0.01	6	9978	卖盘
14:08:03	16.64	0.01	1	1664	买盘
14:07:54	16.63	-0.01	6	9978	卖盘
14:07:48	16.64	--	46	76544	卖盘
14:07:39	16.64	--	12	19968	买盘
14:07:30	16.64	--	1	1664	卖盘
14:07:21	16.64	-0.01	100	166400	卖盘
14:07:15	16.65	--	5	8325	买盘
14:07:03	16.65	--	40	66600	买盘
14:06:57	16.65	0.01	4	6659	买盘
14:06:48	16.64	-0.01	9	14976	卖盘
14:06:42	16.65	0.01	3	4995	买盘
14:06:36	16.64	--	8	13312	卖盘
14:06:30	16.64	--	21	34944	卖盘
14:06:12	16.64	--	16	26624	买盘
14:06:09	16.64	--	50	83200	买盘
14:05:51	16.64	--	5	8320	买盘
14:05:36	16.64	0.01	10	16640	买盘
14:05:15	16.63	--	5	8315	卖盘
14:05:12	16.63	--	15	24945	卖盘
14:05:09	16.63	--	8	13304	卖盘
14:04:54	16.63	--	107	177941	买盘
14:04:51	16.63	--	15	24945	买盘
14:04:45	16.63	--	5	8315	买盘
14:04:36	16.63	--	10	16630	买盘
14:04:30	16.63	--	20	33260	买盘
14:04:21	16.63	0.01	135	224505	买盘
14:04:09	16.62	--	12	19944	卖盘
14:04:00	16.62	-0.01	5	8310	卖盘
14:03:36	16.63	--	5	8315	买盘
14:03:27	16.63	--	20	33260	买盘
14:03:24	16.63	0.01	5	8315	买盘
14:03:09	16.62	--	3	4986	卖盘
14:03:03	16.62	--	78	129636	卖盘
14:03:00	16.62	-0.01	8	13296	卖盘
14:02:57	16.63	--	24	39912	买盘
14:02:51	16.63	--	12	19956	买盘
14:02:48	16.63	0.01	12	19956	买盘
14:02:45	16.62	0.01	20	33240	买盘
14:02:36	16.61	-0.01	92	152812	中性盘
14:02:30	16.62	--	89	147918	买盘
14:02:21	16.62	0.01	89	147918	买盘
14:02:18	16.61	--	96	159456	卖盘
14:02:12	16.61	--	3	4983	卖盘
14:01:54	16.61	-0.01	10	16610	卖盘
14:01:45	16.62	--	25	41550	买盘
14:01:21	16.62	--	3	4986	买盘
14:01:15	16.62	--	9	14958	卖盘
14:01:12	16.62	--	2	3324	卖盘
14:01:03	16.62	-0.02	2	3324	卖盘
14:00:48	16.64	--	10	16640	买盘
14:00:27	16.64	0.02	20	33280	买盘
14:00:24	16.62	-0.01	71	118002	卖盘
14:00:21	16.63	--	29	48227	卖盘
14:00:12	16.63	--	28	46564	卖盘
14:00:06	16.63	--	5	8315	卖盘
14:00:00	16.63	0.01	3	4989	买盘
13:59:54	16.62	0.01	7	11634	中性盘
13:59:12	16.61	--	23	38203	卖盘
13:59:03	16.61	-0.04	6	9966	买盘
13:59:00	16.65	0.05	804	1338660	买盘
13:58:57	16.6	-0.01	15	24900	卖盘
13:58:45	16.61	--	2	3322	买盘
13:58:42	16.61	--	94	157628	卖盘
13:58:36	16.61	--	42	69762	卖盘
13:58:21	16.61	--	101	167761	卖盘
13:58:18	16.61	--	71	117931	卖盘
13:58:09	16.61	--	30	49830	卖盘
13:58:06	16.61	--	7	11627	卖盘
13:58:00	16.61	--	10	16610	卖盘
13:57:57	16.61	--	10	16610	卖盘
13:57:51	16.61	-0.01	16	26576	卖盘
13:57:45	16.62	--	40	66480	买盘
13:57:39	16.62	--	15	24930	买盘
13:57:15	16.62	--	32	53184	买盘
13:56:48	16.62	-0.01	29	48198	卖盘
13:56:45	16.63	0.01	4	6652	买盘
13:56:42	16.62	-0.01	29	48198	卖盘
13:56:27	16.63	--	5	8315	卖盘
13:56:21	16.63	0.01	31	51553	买盘
13:56:18	16.62	-0.01	3	4986	卖盘
13:56:15	16.63	0.01	48	79824	买盘
13:56:09	16.62	--	20	33240	卖盘
13:56:06	16.62	--	70	116340	卖盘
13:55:54	16.62	-0.02	15	24930	卖盘
13:55:51	16.64	0.02	45	74880	中性盘
13:55:39	16.62	--	20	33240	卖盘
13:55:24	16.62	0.01	52	86424	买盘
13:55:18	16.61	-0.01	8	13288	卖盘
13:55:15	16.62	0.01	78	129636	买盘
13:55:12	16.61	--	5	8305	卖盘
13:55:09	16.61	--	10	16610	卖盘
13:55:03	16.61	--	20	33220	卖盘
13:54:57	16.61	0.02	96	159622	买盘
13:54:48	16.59	-0.01	248	411432	卖盘
13:54:36	16.6	--	20	33200	卖盘
13:54:27	16.6	-0.01	22	36520	卖盘
13:54:09	16.61	0.01	40	67386	买盘
13:54:00	16.6	--	30	49800	买盘
13:53:57	16.6	--	52	87133	卖盘
13:53:45	16.6	--	2	3320	卖盘
13:53:39	16.6	--	10	16600	卖盘
13:53:36	16.6	-0.01	48	79680	卖盘
13:53:33	16.61	0.01	8	13288	买盘
13:53:24	16.6	--	18	29880	卖盘
13:53:18	16.6	--	5	8300	卖盘
13:53:12	16.6	--	10	16600	卖盘
13:53:06	16.6	--	17	28220	卖盘
13:53:00	16.6	-0.01	38	63926	卖盘
13:52:57	16.61	--	5	8305	买盘
13:52:54	16.61	-0.01	5	8305	卖盘
13:52:51	16.62	0.01	56	93072	买盘
13:52:48	16.61	--	10	16610	买盘
13:52:30	16.61	--	3	4983	卖盘
13:52:24	16.61	-0.01	100	166100	卖盘
13:52:15	16.62	0.01	10	16620	买盘
13:52:03	16.61	-0.01	3	4983	卖盘
13:52:00	16.62	--	32	53184	买盘
13:51:54	16.62	--	6	9972	买盘
13:51:51	16.62	-0.01	1	1662	中性盘
13:51:36	16.63	0.01	4	6652	买盘
13:51:33	16.62	-0.01	29	48198	卖盘
13:51:06	16.63	--	4	6652	买盘
13:50:51	16.63	-0.01	227	378315	卖盘
13:50:42	16.64	--	20	33280	卖盘
13:50:36	16.64	--	12	19968	卖盘
13:50:33	16.64	--	5	8320	卖盘
13:50:24	16.64	--	12	19968	卖盘
13:50:18	16.64	--	32	53248	卖盘
13:50:15	16.64	--	13	21632	卖盘
13:50:09	16.64	--	5	8320	卖盘
13:50:06	16.64	--	17	28288	卖盘
13:50:00	16.64	--	12	19968	卖盘
13:49:51	16.64	--	12	19968	卖盘
13:49:48	16.64	--	6	9984	卖盘
13:49:45	16.64	-0.01	20	33280	卖盘
13:49:30	16.65	--	29	48284	卖盘
13:49:27	16.65	0.01	100	166500	中性盘
13:49:00	16.64	--	12	19968	卖盘
13:48:51	16.64	-0.02	12	19968	卖盘
13:48:45	16.66	-0.01	3	4998	中性盘
13:48:42	16.67	0.03	32	53344	买盘
13:48:39	16.64	--	12	19968	卖盘
13:48:36	16.64	-0.02	2	3328	卖盘
13:48:27	16.66	-0.01	5	8330	中性盘
13:48:21	16.67	0.01	22	36674	买盘
13:48:18	16.66	--	150	249900	卖盘
13:48:12	16.66	--	11	18326	卖盘
13:48:06	16.66	--	1	1666	卖盘
13:48:00	16.66	--	3	4998	卖盘
13:47:51	16.66	-0.01	88	146608	卖盘
13:47:39	16.67	--	10	16670	买盘
13:47:21	16.67	-0.01	24	40008	卖盘
13:47:12	16.68	--	23	38364	买盘
13:46:54	16.68	--	3	5004	买盘
13:46:48	16.68	0.02	300	500400	买盘
13:46:42	16.66	-0.02	12	19992	卖盘
13:46:33	16.68	0.01	500	834000	买盘
13:46:27	16.67	-0.01	14	23338	卖盘
13:46:24	16.68	0.01	6	10008	买盘
13:46:18	16.67	--	23	38341	卖盘
13:46:15	16.67	--	10	16670	卖盘
13:46:12	16.67	--	6	10002	卖盘
13:46:03	16.67	--	6	10002	卖盘
13:45:54	16.67	--	30	50010	卖盘
13:45:48	16.67	--	4	6668	卖盘
13:45:45	16.67	--	2	3334	卖盘
13:45:33	16.67	0.04	214	356738	买盘
13:45:15	16.63	-0.03	691	1149981	卖盘
13:45:06	16.66	0.01	90	149940	买盘
13:45:03	16.65	--	5	8325	卖盘
13:45:00	16.65	--	17	28304	卖盘
13:44:42	16.65	--	63	104894	买盘
13:44:36	16.65	--	200	333000	买盘
13:44:27	16.65	--	5	8325	卖盘
13:44:24	16.65	-0.01	5	8325	中性盘
13:44:18	16.66	0.01	209	349010	买盘
13:44:06	16.65	--	39	64934	卖盘
13:44:00	16.65	--	15	24974	卖盘
13:43:57	16.65	-0.01	15	24974	卖盘
13:43:45	16.66	0.01	10	16660	买盘
13:43:33	16.65	-0.01	11	18315	卖盘
13:43:24	16.66	0.01	19	31654	买盘
13:43:21	16.65	-0.01	15	24974	卖盘
13:43:15	16.66	0.01	45	74970	买盘
13:43:12	16.65	--	13	21644	卖盘
13:43:06	16.65	--	20	33300	卖盘
13:42:54	16.65	-0.01	10	16650	卖盘
13:42:51	16.66	0.01	41	69155	买盘
13:42:48	16.65	0.01	196	326340	买盘
13:42:39	16.64	0.01	148	246272	买盘
13:42:33	16.63	-0.01	5	8315	卖盘
13:42:30	16.64	0.01	24	39936	买盘
13:42:27	16.63	--	68	113084	买盘
13:42:21	16.63	0.01	12	19956	买盘
13:42:15	16.62	--	9	14958	买盘
13:42:12	16.62	--	15	24930	买盘
13:42:03	16.62	0.01	12	19944	买盘
13:41:57	16.61	-0.01	60	99660	卖盘
13:41:54	16.62	0.01	72	119664	买盘
13:41:45	16.61	-0.01	15	24915	卖盘
13:41:30	16.62	--	10	16620	买盘
13:41:24	16.62	0.01	12	19944	买盘
13:41:18	16.61	-0.01	10	16610	卖盘
13:41:15	16.62	0.01	6	9972	买盘
13:41:00	16.61	--	10	16610	卖盘
13:40:57	16.61	-0.01	24	39864	卖盘
13:40:54	16.62	--	2	3324	买盘
13:40:51	16.62	--	7	11634	卖盘
13:40:45	16.62	0.01	26	43212	买盘
13:40:42	16.61	-0.01	15	24915	卖盘
13:40:30	16.62	-0.01	12	19944	卖盘
13:40:24	16.63	0.01	9	14967	买盘
13:40:21	16.62	--	2	3324	卖盘
13:40:15	16.62	--	4	6648	卖盘
13:40:03	16.62	--	10	16620	卖盘
13:39:57	16.62	--	5	8310	卖盘
13:39:54	16.62	0.01	8	13296	买盘
13:39:51	16.61	--	13	21593	卖盘
13:39:48	16.61	--	50	83050	卖盘
13:39:36	16.61	0.01	2	3322	买盘
13:39:33	16.6	-0.02	15	24900	卖盘
13:39:27	16.62	0.02	10	16620	买盘
13:39:12	16.6	-0.02	50	83000	卖盘
13:39:06	16.62	0.01	1	1662	买盘
13:39:00	16.61	--	20	33220	卖盘
13:38:57	16.61	--	16	26576	买盘
13:38:51	16.61	0.01	30	49830	买盘
13:38:39	16.6	0.01	39	64740	买盘
13:38:36	16.59	-0.01	20	33180	卖盘
13:38:27	16.6	0.01	1	1660	买盘
13:38:24	16.59	-0.01	3	4977	卖盘
13:38:21	16.6	--	35	58100	买盘
13:38:12	16.6	--	252	418320	卖盘
13:38:09	16.6	--	11	18260	卖盘
13:38:03	16.6	--	10	16600	卖盘
13:38:00	16.6	--	8	13280	卖盘
13:37:57	16.6	--	41	68060	卖盘
13:37:54	16.6	-0.01	38	63080	卖盘
13:37:51	16.61	0.01	1	1661	买盘
13:37:45	16.6	--	8	13280	卖盘
13:37:39	16.6	--	194	322040	买盘
13:37:27	16.6	-0.01	235	390100	卖盘
13:37:12	16.61	-0.01	10	16610	卖盘
13:37:06	16.62	--	55	91410	卖盘
13:37:03	16.62	-0.01	121	201102	卖盘
13:37:00	16.63	--	1	1663	买盘
13:36:54	16.63	--	37	61530	卖盘
13:36:51	16.63	--	22	36586	卖盘
13:36:48	16.63	--	7	11641	卖盘
13:36:45	16.63	--	20	33260	卖盘
13:36:39	16.63	0.01	36	59868	买盘
13:36:33	16.62	-0.01	50	83100	卖盘
13:36:21	16.63	--	5	8315	卖盘
13:36:18	16.63	-0.01	98	162974	卖盘
13:36:15	16.64	--	13	21632	买盘
13:36:12	16.64	0.01	3	4992	买盘
13:36:09	16.63	--	710	1180730	卖盘
13:36:06	16.63	-0.01	10	16630	卖盘
13:36:03	16.64	--	12	19968	买盘
13:35:51	16.64	--	90	149760	买盘
13:35:48	16.64	--	10	16640	买盘
13:35:36	16.64	--	56	93184	卖盘
13:35:33	16.64	--	1	1664	卖盘
13:35:30	16.64	--	50	83200	卖盘
13:35:27	16.64	--	20	33280	卖盘
13:35:15	16.64	--	30	49920	卖盘
13:35:12	16.64	-0.01	1	1664	中性盘
13:35:09	16.65	0.01	78	129869	买盘
13:35:00	16.64	--	51	85679	卖盘
13:34:57	16.64	--	27	44928	卖盘
13:34:54	16.64	--	14	23296	卖盘
13:34:51	16.64	--	6	9984	卖盘
13:34:48	16.64	--	5	8320	卖盘
13:34:45	16.64	-0.01	21	34944	卖盘
13:34:39	16.65	0.01	5	8325	买盘
13:34:30	16.64	--	98	163072	卖盘
13:34:27	16.64	--	5	8320	卖盘
13:34:24	16.64	-0.01	5	8320	卖盘
13:34:15	16.65	--	100	166500	买盘
13:34:03	16.65	0.01	78	129869	买盘
13:33:54	16.64	-0.01	30	49920	卖盘
13:33:45	16.65	--	132	219779	卖盘
13:33:42	16.65	-0.01	10	16650	卖盘
13:33:36	16.66	0.01	63	104958	买盘
13:33:33	16.65	--	15	24974	卖盘
13:33:30	16.65	--	90	149850	卖盘
13:33:27	16.65	--	6	9990	卖盘
13:33:12	16.65	-0.01	11	18315	卖盘
13:33:09	16.66	0.01	6	9996	买盘
13:33:06	16.65	--	1	1664	卖盘
13:33:03	16.65	-0.01	42	69930	卖盘
13:32:51	16.66	--	4	6664	买盘
13:32:48	16.66	--	6	9996	买盘
13:32:42	16.66	0.01	2	3332	买盘
13:32:39	16.65	--	5	8325	卖盘
13:32:36	16.65	-0.01	6	9990	卖盘
13:32:33	16.66	0.01	55	91630	买盘
13:32:27	16.65	-0.01	28	46619	卖盘
13:32:15	16.66	--	19	31654	买盘
13:32:12	16.66	--	1	1666	买盘
13:32:09	16.66	0.01	30	49980	买盘
13:32:00	16.65	--	11	18315	卖盘
13:31:48	16.65	-0.01	3	4995	卖盘
13:31:39	16.66	--	1	1666	买盘
13:31:36	16.66	--	25	41650	买盘
13:31:30	16.66	-0.01	21	34986	卖盘
13:31:21	16.67	0.01	50	83350	买盘
13:31:18	16.66	--	28	47664	卖盘
13:31:15	16.66	-0.01	9	14994	卖盘
13:31:09	16.67	--	12	20004	买盘
13:31:06	16.67	--	10	16670	买盘
13:31:00	16.67	--	30	50010	卖盘
13:30:57	16.67	--	15	25005	卖盘
13:30:54	16.67	0.01	5	8335	卖盘
13:30:51	16.66	-0.02	50	83300	卖盘
13:30:48	16.68	0.01	134	223512	买盘
13:30:42	16.67	0.02	260	434070	买盘
13:30:39	16.65	-0.01	6	9990	卖盘
13:30:33	16.66	--	12	21008	卖盘
13:30:30	16.66	--	85	142259	买盘
13:30:24	16.66	--	141	234906	买盘
13:30:18	16.66	--	20	33320	买盘
13:30:06	16.66	0.01	20	33320	买盘
13:30:03	16.65	--	10	16650	卖盘
13:29:51	16.65	-0.01	4	6659	中性盘
13:29:36	16.66	--	10	16660	买盘
13:29:21	16.66	--	4	6664	买盘
13:29:15	16.66	0.01	350	583100	买盘
13:29:06	16.65	--	78	129869	买盘
13:29:00	16.65	--	32	54295	卖盘
13:28:57	16.65	--	21	34965	卖盘
13:28:54	16.65	--	94	157159	买盘
13:28:45	16.65	--	9	15834	买盘
13:28:36	16.65	--	10	16650	买盘
13:28:33	16.65	--	5	8325	买盘
13:28:24	16.65	0.01	4	6659	买盘
13:28:21	16.64	0.01	1	1664	买盘
13:28:12	16.63	-0.02	33	54879	卖盘
13:28:09	16.65	0.02	79	131535	买盘
13:28:06	16.63	-0.02	10	16630	卖盘
13:28:00	16.65	--	1	1664	买盘
13:27:48	16.65	--	10	16650	买盘
13:27:39	16.65	--	34	56609	买盘
13:27:36	16.65	0.02	100	166500	买盘
13:27:33	16.63	-0.02	142	236146	卖盘
13:27:30	16.65	0.01	21	34965	买盘
13:27:27	16.64	--	11	18304	卖盘
13:27:21	16.64	-0.01	51	84864	卖盘
13:27:12	16.65	0.01	13	21644	买盘
13:27:03	16.64	--	1	1664	卖盘
13:27:00	16.64	-0.01	2	3328	卖盘
13:26:57	16.65	0.01	22	36630	买盘
13:26:54	16.64	--	10	16640	卖盘
13:26:51	16.64	-0.01	60	99840	卖盘
13:26:45	16.65	0.01	4	6659	买盘
13:26:42	16.64	--	10	16640	卖盘
13:26:36	16.64	-0.01	30	49920	卖盘
13:26:33	16.65	--	247	411254	买盘
13:26:30	16.65	--	1	1664	买盘
13:26:24	16.65	--	12	19980	买盘
13:26:21	16.65	0.02	97	161505	买盘
13:26:18	16.63	-0.01	2	3326	卖盘
13:26:15	16.64	--	90	149760	买盘
13:26:12	16.64	-0.01	12	19968	买盘
13:26:06	16.65	0.01	66	109889	买盘
13:26:03	16.64	0.01	20	33280	买盘
13:26:00	16.63	-0.01	12	20953	卖盘
13:25:57	16.64	0.01	53	88857	中性盘
13:25:54	16.63	-0.02	100	166300	卖盘
13:25:51	16.65	0.01	29	48284	买盘
13:25:45	16.64	0.01	1	1664	买盘
13:25:39	16.63	--	2	3326	卖盘
13:25:33	16.63	--	7	11641	卖盘
13:25:24	16.63	--	69	114747	卖盘
13:25:21	16.63	-0.01	30	49890	卖盘
13:25:18	16.64	--	25	41600	买盘
13:25:15	16.64	0.01	1	1664	买盘
13:25:12	16.63	--	160	266080	卖盘
13:25:09	16.63	--	230	382490	卖盘
13:25:06	16.63	-0.01	40	66520	卖盘
13:25:03	16.64	0.01	23	38272	买盘
13:25:00	16.63	--	155	257764	卖盘
13:24:57	16.63	--	24	39912	卖盘
13:24:48	16.63	--	3	4989	卖盘
13:24:45	16.63	--	20	33260	卖盘
13:24:39	16.63	--	14	23282	卖盘
13:24:33	16.63	--	92	152996	卖盘
13:24:27	16.63	--	29	48227	卖盘
13:24:15	16.63	-0.01	113	187919	卖盘
13:24:12	16.64	0.01	5	8320	买盘
13:24:03	16.63	-0.01	19	31596	卖盘
13:23:54	16.64	0.01	59	98176	买盘
13:23:51	16.63	--	106	176278	卖盘
13:23:39	16.63	--	73	121399	卖盘
13:23:36	16.63	-0.01	6	9978	卖盘
13:23:33	16.64	0.01	1	1664	买盘
13:23:30	16.63	--	20	33260	卖盘
13:23:21	16.63	-0.01	53	88139	卖盘
13:22:54	16.64	--	42	69888	买盘
13:22:51	16.64	0.01	1	1664	买盘
13:22:48	16.63	-0.01	3	4989	卖盘
13:22:45	16.64	--	15	24960	卖盘
13:22:39	16.64	--	114	189696	卖盘
13:22:36	16.64	--	20	33280	卖盘
13:22:30	16.64	--	4	6656	卖盘
13:22:24	16.64	--	10	16640	卖盘
13:22:21	16.64	-0.01	3	4992	卖盘
13:22:18	16.65	0.01	2	3329	买盘
13:22:09	16.64	-0.01	85	141440	卖盘
13:21:57	16.65	0.01	500	832499	买盘
13:21:48	16.64	--	96	159744	买盘
13:21:42	16.64	0.01	26	43264	买盘
13:21:36	16.63	-0.01	17	28271	卖盘
13:21:33	16.64	--	1	1664	买盘
13:21:21	16.64	0.01	17	28288	买盘
13:21:15	16.63	--	10	16630	卖盘
13:21:09	16.63	--	78	129713	买盘
13:21:06	16.63	0.01	19	31596	买盘
13:20:57	16.62	0.01	10	16620	中性盘
13:20:45	16.61	--	33	54813	卖盘
13:20:39	16.61	--	37	61457	卖盘
13:20:06	16.61	-0.02	90	149490	卖盘
13:20:03	16.63	0.01	200	332600	买盘
13:20:00	16.62	--	23	38226	卖盘
13:19:51	16.62	-0.01	2	3324	卖盘
13:19:48	16.63	0.01	10	16630	买盘
13:19:45	16.62	--	4	6648	卖盘
13:19:42	16.62	--	33	54846	卖盘
13:19:36	16.62	--	67	111354	买盘
13:19:33	16.62	0.01	56	93072	买盘
13:19:27	16.61	-0.01	2	3322	卖盘
13:19:24	16.62	0.01	15	24930	买盘
13:19:21	16.61	-0.01	5	8305	卖盘
13:19:12	16.62	--	10	16620	买盘
13:19:09	16.62	--	1	1662	买盘
13:19:06	16.62	--	40	66480	卖盘
13:19:03	16.62	--	10	16620	卖盘
13:18:57	16.62	-0.01	50	83100	卖盘
13:18:54	16.63	--	25	41575	买盘
13:18:42	16.63	--	24	39912	卖盘
13:18:36	16.63	-0.01	20	33260	卖盘
13:18:33	16.64	--	29	48256	卖盘
13:18:15	16.64	0.01	94	156416	买盘
13:18:09	16.63	--	17	28271	卖盘
13:18:03	16.63	-0.01	13	21619	卖盘
13:17:51	16.64	-0.01	1	1664	中性盘
13:17:30	16.65	0.01	300	499499	买盘
13:17:27	16.64	--	1	1664	买盘
13:17:21	16.64	0.01	15	24960	买盘
13:17:18	16.63	-0.01	7	11641	买盘
13:17:15	16.64	--	4	6656	卖盘
13:17:12	16.64	--	34	56576	卖盘
13:17:09	16.64	--	11	18304	卖盘
13:17:00	16.64	-0.01	12	19968	中性盘
13:16:57	16.65	0.02	410	682649	买盘
13:16:48	16.63	--	2	3326	卖盘
13:16:45	16.63	-0.01	27	44901	卖盘
13:16:42	16.64	0.01	9	14976	买盘
13:16:39	16.63	-0.01	12	19956	卖盘
13:16:30	16.64	-0.01	72	119824	卖盘
13:16:27	16.65	--	8	13319	买盘
13:16:21	16.65	--	31	51614	买盘
13:16:18	16.65	-0.01	30	49949	中性盘
13:16:09	16.66	0.01	26	43316	买盘
13:16:03	16.65	--	60	99899	卖盘
13:16:00	16.65	-0.01	96	159840	卖盘
13:15:57	16.66	0.01	62	103292	买盘
13:15:48	16.65	-0.01	22	36630	卖盘
13:15:45	16.66	--	118	196588	买盘
13:15:42	16.66	0.01	7	11662	买盘
13:15:39	16.65	-0.01	57	94904	卖盘
13:15:36	16.66	0.01	18	29988	买盘
13:15:33	16.65	--	5	8325	卖盘
13:15:30	16.65	-0.01	5	8325	卖盘
13:15:24	16.66	0.01	66	109956	买盘
13:15:18	16.65	--	1	1664	卖盘
13:15:15	16.65	--	10	16650	卖盘
13:15:12	16.65	--	32	53279	卖盘
13:15:09	16.65	-0.01	4	6659	卖盘
13:15:03	16.66	0.01	29	48314	买盘
13:15:00	16.65	--	59	98234	卖盘
13:14:57	16.65	--	10	16650	卖盘
13:14:54	16.65	--	133	221444	买盘
13:14:48	16.65	0.01	70	116549	买盘
13:14:45	16.64	-0.01	30	49920	卖盘
13:14:42	16.65	0.01	80	133200	买盘
13:14:36	16.64	--	21	34944	卖盘
13:14:33	16.64	--	22	36608	卖盘
13:14:30	16.64	0.01	130	217967	买盘
13:14:27	16.63	-0.01	12	19956	卖盘
13:14:21	16.64	0.01	4	6656	买盘
13:14:12	16.63	--	8	13304	卖盘
13:14:09	16.63	--	1	1663	卖盘
13:14:06	16.63	0.02	329	547127	买盘
13:14:03	16.61	--	14	23254	卖盘
13:13:54	16.61	--	30	49830	卖盘
13:13:48	16.61	--	8	13288	卖盘
13:13:33	16.61	-0.02	12	19932	卖盘
13:13:30	16.63	0.02	90	149670	买盘
13:13:24	16.61	-0.02	25	41525	卖盘
13:13:21	16.63	0.01	61	101443	买盘
13:13:18	16.62	0.01	47	78114	买盘
13:13:15	16.61	-0.01	20	33220	卖盘
13:13:12	16.62	0.01	7	11634	买盘
13:13:06	16.61	-0.01	40	66440	卖盘
13:13:00	16.62	--	23	38226	卖盘
13:12:54	16.62	--	6	9972	卖盘
13:12:51	16.62	--	14	23268	卖盘
13:12:48	16.62	--	40	66480	卖盘
13:12:45	16.62	-0.01	20	33240	卖盘
13:12:42	16.63	0.01	152	252775	买盘
13:12:39	16.62	-0.01	10	16620	卖盘
13:12:36	16.63	--	1	1663	买盘
13:12:33	16.63	0.01	20	33260	买盘
13:12:30	16.62	-0.01	18	29916	卖盘
13:12:27	16.63	0.01	1	1663	买盘
13:12:21	16.62	-0.01	52	86424	卖盘
13:12:15	16.63	--	3	4989	买盘
13:12:09	16.63	--	1	1663	买盘
13:12:06	16.63	-0.01	54	89802	卖盘
13:12:03	16.64	0.01	1	1664	买盘
13:12:00	16.63	--	53	88139	卖盘
13:11:57	16.63	--	20	33260	卖盘
13:11:54	16.63	0.01	33	54879	中性盘
13:11:45	16.62	-0.02	10	16620	卖盘
13:11:42	16.64	--	85	141440	买盘
13:11:36	16.64	0.02	220	366080	买盘
13:11:33	16.62	-0.01	16	26592	卖盘
13:11:30	16.63	--	10	16630	买盘
13:11:24	16.63	--	20	33260	买盘
13:11:21	16.63	0.01	1	1663	买盘
13:11:18	16.62	--	96	159552	卖盘
13:11:12	16.62	-0.01	11	18282	卖盘
13:11:03	16.63	--	10	16630	买盘
13:11:00	16.63	--	31	51553	卖盘
13:10:57	16.63	--	106	176278	卖盘
13:10:54	16.63	--	2	3326	卖盘
13:10:51	16.63	--	25	41575	卖盘
13:10:48	16.63	-0.01	47	78161	卖盘
13:10:45	16.64	--	60	99840	买盘
13:10:42	16.64	--	31	51584	买盘
13:10:36	16.64	--	1	1664	买盘
13:10:33	16.64	--	56	93184	买盘
13:10:18	16.64	--	7	11648	卖盘
13:10:15	16.64	--	55	91520	卖盘
13:10:12	16.64	--	5	8320	卖盘
13:10:00	16.64	--	15	24960	买盘
13:09:57	16.64	--	76	126464	买盘
13:09:54	16.64	--	1	1664	买盘
13:09:51	16.64	--	81	134784	买盘
13:09:48	16.64	0.01	71	118144	买盘
13:09:45	16.63	-0.01	36	59868	卖盘
13:09:39	16.64	--	1	1664	买盘
13:09:30	16.64	--	110	183040	买盘
13:09:27	16.64	--	1	1664	买盘
13:09:21	16.64	--	22	36608	买盘
13:09:18	16.64	0.01	22	36608	买盘
13:09:09	16.63	--	15	24945	卖盘
13:09:06	16.63	-0.01	5	8315	卖盘
13:09:03	16.64	--	2	3328	卖盘
13:09:00	16.64	0.01	29	48256	买盘
13:08:57	16.63	--	1	1663	卖盘
13:08:54	16.63	-0.01	20	33260	卖盘
13:08:51	16.64	0.01	31	51584	买盘
13:08:45	16.63	-0.01	1	1663	卖盘
13:08:42	16.64	--	1	1664	买盘
13:08:39	16.64	0.01	56	93184	买盘
13:08:36	16.63	--	26	43238	买盘
13:08:24	16.63	--	1	1663	买盘
13:08:21	16.63	0.01	4	6652	买盘
13:08:18	16.62	-0.01	7	11634	卖盘
13:08:15	16.63	0.01	2	3326	买盘
13:08:09	16.62	-0.02	3	4986	卖盘
13:08:03	16.64	--	1	1664	买盘
13:07:57	16.64	0.02	40	66560	买盘
13:07:54	16.62	--	31	51522	买盘
13:07:48	16.62	--	1	1662	买盘
13:07:45	16.62	--	9	14958	买盘
13:07:39	16.62	--	41	68142	买盘
13:07:36	16.62	--	28	46536	卖盘
13:07:24	16.62	-0.01	312	518544	卖盘
13:07:21	16.63	0.01	24	39912	买盘
13:07:18	16.62	0.01	161	267582	买盘
13:07:15	16.61	--	10	16610	卖盘
13:07:12	16.61	--	59	97999	买盘
13:07:09	16.61	0.01	107	177727	买盘
13:07:03	16.6	--	1	1660	卖盘
13:06:57	16.6	--	32	53120	买盘
13:06:54	16.6	0.01	31	51460	买盘
13:06:51	16.59	--	27	44793	卖盘
13:06:48	16.59	--	16	26544	卖盘
13:06:42	16.59	--	31	51429	卖盘
13:06:39	16.59	--	37	61383	买盘
13:06:33	16.59	0.01	13	21567	买盘
13:06:30	16.58	--	5	8290	卖盘
13:06:27	16.58	0.01	20	33160	买盘
13:06:24	16.57	--	3	4971	卖盘
13:06:21	16.57	--	11	18227	卖盘
13:06:18	16.57	--	5	8285	卖盘
13:06:15	16.57	--	65	107705	买盘
13:06:12	16.57	0.02	1	1657	买盘
13:05:57	16.55	-0.02	62	102610	卖盘
13:05:51	16.57	0.02	1	1657	买盘
13:05:39	16.55	-0.01	117	193635	卖盘
13:05:36	16.56	--	2	3311	卖盘
13:05:33	16.56	--	12	19872	卖盘
13:05:24	16.56	--	84	139104	买盘
13:05:15	16.56	--	1	1655	买盘
13:05:09	16.56	--	1	1655	买盘
13:05:03	16.56	--	64	105983	卖盘
13:04:57	16.56	-0.01	50	82800	卖盘
13:04:54	16.57	--	1	1657	买盘
13:04:51	16.57	--	50	82850	买盘
13:04:42	16.57	--	1	1657	买盘
13:04:39	16.57	--	1	1657	买盘
13:04:30	16.57	--	36	59652	买盘
13:04:24	16.57	-0.01	28	46396	卖盘
13:04:18	16.58	0.01	3	4973	买盘
13:04:15	16.57	-0.01	1	1657	卖盘
13:04:12	16.58	0.01	1	1657	买盘
13:04:06	16.57	-0.01	33	54681	卖盘
13:04:00	16.58	--	1	1657	买盘
13:03:51	16.58	--	41	67978	买盘
13:03:45	16.58	-0.01	3	4973	卖盘
13:03:42	16.59	0.01	4	6636	买盘
13:03:33	16.58	0.02	14	23211	买盘
13:03:27	16.56	-0.01	5	8280	卖盘
13:03:24	16.57	-0.01	6	9942	买盘
13:03:21	16.58	--	3	4973	卖盘
13:03:18	16.58	--	5	8290	卖盘
13:03:12	16.58	--	132	218855	买盘
13:03:09	16.58	--	4	6631	买盘
13:03:03	16.58	--	204	338231	买盘
13:03:00	16.58	-0.02	15	24869	卖盘
13:02:57	16.6	--	10	16600	买盘
13:02:54	16.6	0.01	96	159360	买盘
13:02:51	16.59	--	1	1659	买盘
13:02:48	16.59	-0.01	1	1659	中性盘
13:02:42	16.6	0.02	16	26560	买盘
13:02:39	16.58	-0.02	2	3315	卖盘
13:02:36	16.6	--	28	46480	买盘
13:02:30	16.6	--	11	18260	买盘
13:02:27	16.6	--	1	1660	买盘
13:02:24	16.6	--	43	71380	中性盘
13:02:18	16.6	--	68	112880	卖盘
13:02:12	16.6	--	10	16600	卖盘
13:02:09	16.6	--	23	38180	买盘
13:02:03	16.6	--	55	91300	买盘
13:02:00	16.6	--	230	381800	买盘
13:01:51	16.6	--	41	68060	买盘
13:01:48	16.6	0.02	51	84660	买盘
13:01:45	16.58	-0.02	30	49739	卖盘
13:01:39	16.6	--	200	332000	买盘
13:01:36	16.6	--	8	13280	买盘
13:01:33	16.6	--	1	1660	买盘
13:01:27	16.6	--	22	36520	买盘
13:01:21	16.6	--	1	1660	买盘
13:01:18	16.6	--	93	154380	买盘
13:01:12	16.6	--	31	51460	买盘
13:01:09	16.6	0.02	5	8300	买盘
13:01:06	16.58	-0.02	9	14921	卖盘
13:01:00	16.6	0.02	5	8300	买盘
13:00:57	16.58	-0.02	10	16580	卖盘
13:00:54	16.6	--	61	101260	买盘
13:00:48	16.6	--	5	8300	买盘
13:00:36	16.6	0.01	10	16600	买盘
13:00:33	16.59	-0.01	1	1659	中性盘
13:00:15	16.6	0.02	13	21580	买盘
13:00:12	16.58	--	22	36475	卖盘
13:00:09	16.58	-0.01	291	483389	卖盘
13:00:06	16.59	0.02	123	204057	买盘
13:00:03	16.57	--	10	16570	买盘
11:30:03	16.57	--	0	0	买盘
11:29:54	16.57	-0.01	3	4971	卖盘
11:29:51	16.58	--	1	1657	买盘
11:29:45	16.58	0.01	50	82899	买盘
11:29:21	16.57	-0.01	20	33140	卖盘
11:29:12	16.58	--	18	29843	买盘
11:29:06	16.58	--	31	51397	买盘
11:29:03	16.58	-0.01	15	26212	卖盘
11:29:00	16.59	--	39	64701	买盘
11:28:57	16.59	0.01	15	24885	买盘
11:28:51	16.58	--	9	14921	卖盘
11:28:45	16.58	--	26	43107	卖盘
11:28:36	16.58	--	150	248699	卖盘
11:28:33	16.58	--	3	4973	卖盘
11:28:30	16.58	--	5	8290	卖盘
11:28:27	16.58	--	3	4973	卖盘
11:28:21	16.58	-0.01	15	24869	卖盘
11:28:18	16.59	0.01	27	44793	买盘
11:28:03	16.58	-0.01	1	1657	卖盘
11:28:00	16.59	--	17	28203	买盘
11:27:54	16.59	0.01	1	1659	买盘
11:27:51	16.58	--	4	6631	卖盘
11:27:48	16.58	-0.01	15	24869	卖盘
11:27:45	16.59	0.01	4	6636	买盘
11:27:33	16.58	-0.01	10	16580	卖盘
11:27:30	16.59	0.01	359	595581	买盘
11:27:27	16.58	--	58	96479	买盘
11:27:24	16.58	0.01	110	182379	买盘
11:27:18	16.57	-0.01	16	27854	卖盘
11:27:09	16.58	0.01	30	49739	中性盘
11:27:06	16.57	-0.01	25	41425	卖盘
11:27:03	16.58	--	20	33160	卖盘
11:27:00	16.58	--	10	16580	卖盘
11:26:57	16.58	0.03	252	418131	买盘
11:26:54	16.55	0.01	3	4965	中性盘
11:26:39	16.54	-0.03	21	34734	卖盘
11:26:27	16.57	0.01	105	173985	买盘
11:26:24	16.56	-0.01	5	8280	中性盘
11:26:09	16.57	0.01	47	77879	买盘
11:26:03	16.56	--	12	19872	买盘
11:26:00	16.56	-0.01	12	19872	中性盘
11:25:57	16.57	--	24	39768	买盘
11:25:54	16.57	0.01	112	185584	买盘
11:25:51	16.56	--	1	1655	买盘
11:25:48	16.56	--	24	39744	买盘
11:25:45	16.56	--	12	19872	买盘
11:25:33	16.56	--	84	139104	买盘
11:25:24	16.56	0.02	331	548136	买盘
11:25:18	16.54	0.02	5	8270	买盘
11:25:12	16.52	-0.03	104	171808	卖盘
11:25:06	16.55	0.01	21	34755	买盘
11:24:54	16.54	-0.01	9	14886	卖盘
11:24:51	16.55	0.01	1	1655	买盘
11:24:42	16.54	--	9	14886	卖盘
11:24:39	16.54	-0.01	1	1654	卖盘
11:24:33	16.55	0.01	10	16550	买盘
11:24:27	16.54	--	3	4962	卖盘
11:24:21	16.54	-0.01	10	16540	卖盘
11:24:18	16.55	0.01	2	3310	买盘
11:24:15	16.54	--	1	1654	卖盘
11:24:12	16.54	--	5	8270	卖盘
11:23:51	16.54	--	11	18194	卖盘
11:23:42	16.54	--	3	4962	卖盘
11:23:33	16.54	--	3	4962	卖盘
11:23:24	16.54	--	7	11578	卖盘
11:23:18	16.54	--	5	8270	卖盘
11:23:15	16.54	0.01	38	62852	买盘
11:23:12	16.53	-0.01	2	3306	卖盘
11:23:06	16.54	--	3	4962	买盘
11:22:54	16.54	--	1	1654	买盘
11:22:48	16.54	0.01	12	19848	买盘
11:22:42	16.53	-0.01	1	1653	卖盘
11:22:27	16.54	0.01	5	8270	买盘
11:22:24	16.53	0.01	5	8265	中性盘
11:22:18	16.52	-0.03	230	379960	中性盘
11:21:57	16.55	0.04	320	529600	买盘
11:21:45	16.51	-0.04	300	495300	卖盘
11:21:42	16.55	--	24	39720	买盘
11:21:33	16.55	0.01	34	56270	买盘
11:21:30	16.54	--	55	90970	卖盘
11:21:24	16.54	--	14	23156	卖盘
11:21:21	16.54	--	69	114126	买盘
11:21:15	16.54	-0.01	6	9924	卖盘
11:21:12	16.55	--	113	187015	买盘
11:21:06	16.55	--	5	8275	买盘
11:21:00	16.55	--	1	1655	买盘
11:20:57	16.55	--	218	360790	买盘
11:20:51	16.55	--	43	71165	买盘
11:20:42	16.55	0.01	30	49650	买盘
11:20:39	16.54	0.01	26	43004	买盘
11:20:33	16.53	--	20	33060	卖盘
11:20:30	16.53	-0.02	2	3306	卖盘
11:20:27	16.55	--	40	66200	买盘
11:20:24	16.55	--	201	332655	买盘
11:20:18	16.55	0.01	19	31445	买盘
11:20:12	16.54	-0.01	1	1654	卖盘
11:19:57	16.55	--	12	19860	买盘
11:19:51	16.55	--	17	28135	买盘
11:19:42	16.55	0.02	12	19860	买盘
11:19:36	16.53	-0.02	17	28101	卖盘
11:19:33	16.55	--	62	102610	买盘
11:19:18	16.55	0.02	24	39720	买盘
11:19:12	16.53	--	6	9918	卖盘
11:19:06	16.53	--	10	16530	卖盘
11:19:03	16.53	-0.02	30	49590	卖盘
11:19:00	16.55	0.02	12	19860	买盘
11:18:54	16.53	-0.02	105	173565	卖盘
11:18:24	16.55	0.01	300	496500	买盘
11:18:21	16.54	--	49	81046	卖盘
11:18:03	16.54	--	55	90970	买盘
11:17:51	16.54	0.01	1	1654	买盘
11:17:48	16.53	--	4	6612	卖盘
11:17:45	16.53	--	302	499206	卖盘
11:17:33	16.53	--	15	24795	卖盘
11:17:30	16.53	--	5	8265	卖盘
11:17:27	16.53	-0.01	2	3306	卖盘
11:17:24	16.54	0.01	1	1654	买盘
11:17:21	16.53	-0.01	10	16530	卖盘
11:17:18	16.54	0.01	10	16540	中性盘
11:17:09	16.53	-0.01	25	41325	卖盘
11:17:06	16.54	--	5	8270	卖盘
11:17:03	16.54	--	1	1654	卖盘
11:17:00	16.54	--	88	145552	买盘
11:16:45	16.54	0.01	12	19848	买盘
11:16:42	16.53	--	1	1653	卖盘
11:16:39	16.53	-0.01	43	71079	卖盘
11:16:36	16.54	--	35	57890	卖盘
11:16:27	16.54	0.01	369	610326	买盘
11:16:24	16.53	--	33	54549	卖盘
11:16:21	16.53	-0.01	2	3306	卖盘
11:16:15	16.54	--	2	3308	买盘
11:16:12	16.54	0.01	27	44658	买盘
11:16:06	16.53	--	5	8265	卖盘
11:15:57	16.53	-0.01	48	79344	卖盘
11:15:51	16.54	0.01	16	26464	买盘
11:15:48	16.53	--	9	14877	卖盘
11:15:42	16.53	--	3	4959	卖盘
11:15:33	16.53	--	11	18183	卖盘
11:15:27	16.53	--	5	8265	卖盘
11:15:18	16.53	--	1	1653	卖盘
11:15:12	16.53	--	16	26448	买盘
11:14:57	16.53	-0.01	91	150423	卖盘
11:14:48	16.54	0.01	1	1654	买盘
11:14:42	16.53	--	3	4959	卖盘
11:14:36	16.53	--	3	4959	卖盘
11:14:30	16.53	--	10	16530	卖盘
11:14:18	16.53	--	5	8265	卖盘
11:14:06	16.53	--	10	16530	卖盘
11:14:03	16.53	-0.01	32	52896	卖盘
11:14:00	16.54	0.01	12	19848	买盘
11:13:57	16.53	-0.01	22	36366	卖盘
11:13:54	16.54	--	22	36388	买盘
11:13:51	16.54	0.01	61	100894	买盘
11:13:48	16.53	--	16	26448	买盘
11:13:45	16.53	--	4	6612	卖盘
11:13:33	16.53	0.01	96	158688	买盘
11:13:27	16.52	-0.01	2	3304	卖盘
11:13:24	16.53	--	12	19836	买盘
11:13:18	16.53	0.02	45	74385	买盘
11:13:12	16.51	-0.02	10	16510	卖盘
11:13:09	16.53	--	10	16530	买盘
11:13:03	16.53	0.02	1	1653	买盘
11:12:57	16.51	-0.02	19	31369	卖盘
11:12:54	16.53	0.03	181	299193	买盘
11:12:51	16.5	--	47	77550	卖盘
11:12:42	16.5	--	4	6600	卖盘
11:12:33	16.5	--	48	79200	买盘
11:12:30	16.5	--	234	386100	买盘
11:12:27	16.5	--	24	39600	买盘
11:12:24	16.5	--	1	1650	买盘
11:12:15	16.5	--	172	283800	买盘
11:12:03	16.5	--	14	23100	买盘
11:11:48	16.5	--	45	74250	买盘
11:11:45	16.5	-0.01	19	31350	卖盘
11:11:39	16.51	0.01	24	39624	买盘
11:11:21	16.5	0.01	11	18150	买盘
11:11:12	16.49	--	8	13191	卖盘
11:10:48	16.49	-0.01	3	4946	卖盘
11:10:45	16.5	--	22	36300	买盘
11:10:42	16.5	0.02	14	23100	买盘
11:10:33	16.48	-0.02	20	32960	卖盘
11:10:30	16.5	0.01	10	16500	买盘
11:10:27	16.49	--	13	21436	买盘
11:10:18	16.49	--	5	8245	卖盘
11:10:15	16.49	0.01	5	8245	中性盘
11:10:03	16.48	-0.01	35	57680	卖盘
11:09:57	16.49	0.01	26	42873	买盘
11:09:54	16.48	--	5	8240	卖盘
11:09:51	16.48	-0.01	3	4944	卖盘
11:09:48	16.49	0.01	2	3297	买盘
11:09:36	16.48	-0.01	60	98880	卖盘
11:09:33	16.49	--	10	16490	卖盘
11:09:30	16.49	--	17	28032	卖盘
11:09:18	16.49	0.01	63	103886	买盘
11:09:06	16.48	--	5	8240	卖盘
11:09:03	16.48	--	5	8240	卖盘
11:08:57	16.48	--	22	36256	卖盘
11:08:51	16.48	--	23	37904	卖盘
11:08:45	16.48	--	27	44496	卖盘
11:08:39	16.48	-0.01	157	258736	卖盘
11:08:36	16.49	--	8	13191	卖盘
11:08:33	16.49	-0.01	2	3297	卖盘
11:08:21	16.5	--	15	24750	买盘
11:08:15	16.5	--	20	33000	买盘
11:08:09	16.5	--	131	216150	卖盘
11:08:06	16.5	--	20	33000	卖盘
11:08:03	16.5	--	157	259050	卖盘
11:07:57	16.5	--	1	1650	卖盘
11:07:54	16.5	-0.01	20	33000	卖盘
11:07:51	16.51	0.01	1	1651	买盘
11:07:42	16.5	--	20	33000	卖盘
11:07:33	16.5	-0.01	1	1650	卖盘
11:07:30	16.51	--	18	29718	买盘
11:07:18	16.51	--	12	19812	买盘
11:07:12	16.51	-0.01	38	62738	卖盘
11:07:06	16.52	0.01	21	34692	买盘
11:07:00	16.51	--	81	133731	买盘
11:06:57	16.51	0.01	5	8255	买盘
11:06:54	16.5	-0.01	10	16500	卖盘
11:06:51	16.51	--	3	4953	买盘
11:06:36	16.51	0.01	18	29718	买盘
11:06:33	16.5	-0.01	10	16500	卖盘
11:06:30	16.51	-0.01	8	13208	买盘
11:06:27	16.52	0.01	141	232932	买盘
11:06:24	16.51	0.01	7	11557	中性盘
11:06:18	16.5	-0.01	60	99000	卖盘
11:06:15	16.51	0.01	10	16510	卖盘
11:06:12	16.5	-0.01	118	194700	卖盘
11:06:06	16.51	--	39	64389	卖盘
11:06:03	16.51	--	25	41275	卖盘
11:06:00	16.51	--	4	6604	卖盘
11:05:57	16.51	0.01	14	23114	买盘
11:05:51	16.5	--	19	31350	卖盘
11:05:48	16.5	-0.01	120	198000	卖盘
11:05:45	16.51	--	5	8255	买盘
11:05:39	16.51	--	5	8255	买盘
11:05:36	16.51	--	21	34671	买盘
11:05:27	16.51	0.01	2	3302	买盘
11:05:24	16.5	-0.01	52	85800	卖盘
11:05:12	16.51	--	13	21463	卖盘
11:05:09	16.51	--	29	47879	卖盘
11:05:03	16.51	-0.02	12	19812	卖盘
11:05:00	16.53	--	20	33060	买盘
11:04:54	16.53	--	1	1653	买盘
11:04:45	16.53	--	49	80997	买盘
11:04:36	16.53	-0.01	23	38019	卖盘
11:04:33	16.54	--	32	52928	买盘
11:04:30	16.54	0.01	90	148860	买盘
11:04:27	16.53	--	4	6612	卖盘
11:04:21	16.53	--	20	33060	卖盘
11:04:15	16.53	-0.01	20	33060	卖盘
11:04:12	16.54	--	33	54582	买盘
11:04:09	16.54	0.01	1	1654	买盘
11:04:00	16.53	-0.01	110	181830	卖盘
11:03:57	16.54	0.01	10	16540	买盘
11:03:54	16.53	--	65	107445	卖盘
11:03:48	16.53	-0.01	7	11571	卖盘
11:03:42	16.54	--	80	132320	买盘
11:03:39	16.54	0.01	18	29772	买盘
11:03:24	16.53	-0.02	50	82650	卖盘
11:03:15	16.55	0.01	10	16550	买盘
11:03:12	16.54	-0.01	77	127358	卖盘
11:03:09	16.55	--	15	24825	买盘
11:03:06	16.55	0.01	200	331000	买盘
11:03:03	16.54	--	27	44658	卖盘
11:02:57	16.54	--	8	13232	卖盘
11:02:45	16.54	--	10	16540	卖盘
11:02:42	16.54	--	175	289450	卖盘
11:02:39	16.54	--	12	19848	卖盘
11:02:30	16.54	--	18	29772	卖盘
11:02:27	16.54	0.01	305	504470	买盘
11:02:15	16.53	--	6	9918	卖盘
11:02:12	16.53	-0.01	14	23142	卖盘
11:02:06	16.54	0.01	27	44658	买盘
11:02:00	16.53	--	33	54549	卖盘
11:01:57	16.53	-0.01	2	3306	卖盘
11:01:51	16.54	0.01	5	8270	买盘
11:01:45	16.53	--	20	33060	卖盘
11:01:42	16.53	-0.01	16	26448	卖盘
11:01:39	16.54	0.01	10	16540	买盘
11:01:30	16.53	-0.01	5	8265	卖盘
11:01:27	16.54	0.01	58	95932	买盘
11:01:24	16.53	--	2	3306	卖盘
11:01:21	16.53	--	2	3306	卖盘
11:01:15	16.53	--	19	31407	卖盘
11:01:12	16.53	-0.02	39	64467	卖盘
11:01:09	16.55	0.01	49	81095	买盘
11:01:03	16.54	--	12	19848	买盘
11:00:54	16.54	-0.01	14	23156	卖盘
11:00:45	16.55	0.01	24	39720	买盘
11:00:42	16.54	--	19	31426	买盘
11:00:39	16.54	--	15	24810	买盘
11:00:36	16.54	-0.01	4	6616	中性盘
11:00:30	16.55	--	32	52960	买盘
11:00:21	16.55	0.01	20	33100	买盘
11:00:18	16.54	--	3	4962	卖盘
11:00:15	16.54	--	5	8270	卖盘
11:00:12	16.54	-0.01	5	8270	卖盘
11:00:06	16.55	--	24	39720	买盘
11:00:00	16.55	0.01	329	545488	买盘
10:59:51	16.54	0.01	102	168708	买盘
10:59:45	16.53	-0.01	1	1653	卖盘
10:59:42	16.54	0.01	35	57890	买盘
10:59:39	16.53	0.02	18	29754	中性盘
10:59:30	16.51	-0.03	23	37973	卖盘
10:59:24	16.54	0.02	108	178632	买盘
10:59:18	16.52	-0.01	38	62776	卖盘
10:59:09	16.53	0.01	100	165300	买盘
10:59:03	16.52	--	15	24780	卖盘
10:58:57	16.52	-0.01	41	67732	中性盘
10:58:54	16.53	0.01	10	16530	买盘
10:58:51	16.52	-0.01	3	4956	卖盘
10:58:48	16.53	--	34	56202	买盘
10:58:45	16.53	--	208	343824	买盘
10:58:39	16.53	--	1	1653	买盘
10:58:36	16.53	0.01	102	168606	买盘
10:58:33	16.52	--	23	37996	买盘
10:58:30	16.52	-0.01	26	42952	中性盘
10:58:21	16.53	--	6	9918	买盘
10:58:15	16.53	0.01	519	857907	买盘
10:58:12	16.52	-0.01	339	560028	卖盘
10:58:09	16.53	--	10	16530	买盘
10:58:06	16.53	0.01	12	19836	买盘
10:58:03	16.52	-0.01	71	117292	卖盘
10:58:00	16.53	--	12	19836	买盘
10:57:57	16.53	--	13	21489	买盘
10:57:54	16.53	0.02	732	1209996	买盘
10:57:48	16.51	-0.02	4	6604	中性盘
10:57:45	16.53	0.02	10	16530	买盘
10:57:42	16.51	-0.02	47	77597	卖盘
10:57:39	16.53	0.02	620	1024860	买盘
10:57:33	16.51	--	2	3302	卖盘
10:57:30	16.51	--	4	6604	卖盘
10:57:27	16.51	--	36	59436	买盘
10:57:18	16.51	-0.01	19	31369	中性盘
10:57:09	16.52	0.01	40	66080	买盘
10:57:06	16.51	--	2	3302	买盘
10:57:03	16.51	--	15	24765	买盘
10:56:57	16.51	--	3	4953	卖盘
10:56:54	16.51	-0.01	11	18161	中性盘
10:56:51	16.52	0.02	14	23128	买盘
10:56:42	16.5	-0.02	1	1650	卖盘
10:56:39	16.52	0.02	300	495600	买盘
10:56:36	16.5	-0.01	8	13200	卖盘
10:56:15	16.51	-0.01	14	23114	卖盘
10:56:12	16.52	--	43	71036	买盘
10:56:09	16.52	0.01	22	36344	买盘
10:56:06	16.51	--	77	127127	卖盘
10:55:57	16.51	--	11	18161	卖盘
10:55:54	16.51	-0.01	10	16510	卖盘
10:55:51	16.52	0.01	10	16520	买盘
10:55:48	16.51	-0.01	97	160147	卖盘
10:55:45	16.52	0.01	39	64428	买盘
10:55:42	16.51	-0.01	28	46228	卖盘
10:55:33	16.52	0.01	3	4956	买盘
10:55:30	16.51	--	87	143637	买盘
10:55:27	16.51	0.01	50	82550	买盘
10:55:24	16.5	-0.01	19	31350	卖盘
10:55:21	16.51	--	5	8255	买盘
10:55:18	16.51	0.01	24	39624	买盘
10:55:15	16.5	--	5	8250	卖盘
10:55:06	16.5	--	17	28050	卖盘
10:55:03	16.5	--	11	18150	卖盘
10:55:00	16.5	--	14	23100	卖盘
10:54:57	16.5	--	11	18150	卖盘
10:54:54	16.5	--	179	295350	买盘
10:54:51	16.5	--	134	221100	买盘
10:54:48	16.5	--	14	23100	买盘
10:54:45	16.5	--	101	166650	买盘
10:54:42	16.5	--	300	495000	买盘
10:54:39	16.5	0.01	13	21450	买盘
10:54:36	16.49	-0.01	5	8245	卖盘
10:54:27	16.5	0.01	12	19800	买盘
10:54:24	16.49	--	12	19787	卖盘
10:54:21	16.49	-0.01	65	107184	卖盘
10:54:18	16.5	0.02	43	70950	买盘
10:54:15	16.48	-0.01	48	79104	卖盘
10:54:09	16.49	--	100	164899	卖盘
10:54:06	16.49	--	3	4946	卖盘
10:54:03	16.49	0.01	256	422143	买盘
10:54:00	16.48	--	5	8240	卖盘
10:53:57	16.48	-0.01	15	24720	卖盘
10:53:51	16.49	0.01	10	16490	买盘
10:53:48	16.48	--	20	32960	卖盘
10:53:45	16.48	--	5	8240	卖盘
10:53:39	16.48	--	7	11536	卖盘
10:53:36	16.48	--	78	128544	买盘
10:53:30	16.48	-0.01	1	1648	卖盘
10:53:27	16.49	--	10	16490	买盘
10:53:21	16.49	0.02	115	189634	买盘
10:53:15	16.47	-0.01	22	36234	卖盘
10:53:06	16.48	-0.01	4	6592	中性盘
10:52:54	16.49	0.01	14	23085	买盘
10:52:48	16.48	--	1	1648	买盘
10:52:45	16.48	-0.01	22	36256	卖盘
10:52:39	16.49	-0.01	5	8245	中性盘
10:52:30	16.5	--	26	42900	买盘
10:52:27	16.5	0.02	6	9900	买盘
10:52:18	16.48	-0.02	2	3296	中性盘
10:52:09	16.5	0.01	174	287100	买盘
10:52:03	16.49	--	169	278681	买盘
10:51:51	16.49	--	2	3297	买盘
10:51:48	16.49	0.02	172	283628	买盘
10:51:45	16.47	--	40	65880	买盘
10:51:42	16.47	0.01	10	16470	买盘
10:51:33	16.46	-0.01	8	13168	中性盘
10:51:21	16.47	0.01	67	110348	买盘
10:51:18	16.46	--	12	19752	买盘
10:51:15	16.46	--	8	13168	买盘
10:51:09	16.46	0.02	41	67486	买盘
10:51:00	16.44	-0.02	60	98640	卖盘
10:50:57	16.46	-0.01	23	37858	中性盘
10:50:45	16.47	--	17	27998	买盘
10:50:42	16.47	0.01	179	294813	买盘
10:50:39	16.46	-0.01	3	4938	中性盘
10:50:27	16.47	0.02	18	29645	买盘
10:50:15	16.45	--	7	11515	买盘
10:50:12	16.45	--	17	27965	买盘
10:50:06	16.45	-0.02	142	233590	卖盘
10:50:03	16.47	--	17	27998	买盘
10:50:00	16.47	0.02	19	31292	买盘
10:49:57	16.45	-0.02	58	95410	卖盘
10:49:51	16.47	--	18	29645	买盘
10:49:48	16.47	--	45	74115	买盘
10:49:45	16.47	0.02	1	1647	买盘
10:49:36	16.45	--	1	1645	卖盘
10:49:33	16.45	--	29	47705	卖盘
10:49:18	16.45	-0.02	3	4935	卖盘
10:49:06	16.47	-0.01	10	16470	买盘
10:48:57	16.48	0.03	112	184576	买盘
10:48:54	16.45	-0.03	3	4935	卖盘
10:48:51	16.48	0.03	30	49440	买盘
10:48:48	16.45	-0.02	23	37835	卖盘
10:48:36	16.47	0.02	10	16470	买盘
10:48:33	16.45	-0.03	3	4935	中性盘
10:48:27	16.48	0.03	140	230720	买盘
10:48:21	16.45	-0.02	2	3290	中性盘
10:48:12	16.47	0.02	58	95526	买盘
10:48:06	16.45	--	14	23030	卖盘
10:48:03	16.45	-0.02	9	14805	卖盘
10:47:57	16.47	--	14	23058	买盘
10:47:45	16.47	0.02	54	88938	买盘
10:47:36	16.45	--	8	13160	买盘
10:47:27	16.45	0.02	80	131600	买盘
10:47:18	16.43	-0.02	128	210304	卖盘
10:47:09	16.45	0.02	20	32900	买盘
10:47:06	16.43	-0.02	10	16430	卖盘
10:47:00	16.45	0.02	16	26320	买盘
10:46:57	16.43	-0.02	20	32860	卖盘
10:46:54	16.45	--	18	29610	买盘
10:46:45	16.45	--	15	24675	买盘
10:46:27	16.45	--	15	24675	买盘
10:46:21	16.45	--	31	50995	买盘
10:46:15	16.45	--	1	1645	买盘
10:46:12	16.45	--	18	29610	买盘
10:46:06	16.45	-0.02	2	3290	中性盘
10:46:03	16.47	0.02	100	164700	买盘
10:45:57	16.45	-0.01	10	16450	卖盘
10:45:51	16.46	--	21	34566	买盘
10:45:48	16.46	--	20	32920	买盘
10:45:45	16.46	0.01	67	110282	买盘
10:45:39	16.45	0.03	42	69090	买盘
10:45:36	16.42	-0.03	19	31198	卖盘
10:45:27	16.45	0.03	18	29610	买盘
10:45:24	16.42	-0.02	50	82100	卖盘
10:45:18	16.44	-0.01	2	3288	卖盘
10:45:15	16.45	0.01	14	23030	买盘
10:45:06	16.44	--	10	16440	卖盘
10:45:03	16.44	0.03	53	87132	买盘
10:44:57	16.41	-0.01	15	24615	卖盘
10:44:54	16.42	--	24	39408	卖盘
10:44:51	16.42	--	172	282424	买盘
10:44:48	16.42	0.01	32	52544	买盘
10:44:39	16.41	--	89	146049	买盘
10:44:36	16.41	--	361	592401	卖盘
10:44:33	16.41	-0.01	24	39384	卖盘
10:44:30	16.42	--	10	16420	买盘
10:44:24	16.42	-0.01	162	266004	卖盘
10:44:21	16.43	0.01	1	1643	中性盘
10:44:15	16.42	-0.02	174	285708	卖盘
10:44:12	16.44	0.02	5	8220	买盘
10:44:09	16.42	--	13	21346	卖盘
10:44:06	16.42	-0.01	9	14778	卖盘
10:44:03	16.43	--	14	23002	卖盘
10:44:00	16.43	--	8	13144	卖盘
10:43:51	16.43	-0.01	35	57505	卖盘
10:43:42	16.44	-0.02	7	11508	卖盘
10:43:36	16.46	0.03	4	6584	买盘
10:43:30	16.43	-0.01	2	3286	卖盘
10:43:24	16.44	-0.02	1	1644	卖盘
10:43:21	16.46	--	14	23044	买盘
10:43:18	16.46	0.01	7	11522	中性盘
10:43:12	16.45	-0.02	13	21385	卖盘
10:43:09	16.47	0.02	18	29645	买盘
10:43:06	16.45	-0.02	6	9870	卖盘
10:43:03	16.47	0.01	2	3294	卖盘
10:43:00	16.46	-0.02	8	13168	买盘
10:42:57	16.48	0.01	51	84048	买盘
10:42:51	16.47	0.04	12	19764	买盘
10:42:48	16.43	-0.03	10	16430	卖盘
10:42:45	16.46	--	10	16460	卖盘
10:42:36	16.46	--	93	153078	买盘
10:42:30	16.46	--	2	3292	买盘
10:42:24	16.46	--	1	1646	买盘
10:42:18	16.46	--	2	3292	卖盘
10:42:15	16.46	-0.01	20	32920	卖盘
10:42:12	16.47	0.01	82	135054	买盘
10:42:06	16.46	--	1	1646	中性盘
10:42:00	16.46	--	10	16460	卖盘
10:41:57	16.46	--	1	1646	卖盘
10:41:45	16.46	0.03	363	597498	买盘
10:41:39	16.43	--	3	4929	卖盘
10:41:33	16.43	-0.03	60	98580	卖盘
10:41:15	16.46	0.01	45	74070	买盘
10:41:09	16.45	--	44	72380	买盘
10:41:06	16.45	--	50	82250	买盘
10:41:03	16.45	0.02	12	19740	买盘
10:41:00	16.43	-0.03	23	37789	卖盘
10:40:54	16.46	--	100	164600	买盘
10:40:48	16.46	--	50	82300	买盘
10:40:45	16.46	-0.01	68	111928	卖盘
10:40:42	16.47	0.01	1	1647	买盘
10:40:36	16.46	-0.01	340	559640	卖盘
10:40:30	16.47	--	47	77409	买盘
10:40:21	16.47	0.01	11	18117	买盘
10:40:18	16.46	-0.02	4	6584	卖盘
10:40:15	16.48	0.01	100	164800	买盘
10:40:12	16.47	--	4	6588	买盘
10:40:09	16.47	--	20	32940	卖盘
10:40:06	16.47	-0.01	8	13176	卖盘
10:40:03	16.48	0.01	70	115360	买盘
10:40:00	16.47	0.01	95	156465	中性盘
10:39:57	16.46	-0.02	32	52672	卖盘
10:39:54	16.48	0.01	40	65920	买盘
10:39:45	16.47	-0.01	17	27998	中性盘
10:39:39	16.48	--	1	1648	买盘
10:39:33	16.48	--	150	247200	买盘
10:39:27	16.48	--	21	34608	买盘
10:39:24	16.48	0.02	152	250496	买盘
10:39:18	16.46	-0.01	7	11522	卖盘
10:39:15	16.47	--	41	67527	卖盘
10:39:06	16.47	-0.01	10	16470	中性盘
10:39:00	16.48	0.01	166	273568	买盘
10:38:57	16.47	0.02	320	527040	买盘
10:38:54	16.45	0.02	238	391510	买盘
10:38:45	16.43	--	12	19716	卖盘
10:38:42	16.43	-0.02	11	18073	卖盘
10:38:36	16.45	0.01	50	82250	买盘
10:38:30	16.44	--	11	18084	买盘
10:38:27	16.44	--	1	1644	买盘
10:38:15	16.44	--	9	14796	买盘
10:38:12	16.44	--	21	34524	买盘
10:38:03	16.44	--	24	39456	买盘
10:37:57	16.44	0.01	283	465252	买盘
10:37:51	16.43	--	65	106795	买盘
10:37:48	16.43	--	23	37789	买盘
10:37:39	16.43	--	12	19716	买盘
10:37:36	16.43	0.03	30	49290	买盘
10:37:33	16.4	-0.02	100	164000	卖盘
10:37:30	16.42	--	11	18062	买盘
10:37:15	16.42	--	1	1642	买盘
10:37:12	16.42	--	18	29556	买盘
10:37:09	16.42	--	29	47618	买盘
10:37:06	16.42	--	12	19704	买盘
10:37:03	16.42	--	24	39408	买盘
10:37:00	16.42	--	12	19704	买盘
10:36:57	16.42	0.01	36	59112	买盘
10:36:51	16.41	0.01	12	19692	买盘
10:36:45	16.4	--	21	34440	卖盘
10:36:39	16.4	-0.01	19	31159	卖盘
10:36:36	16.41	0.01	12	19692	买盘
10:36:27	16.4	-0.01	9	14759	卖盘
10:36:21	16.41	--	19	31179	买盘
10:36:18	16.41	0.01	32	52512	买盘
10:36:03	16.4	--	20	32800	买盘
10:35:51	16.4	-0.01	17	27879	卖盘
10:35:39	16.41	0.01	1	1641	买盘
10:35:27	16.4	0.01	13	21319	买盘
10:35:09	16.39	--	12	19668	卖盘
10:34:57	16.39	-0.01	12	19668	卖盘
10:34:54	16.4	--	12	19680	卖盘
10:34:51	16.4	-0.02	28	45919	卖盘
10:34:48	16.42	0.02	40	65680	买盘
10:34:42	16.4	--	12	19680	卖盘
10:34:39	16.4	--	12	19680	卖盘
10:34:33	16.4	--	12	19680	卖盘
10:34:27	16.4	-0.02	6	9840	卖盘
10:34:24	16.42	--	11	18062	买盘
10:34:12	16.42	-0.01	14	22988	卖盘
10:34:00	16.43	0.01	4	6572	买盘
10:33:57	16.42	--	25	41050	卖盘
10:33:51	16.42	--	45	73890	买盘
10:33:48	16.42	--	48	78816	卖盘
10:33:42	16.42	--	26	42692	买盘
10:33:39	16.42	0.02	17	27914	买盘
10:33:33	16.4	-0.02	317	519879	卖盘
10:33:27	16.42	--	32	52544	卖盘
10:33:24	16.42	-0.01	6	9852	中性盘
10:33:21	16.43	--	38	62434	买盘
10:33:15	16.43	--	34	55862	买盘
10:33:12	16.43	--	21	34503	买盘
10:33:06	16.43	--	5	8215	买盘
10:33:00	16.43	0.01	18	29574	买盘
10:32:57	16.42	-0.01	15	24630	买盘
10:32:51	16.43	--	1	1643	买盘
10:32:48	16.43	0.01	14	23002	买盘
10:32:42	16.42	--	1	1642	卖盘
10:32:30	16.42	--	18	29556	中性盘
10:32:27	16.42	--	26	42692	买盘
10:32:18	16.42	--	33	54186	卖盘
10:32:15	16.42	-0.01	5	8210	卖盘
10:32:12	16.43	0.01	20	32860	买盘
10:32:09	16.42	--	16	26272	卖盘
10:32:03	16.42	-0.01	28	45976	卖盘
10:32:00	16.43	0.01	4	6572	买盘
10:31:48	16.42	-0.01	8	13136	卖盘
10:31:36	16.43	--	21	34503	买盘
10:31:33	16.43	--	18	29574	买盘
10:31:30	16.43	--	18	29574	买盘
10:31:27	16.43	--	7	11501	卖盘
10:31:24	16.43	-0.01	26	42718	中性盘
10:31:21	16.44	0.01	17	27948	买盘
10:31:18	16.43	-0.01	5	8215	卖盘
10:31:00	16.44	0.02	50	82200	买盘
10:30:57	16.42	-0.01	8	13136	卖盘
10:30:51	16.43	0.01	1	1643	买盘
10:30:42	16.42	--	165	270930	买盘
10:30:39	16.42	--	1	1642	买盘
10:30:24	16.42	0.01	2	3284	中性盘
10:30:15	16.41	-0.02	10	16410	买盘
10:30:09	16.43	0.03	245	402535	买盘
10:30:03	16.4	--	102	167280	卖盘
10:30:00	16.4	--	100	164000	卖盘
10:29:57	16.4	-0.01	4	6559	卖盘
10:29:51	16.41	--	8	13128	买盘
10:29:48	16.41	--	20	32820	买盘
10:29:45	16.41	-0.01	17	27897	卖盘
10:29:42	16.42	0.01	30	49260	买盘
10:29:39	16.41	--	5	8205	卖盘
10:29:36	16.41	--	20	32820	卖盘
10:29:33	16.41	--	11	18051	卖盘
10:29:30	16.41	--	10	16410	卖盘
10:29:21	16.41	-0.01	8	13128	卖盘
10:29:12	16.42	--	17	27914	买盘
10:29:09	16.42	--	10	16420	买盘
10:29:03	16.42	--	10	16420	卖盘
10:28:51	16.42	-0.03	35	57831	卖盘
10:28:48	16.45	-0.01	311	511595	卖盘
10:28:45	16.46	0.01	171	281466	买盘
10:28:42	16.45	-0.01	625	1028125	卖盘
10:28:39	16.46	0.01	24	39504	买盘
10:28:36	16.45	-0.01	32	52640	卖盘
10:28:33	16.46	--	170	279820	买盘
10:28:27	16.46	0.01	2	3292	中性盘
10:28:24	16.45	-0.01	10	16450	卖盘
10:28:21	16.46	--	17	27982	卖盘
10:28:18	16.46	-0.01	1	1646	中性盘
10:28:15	16.47	0.01	20	32940	买盘
10:28:12	16.46	0.01	2	3292	中性盘
10:28:09	16.45	-0.01	327	537915	卖盘
10:28:06	16.46	--	32	52672	卖盘
10:28:03	16.46	--	101	167529	买盘
10:28:00	16.46	--	20	32920	买盘
10:27:57	16.46	0.01	263	432898	买盘
10:27:54	16.45	--	66	108570	卖盘
10:27:51	16.45	-0.01	13	21385	卖盘
10:27:48	16.46	0.01	21	34566	买盘
10:27:45	16.45	--	6	9870	卖盘
10:27:39	16.45	--	11	18095	卖盘
10:27:36	16.45	--	112	184240	卖盘
10:27:33	16.45	--	23	37835	卖盘
10:27:30	16.45	--	24	39480	卖盘
10:27:27	16.45	0.04	954	1569330	买盘
10:27:21	16.41	0.01	18	29538	买盘
10:27:18	16.4	-0.04	165	271354	买盘
10:27:15	16.44	0.02	553	909132	买盘
10:27:09	16.42	0.01	43	70606	买盘
10:27:06	16.41	--	17	27897	买盘
10:27:03	16.41	--	32	52512	买盘
10:27:00	16.41	--	38	62358	卖盘
10:26:51	16.41	--	173	283893	买盘
10:26:48	16.41	0.03	18	29538	买盘
10:26:39	16.38	-0.04	40	65519	卖盘
10:26:30	16.42	0.01	32	52544	买盘
10:26:27	16.41	--	37	60717	买盘
10:26:21	16.41	0.04	25	41025	买盘
10:26:18	16.37	--	3	4911	卖盘
10:26:15	16.37	-0.05	59	96583	卖盘
10:26:09	16.42	--	71	116582	买盘
10:26:06	16.42	0.02	14	22988	买盘
10:26:00	16.4	-0.01	12	19680	卖盘
10:25:57	16.41	--	89	146049	卖盘
10:25:54	16.41	--	12	19692	卖盘
10:25:48	16.41	-0.01	38	62358	卖盘
10:25:45	16.42	-0.02	1	1642	中性盘
10:25:42	16.44	0.03	30	49320	买盘
10:25:39	16.41	-0.02	17	27897	卖盘
10:25:36	16.43	0.01	19	31217	买盘
10:25:33	16.42	--	201	330042	卖盘
10:25:30	16.42	--	29	47618	卖盘
10:25:27	16.42	--	10	16420	卖盘
10:25:21	16.42	-0.01	39	64038	卖盘
10:25:18	16.43	0.01	100	164300	买盘
10:25:15	16.42	0.02	18	29556	买盘
10:25:12	16.4	--	23	37720	卖盘
10:25:09	16.4	-0.01	10	16400	卖盘
10:25:03	16.41	--	61	100101	买盘
10:25:00	16.41	--	36	59076	买盘
10:24:57	16.41	0.01	2	3282	买盘
10:24:54	16.4	-0.01	28	45919	卖盘
10:24:48	16.41	--	4	6564	买盘
10:24:45	16.41	0.01	1	1641	买盘
10:24:42	16.4	--	1	1639	卖盘
10:24:39	16.4	--	50	82000	卖盘
10:24:36	16.4	0.02	625	1024999	买盘
10:24:33	16.38	-0.01	84	137592	卖盘
10:24:30	16.39	--	20	32780	买盘
10:24:27	16.39	0.01	30	49170	买盘
10:24:24	16.38	--	40	65519	卖盘
10:24:21	16.38	--	15	24570	卖盘
10:24:18	16.38	--	50	81900	卖盘
10:24:15	16.38	--	30	49140	卖盘
10:24:12	16.38	0.01	22	36036	卖盘
10:24:09	16.37	-0.01	41	67117	卖盘
10:24:06	16.38	--	14	22932	买盘
10:24:03	16.38	--	4	6552	买盘
10:24:00	16.38	--	24	39312	买盘
10:23:57	16.38	--	12	19656	买盘
10:23:54	16.38	--	6	9828	买盘
10:23:51	16.38	-0.01	2	3276	中性盘
10:23:48	16.39	0.01	319	522841	买盘
10:23:42	16.38	--	19	31121	卖盘
10:23:39	16.38	--	32	52416	买盘
10:23:36	16.38	--	22	36036	买盘
10:23:18	16.38	--	104	170352	买盘
10:23:12	16.38	--	57	93366	买盘
10:23:09	16.38	0.02	165	270270	买盘
10:23:06	16.36	--	50	81800	卖盘
10:23:00	16.36	--	68	111248	买盘
10:22:57	16.36	--	12	19632	买盘
10:22:51	16.36	0.01	12	19632	买盘
10:22:48	16.35	-0.02	35	57225	中性盘
10:22:42	16.37	0.01	164	268468	买盘
10:22:33	16.36	0.01	48	78528	买盘
10:22:30	16.35	--	30	49050	卖盘
10:22:27	16.35	--	20	32700	卖盘
10:22:15	16.35	--	3	4905	买盘
10:22:06	16.35	--	24	39240	买盘
10:22:03	16.35	0.01	6	9810	买盘
10:22:00	16.34	--	12	19608	买盘
10:21:51	16.34	0.02	114	186276	买盘
10:21:45	16.32	-0.01	87	141984	卖盘
10:21:42	16.33	0.01	1	1632	买盘
10:21:36	16.32	-0.01	33	53856	卖盘
10:21:33	16.33	0.01	20	32659	买盘
10:21:30	16.32	--	7	11424	卖盘
10:21:27	16.32	--	1	1632	卖盘
10:21:21	16.32	-0.01	104	169728	卖盘
10:21:12	16.33	0.01	12	19595	买盘
10:21:06	16.32	-0.01	160	261120	卖盘
10:21:00	16.33	--	126	205757	卖盘
10:20:57	16.33	-0.02	8	13063	卖盘
10:20:51	16.35	--	7	11445	买盘
10:20:48	16.35	--	6	9810	买盘
10:20:45	16.35	0.01	41	67035	买盘
10:20:42	16.34	-0.01	4	6536	中性盘
10:20:27	16.35	0.02	10	16350	买盘
10:20:21	16.33	--	3	4898	卖盘
10:20:18	16.33	-0.02	21	34293	卖盘
10:20:15	16.35	-0.01	2	3270	买盘
10:20:03	16.36	0.03	15	24540	卖盘
10:20:00	16.33	-0.03	722	1179025	卖盘
10:19:54	16.36	0.01	12	19632	买盘
10:19:51	16.35	-0.01	30	49050	卖盘
10:19:48	16.36	--	50	81800	买盘
10:19:42	16.36	0.01	1	1636	买盘
10:19:39	16.35	-0.01	40	65400	卖盘
10:19:36	16.36	--	5	8180	买盘
10:19:30	16.36	-0.01	6	9816	买盘
10:19:27	16.37	0.01	64	104768	买盘
10:19:24	16.36	-0.01	149	243764	卖盘
10:19:21	16.37	0.01	2	3274	买盘
10:19:15	16.36	-0.01	13	21268	卖盘
10:19:12	16.37	--	39	63843	买盘
10:19:03	16.37	--	56	91672	卖盘
10:19:00	16.37	--	14	22918	卖盘
10:18:54	16.37	--	36	58932	卖盘
10:18:51	16.37	-0.01	3	4911	卖盘
10:18:45	16.38	0.01	20	32759	买盘
10:18:39	16.37	--	90	147330	买盘
10:18:36	16.37	0.01	1	1637	买盘
10:18:33	16.36	-0.01	12	19632	卖盘
10:18:30	16.37	0.01	9	14733	卖盘
10:18:27	16.36	-0.01	27	44172	卖盘
10:18:24	16.37	--	34	55658	买盘
10:18:18	16.37	--	100	163700	买盘
10:18:12	16.37	0.01	20	32740	买盘
10:18:06	16.36	--	6	9816	买盘
10:18:03	16.36	-0.01	21	34356	卖盘
10:18:00	16.37	0.01	2	3274	买盘
10:17:57	16.36	--	14	22904	中性盘
10:17:51	16.36	--	15	24540	卖盘
10:17:48	16.36	--	5	8180	卖盘
10:17:45	16.36	0.01	10	16360	中性盘
10:17:39	16.35	-0.01	110	179850	卖盘
10:17:33	16.36	0.01	217	355012	买盘
10:17:30	16.35	--	50	81750	卖盘
10:17:27	16.35	--	6	9810	卖盘
10:17:24	16.35	--	5	8175	卖盘
10:17:21	16.35	--	36	58860	卖盘
10:17:15	16.35	--	5	8175	卖盘
10:17:12	16.35	-0.01	67	109545	卖盘
10:17:09	16.36	0.01	85	139060	买盘
10:17:06	16.35	-0.01	31	50685	卖盘
10:17:03	16.36	--	30	49080	买盘
10:17:00	16.36	--	19	31084	买盘
10:16:57	16.36	--	12	19632	买盘
10:16:51	16.36	--	66	107976	卖盘
10:16:48	16.36	--	46	75256	买盘
10:16:45	16.36	-0.01	56	91616	卖盘
10:16:42	16.37	0.01	12	19644	买盘
10:16:39	16.36	--	20	32720	卖盘
10:16:33	16.36	-0.01	30	49080	卖盘
10:16:27	16.37	--	194	317578	卖盘
10:16:24	16.37	--	10	16370	卖盘
10:16:21	16.37	--	44	72028	卖盘
10:16:18	16.37	--	37	60569	卖盘
10:16:15	16.37	-0.01	22	36014	卖盘
10:16:12	16.38	--	3	4914	买盘
10:16:06	16.38	--	22	36036	买盘
10:16:03	16.38	--	20	32759	买盘
10:16:00	16.38	--	4	6552	卖盘
10:15:57	16.38	-0.01	198	324324	卖盘
10:15:54	16.39	0.01	71	116369	买盘
10:15:51	16.38	--	65	106470	卖盘
10:15:48	16.38	--	142	232596	卖盘
10:15:45	16.38	-0.01	20	32759	卖盘
10:15:36	16.39	--	39	63921	卖盘
10:15:33	16.39	--	8	13112	卖盘
10:15:30	16.39	--	52	85228	卖盘
10:15:27	16.39	-0.01	30	49170	卖盘
10:15:24	16.4	--	20	32800	买盘
10:15:21	16.4	--	91	149240	卖盘
10:15:18	16.4	--	31	50839	卖盘
10:15:12	16.4	0.02	245	401799	买盘
10:15:09	16.38	-0.01	327	535626	卖盘
10:15:03	16.39	--	23	37697	卖盘
10:15:00	16.39	--	240	393360	买盘
10:14:57	16.39	--	10	16390	买盘
10:14:48	16.39	0.01	1	1639	买盘
10:14:45	16.38	--	18	29484	卖盘
10:14:42	16.38	--	20	32759	卖盘
10:14:39	16.38	0.01	203	332514	买盘
10:14:36	16.37	--	15	24555	卖盘
10:14:33	16.37	--	29	47473	卖盘
10:14:30	16.37	--	27	44199	卖盘
10:14:27	16.37	--	50	81850	买盘
10:14:24	16.37	0.01	24	39288	买盘
10:14:21	16.36	-0.01	100	163600	卖盘
10:14:18	16.37	--	28	45836	买盘
10:14:15	16.37	0.01	5	8185	买盘
10:14:06	16.36	-0.01	3	4908	卖盘
10:14:03	16.37	0.01	5	8185	买盘
10:14:00	16.36	--	5	8180	买盘
10:13:54	16.36	--	46	75256	买盘
10:13:51	16.36	0.01	50	81800	买盘
10:13:42	16.35	-0.01	10	16350	卖盘
10:13:39	16.36	0.02	87	142332	买盘
10:13:36	16.34	0.02	10	16340	买盘
10:13:33	16.32	-0.03	11	17952	卖盘
10:13:27	16.35	0.03	5	8175	买盘
10:13:24	16.32	--	35	57120	卖盘
10:13:21	16.32	-0.03	47	76704	卖盘
10:13:18	16.35	0.03	500	817500	买盘
10:13:15	16.32	--	96	156672	卖盘
10:13:09	16.32	0.01	282	460224	买盘
10:13:06	16.31	--	51	83181	买盘
10:13:03	16.31	--	6	9786	买盘
10:12:57	16.31	--	12	19572	买盘
10:12:54	16.31	-0.01	142	231601	卖盘
10:12:48	16.32	--	12	19584	买盘
10:12:45	16.32	--	4	6528	买盘
10:12:39	16.32	--	2	3264	买盘
10:12:36	16.32	0.01	10	16320	买盘
10:12:33	16.31	-0.01	50	81550	卖盘
10:12:30	16.32	--	11	17952	买盘
10:12:24	16.32	0.02	12	19584	买盘
10:12:21	16.3	--	96	156480	卖盘
10:12:18	16.3	-0.01	10	16300	卖盘
10:12:15	16.31	0.01	24	39144	买盘
10:12:12	16.3	--	90	146700	买盘
10:12:06	16.3	0.01	12	19560	买盘
10:12:03	16.29	--	76	123804	买盘
10:11:57	16.29	0.01	12	19548	买盘
10:11:51	16.28	-0.01	14	22792	卖盘
10:11:48	16.29	0.03	55	89595	买盘
10:11:42	16.26	-0.02	75	121950	卖盘
10:11:39	16.28	0.01	25	40700	买盘
10:11:36	16.27	--	1	1627	买盘
10:11:33	16.27	0.01	14	22778	买盘
10:11:30	16.26	--	32	52032	卖盘
10:11:15	16.26	--	26	42276	买盘
10:11:06	16.26	--	23	37398	买盘
10:11:03	16.26	--	12	19512	买盘
10:11:00	16.26	0.01	12	19512	买盘
10:10:57	16.25	--	110	178750	买盘
10:10:54	16.25	--	13	21125	买盘
10:10:51	16.25	0.01	13	21125	买盘
10:10:48	16.24	--	17	27607	买盘
10:10:45	16.24	--	150	243599	买盘
10:10:42	16.24	--	1	1623	买盘
10:10:39	16.24	0.01	20	32479	买盘
10:10:33	16.23	-0.01	12	19476	卖盘
10:10:30	16.24	0.01	12	19487	买盘
10:10:27	16.23	0.02	218	353814	买盘
10:10:24	16.21	-0.01	44	71324	卖盘
10:10:18	16.22	--	30	48660	买盘
10:10:06	16.22	--	10	16219	买盘
10:10:00	16.22	0.01	10	16219	买盘
10:09:57	16.21	-0.01	10	16210	卖盘
10:09:51	16.22	--	2	3244	买盘
10:09:48	16.22	--	5	8109	买盘
10:09:39	16.22	0.01	9	14597	买盘
10:09:33	16.21	--	217	351757	买盘
10:09:30	16.21	--	48	77808	买盘
10:09:27	16.21	0.01	12	19452	买盘
10:09:24	16.2	-0.01	100	162000	卖盘
10:09:18	16.21	--	20	32420	买盘
10:09:15	16.21	--	27	43767	卖盘
10:09:12	16.21	-0.01	3	4863	中性盘
10:09:06	16.22	0.01	12	19464	买盘
10:09:00	16.21	-0.01	2	3242	买盘
10:08:51	16.22	--	146	236811	买盘
10:08:42	16.22	--	14	22708	买盘
10:08:39	16.22	--	20	32439	买盘
10:08:36	16.22	0.01	4	6488	买盘
10:08:33	16.21	--	4	6484	卖盘
10:08:30	16.21	--	10	16210	卖盘
10:08:09	16.21	0.01	13	21073	中性盘
10:07:54	16.2	-0.01	207	335340	卖盘
10:07:51	16.21	0.01	23	37283	买盘
10:07:45	16.2	--	70	113400	卖盘
10:07:42	16.2	--	203	328860	卖盘
10:07:36	16.2	0.01	133	216270	买盘
10:07:33	16.19	--	40	64760	卖盘
10:07:09	16.19	--	6	9714	卖盘
10:07:00	16.19	--	60	97140	买盘
10:06:57	16.19	--	20	32380	买盘
10:06:54	16.19	--	5	8095	买盘
10:06:51	16.19	0.01	54	87426	买盘
10:06:39	16.18	-0.01	110	177980	卖盘
10:06:36	16.19	0.01	25	40475	买盘
10:06:30	16.18	--	11	17798	卖盘
10:06:24	16.18	--	30	48540	卖盘
10:06:21	16.18	--	30	48540	卖盘
10:06:18	16.18	--	12	19416	卖盘
10:06:12	16.18	-0.01	53	85754	卖盘
10:06:06	16.19	0.01	10	16190	买盘
10:05:57	16.18	--	84	135912	卖盘
10:05:39	16.18	--	100	161800	卖盘
10:05:36	16.18	--	25	40450	卖盘
10:05:27	16.18	--	131	211958	卖盘
10:05:24	16.18	--	6	9708	卖盘
10:05:18	16.18	--	7	11326	卖盘
10:05:12	16.18	--	55	88990	卖盘
10:05:09	16.18	--	4	6472	卖盘
10:05:06	16.18	--	43	69574	卖盘
10:05:03	16.18	-0.01	10	16180	卖盘
10:04:57	16.19	--	1	1619	买盘
10:04:51	16.19	--	10	16190	买盘
10:04:42	16.19	--	273	441987	卖盘
10:04:39	16.19	--	70	113330	卖盘
10:04:36	16.19	-0.01	88	142472	卖盘
10:04:33	16.2	--	1	1620	买盘
10:04:15	16.2	--	1	1620	买盘
10:04:06	16.2	-0.01	13	21286	卖盘
10:04:03	16.21	0.01	50	81050	买盘
10:04:00	16.2	--	130	210600	卖盘
10:03:57	16.2	-0.01	310	502200	卖盘
10:03:51	16.21	0.01	45	72945	买盘
10:03:42	16.2	--	260	421200	卖盘
10:03:39	16.2	--	2	3240	卖盘
10:03:36	16.2	--	120	194400	卖盘
10:03:30	16.2	--	22	35640	卖盘
10:03:21	16.2	--	22	35640	卖盘
10:03:15	16.2	--	321	520020	卖盘
10:03:09	16.2	--	100	162000	卖盘
10:02:57	16.2	-0.01	60	97200	卖盘
10:02:54	16.21	--	40	64840	买盘
10:02:51	16.21	--	24	38904	买盘
10:02:39	16.21	--	11	17831	买盘
10:02:36	16.21	--	40	64840	买盘
10:02:33	16.21	--	20	32420	买盘
10:02:30	16.21	--	2	3242	买盘
10:02:21	16.21	--	114	184794	卖盘
10:02:18	16.21	--	5	8105	卖盘
10:02:15	16.21	--	2	3242	卖盘
10:02:06	16.21	--	8	12968	买盘
10:01:57	16.21	--	42	68082	卖盘
10:01:54	16.21	--	2	3242	卖盘
10:01:45	16.21	-0.02	80	129680	卖盘
10:01:39	16.23	0.03	10	16230	买盘
10:01:18	16.2	--	100	162000	卖盘
10:00:57	16.2	-0.03	20	32400	卖盘
10:00:51	16.23	0.03	1	1623	买盘
10:00:39	16.2	-0.03	500	810000	卖盘
10:00:36	16.23	--	13	21099	买盘
10:00:30	16.23	0.03	1	1623	买盘
10:00:21	16.2	-0.03	3	4860	卖盘
10:00:18	16.23	-0.01	1	1623	中性盘
10:00:12	16.24	0.04	10	16239	买盘
10:00:09	16.2	-0.03	500	810000	卖盘
10:00:06	16.23	0.01	5	8115	中性盘
09:59:57	16.22	-0.03	83	134626	卖盘
09:59:48	16.25	--	25	40625	买盘
09:59:36	16.25	--	3	4875	买盘
09:59:33	16.25	0.03	148	240500	买盘
09:59:24	16.22	-0.01	16	25952	卖盘
09:59:12	16.23	--	49	79527	卖盘
09:59:09	16.23	0.01	1	1623	买盘
09:59:06	16.22	-0.01	200	324400	卖盘
09:59:00	16.23	--	3	4869	买盘
09:58:57	16.23	0.01	6	9738	中性盘
09:58:54	16.22	-0.01	250	405500	卖盘
09:58:51	16.23	-0.01	3	4869	买盘
09:58:45	16.24	0.01	33	53591	买盘
09:58:42	16.23	--	13	21099	买盘
09:58:36	16.23	--	13	21099	买盘
09:58:33	16.23	-0.02	24	38952	卖盘
09:58:30	16.25	0.03	30	48750	买盘
09:58:12	16.22	-0.03	250	405500	卖盘
09:58:09	16.25	--	4	6500	买盘
09:58:03	16.25	0.02	4	6500	买盘
09:57:54	16.23	--	6	9738	卖盘
09:57:48	16.23	-0.02	5	8115	卖盘
09:57:39	16.25	--	7	11375	买盘
09:57:33	16.25	--	20	32500	买盘
09:57:30	16.25	--	1	1625	买盘
09:57:09	16.25	0.04	253	411125	买盘
09:56:51	16.21	--	21	34041	买盘
09:56:45	16.21	--	42	68082	买盘
09:56:42	16.21	--	30	48630	买盘
09:56:39	16.21	--	152	246392	买盘
09:56:36	16.21	--	27	43767	买盘
09:56:33	16.21	0.01	70	113470	买盘
09:56:30	16.2	--	305	494100	卖盘
09:56:27	16.2	--	31	50220	卖盘
09:56:24	16.2	-0.01	20	32400	卖盘
09:56:15	16.21	--	6	9726	买盘
09:56:09	16.21	--	50	81050	买盘
09:56:03	16.21	-0.01	326	528446	卖盘
09:55:54	16.22	--	36	58391	卖盘
09:55:51	16.22	--	10	16219	卖盘
09:55:39	16.22	--	9	14597	卖盘
09:55:36	16.22	0.01	4	6488	中性盘
09:55:24	16.21	--	37	59977	卖盘
09:55:09	16.21	--	70	113470	买盘
09:55:06	16.21	--	10	16210	买盘
09:54:45	16.21	0.01	11	17831	买盘
09:54:30	16.2	--	24	40273	买盘
09:54:24	16.2	--	10	16200	买盘
09:54:15	16.2	--	103	166860	买盘
09:54:09	16.2	--	10	16200	买盘
09:54:06	16.2	0.01	20	32400	买盘
09:54:03	16.19	-0.01	22	35618	卖盘
09:54:00	16.2	--	241	390646	卖盘
09:53:36	16.2	-0.02	387	626940	卖盘
09:53:33	16.22	--	8	12976	卖盘
09:53:30	16.22	--	2	3244	卖盘
09:53:24	16.22	--	163	264386	买盘
09:53:15	16.22	--	225	364950	买盘
09:53:12	16.22	--	9	14597	买盘
09:53:09	16.22	--	90	145980	买盘
09:52:57	16.22	0.02	23	37306	买盘
09:52:54	16.2	-0.02	517	837540	卖盘
09:52:48	16.22	-0.01	92	149224	卖盘
09:52:36	16.23	--	4	6492	买盘
09:52:30	16.23	--	27	43821	卖盘
09:52:24	16.23	--	8	12984	卖盘
09:52:21	16.23	--	53	86019	买盘
09:52:18	16.23	--	10	16230	买盘
09:52:15	16.23	0.01	20	32460	买盘
09:52:09	16.22	-0.01	25	40550	卖盘
09:52:03	16.23	--	28	45444	买盘
09:52:00	16.23	0.01	2	3246	买盘
09:51:57	16.22	-0.01	6	9732	卖盘
09:51:45	16.23	--	20	32460	买盘
09:51:39	16.23	0.01	83	136104	买盘
09:51:24	16.22	-0.01	3	4866	卖盘
09:51:21	16.23	0.02	131	212613	买盘
09:51:15	16.21	-0.01	59	95639	卖盘
09:51:12	16.22	--	16	25952	卖盘
09:51:06	16.22	0.01	61	98942	买盘
09:51:03	16.21	-0.01	86	139406	卖盘
09:51:00	16.22	0.01	6	9732	买盘
09:50:57	16.21	-0.01	11	17831	卖盘
09:50:48	16.22	-0.01	5	8109	中性盘
09:50:42	16.23	0.02	17	27591	买盘
09:50:39	16.21	-0.01	10	16210	卖盘
09:50:30	16.22	0.01	1	1622	中性盘
09:50:24	16.21	--	13	21073	卖盘
09:50:21	16.21	--	28	45388	卖盘
09:50:18	16.21	--	22	35662	卖盘
09:50:15	16.21	--	12	19452	卖盘
09:50:06	16.21	--	10	16210	卖盘
09:50:03	16.21	0.01	2	3242	中性盘
09:49:54	16.2	--	27	43740	卖盘
09:49:51	16.2	-0.01	6	9720	卖盘
09:49:48	16.21	--	3	4863	买盘
09:49:36	16.21	0.01	1	1621	买盘
09:49:33	16.2	-0.01	1	1620	卖盘
09:49:27	16.21	0.01	1	1621	卖盘
09:49:18	16.2	0.01	98	158760	买盘
09:49:06	16.19	-0.01	243	393417	卖盘
09:49:00	16.2	-0.01	200	324000	卖盘
09:48:57	16.21	0.01	36	58356	买盘
09:48:48	16.2	--	5	8100	卖盘
09:48:36	16.2	-0.01	13	21060	卖盘
09:48:33	16.21	-0.03	5	8105	中性盘
09:48:15	16.24	--	5	8119	买盘
09:48:12	16.24	-0.01	50	81199	卖盘
09:48:06	16.25	--	7	11375	买盘
09:48:03	16.25	0.01	10	16250	买盘
09:47:57	16.24	-0.02	1034	1679215	中性盘
09:47:30	16.26	0.03	12	19512	买盘
09:47:27	16.23	--	11	17853	卖盘
09:47:18	16.23	-0.03	4	6492	卖盘
09:47:12	16.26	0.04	1	1626	买盘
09:47:09	16.22	-0.04	5	8109	中性盘
09:46:45	16.26	0.07	8	13008	中性盘
09:46:33	16.19	-0.07	1016	1644904	卖盘
09:46:30	16.26	--	18	29268	卖盘
09:46:27	16.26	-0.01	200	325200	卖盘
09:46:24	16.27	-0.01	1	1627	卖盘
09:46:21	16.28	--	2	3256	买盘
09:46:12	16.28	0.02	5	8140	买盘
09:46:09	16.26	--	21	34146	卖盘
09:45:45	16.26	-0.03	60	97560	中性盘
09:45:42	16.29	0.03	100	162900	买盘
09:45:30	16.26	--	10	16260	买盘
09:45:27	16.26	0.01	1	1626	买盘
09:45:24	16.25	-0.02	30	48750	卖盘
09:45:18	16.27	0.02	13	21151	买盘
09:45:09	16.25	--	0	195	卖盘
09:45:06	16.25	0.07	22	35750	买盘
09:45:03	16.18	-0.03	880	1423840	卖盘
09:45:00	16.21	-0.01	56	90776	卖盘
09:44:57	16.22	--	10	16219	卖盘
09:44:48	16.22	0.02	19	30817	买盘
09:44:33	16.2	-0.02	605	980440	卖盘
09:44:30	16.22	-0.01	178	288716	卖盘
09:44:24	16.23	0.01	1	1623	中性盘
09:44:15	16.22	-0.03	12	19464	卖盘
09:44:06	16.25	--	5	8125	买盘
09:44:00	16.25	--	11	17875	买盘
09:43:57	16.25	-0.02	388	630500	卖盘
09:43:51	16.27	--	10	16270	买盘
09:43:48	16.27	--	4	6508	买盘
09:43:39	16.27	-0.01	102	165954	卖盘
09:43:36	16.28	0.01	40	65120	买盘
09:43:33	16.27	--	19	30913	卖盘
09:43:24	16.27	-0.02	300	488100	卖盘
09:43:15	16.29	0.01	68	110772	买盘
09:43:03	16.28	0.01	1	1628	买盘
09:43:00	16.27	-0.01	34	55318	卖盘
09:42:54	16.28	--	10	16280	买盘
09:42:45	16.28	0.01	50	81400	买盘
09:42:42	16.27	--	15	24405	卖盘
09:42:39	16.27	-0.01	18	29286	卖盘
09:42:33	16.28	--	12	19536	买盘
09:42:30	16.28	-0.01	44	71632	卖盘
09:42:27	16.29	0.01	1	1629	中性盘
09:42:18	16.28	-0.02	24	39072	卖盘
09:42:15	16.3	0.01	121	197230	买盘
09:42:12	16.29	0.01	5	8145	买盘
09:42:09	16.28	--	11	17908	卖盘
09:42:06	16.28	--	10	16280	卖盘
09:42:03	16.28	--	5	8140	买盘
09:42:00	16.28	-0.01	13	21164	卖盘
09:41:48	16.29	0.01	29	47241	买盘
09:41:45	16.28	-0.01	15	24420	卖盘
09:41:42	16.29	0.01	19	30951	买盘
09:41:36	16.28	--	36	58608	买盘
09:41:30	16.28	--	1	1628	买盘
09:41:27	16.28	--	10	16280	买盘
09:41:24	16.28	--	12	19536	买盘
09:41:18	16.28	--	30	48840	买盘
09:41:15	16.28	--	10	16280	买盘
09:41:00	16.28	--	5	8140	买盘
09:40:54	16.28	--	57	92796	卖盘
09:40:48	16.28	--	16	26048	卖盘
09:40:45	16.28	-0.01	20	32560	卖盘
09:40:27	16.29	-0.01	6	9774	卖盘
09:40:24	16.3	0.01	25	40750	买盘
09:40:18	16.29	--	36	58644	卖盘
09:40:12	16.29	-0.01	16	26064	卖盘
09:40:09	16.3	--	5	8150	买盘
09:39:57	16.3	--	5	8150	买盘
09:39:54	16.3	--	112	182560	卖盘
09:39:51	16.3	--	21	34230	卖盘
09:39:48	16.3	--	50	81500	卖盘
09:39:45	16.3	--	35	57050	卖盘
09:39:42	16.3	-0.01	33	53790	卖盘
09:39:36	16.31	0.01	6	9786	买盘
09:39:33	16.3	-0.01	12	19560	卖盘
09:39:27	16.31	0.01	31	50560	买盘
09:39:24	16.3	--	50	81500	卖盘
09:39:18	16.3	-0.02	12	19560	卖盘
09:39:12	16.32	0.02	30	48960	买盘
09:39:06	16.3	--	12	19560	卖盘
09:39:00	16.3	-0.02	26	42380	卖盘
09:38:57	16.32	-0.01	10	16320	卖盘
09:38:54	16.33	--	37	60420	买盘
09:38:48	16.33	--	10	16329	买盘
09:38:45	16.33	0.02	27	44090	买盘
09:38:42	16.31	-0.01	5	8154	卖盘
09:38:36	16.32	0.01	27	44064	买盘
09:38:30	16.31	--	3	4893	卖盘
09:38:27	16.31	--	27	44037	买盘
09:38:15	16.31	--	5	8154	买盘
09:38:06	16.31	-0.03	20	32619	卖盘
09:38:03	16.34	0.01	35	57190	买盘
09:38:00	16.33	--	9	14696	买盘
09:37:57	16.33	--	4	6531	买盘
09:37:54	16.33	-0.01	20	32659	中性盘
09:37:51	16.34	0.01	62	101308	买盘
09:37:48	16.33	0.01	13	21228	买盘
09:37:45	16.32	-0.01	20	32640	中性盘
09:37:36	16.33	0.01	6	9797	买盘
09:37:33	16.32	-0.01	34	55488	卖盘
09:37:30	16.33	0.01	25	40824	买盘
09:37:27	16.32	--	1	1632	卖盘
09:37:21	16.32	--	20	32640	卖盘
09:37:15	16.32	--	10	16320	卖盘
09:37:12	16.32	--	93	151776	买盘
09:37:09	16.32	0.01	1	1632	买盘
09:37:00	16.31	-0.01	10	16309	卖盘
09:36:57	16.32	0.01	5	8160	买盘
09:36:54	16.31	--	12	19572	卖盘
09:36:45	16.31	--	24	39144	卖盘
09:36:42	16.31	--	20	32619	卖盘
09:36:33	16.31	--	18	29357	买盘
09:36:30	16.31	--	69	112538	买盘
09:36:24	16.31	-0.01	15	24464	买盘
09:36:09	16.32	0.01	216	352512	买盘
09:36:06	16.31	--	11	17941	买盘
09:36:00	16.31	--	5	8154	买盘
09:35:57	16.31	--	6	9786	买盘
09:35:48	16.31	0.01	122	198981	买盘
09:35:39	16.3	--	175	285250	买盘
09:35:36	16.3	0.01	5	8150	买盘
09:35:27	16.29	0.01	12	19548	买盘
09:35:21	16.28	-0.01	20	32560	中性盘
09:35:18	16.29	0.02	87	141723	买盘
09:35:15	16.27	-0.01	18	29286	卖盘
09:35:12	16.28	0.01	5	8140	买盘
09:34:54	16.27	0.02	119	193613	买盘
09:34:42	16.25	0.01	75	121875	买盘
09:34:39	16.24	--	14	22735	卖盘
09:34:30	16.24	-0.01	21	34104	卖盘
09:34:24	16.25	--	20	32500	买盘
09:34:21	16.25	--	13	21125	买盘
09:34:18	16.25	0.01	1	1625	买盘
09:34:09	16.24	0.02	50	81199	卖盘
09:34:06	16.22	-0.03	39	63257	卖盘
09:34:03	16.25	0.03	115	186875	买盘
09:34:00	16.22	-0.02	10	16219	卖盘
09:33:57	16.24	0.02	12	19487	买盘
09:33:54	16.22	-0.02	60	97320	卖盘
09:33:51	16.24	0.02	4	6495	买盘
09:33:36	16.22	--	8	12976	买盘
09:33:33	16.22	--	2	3244	卖盘
09:33:30	16.22	--	10	16219	卖盘
09:33:15	16.22	--	42	68124	买盘
09:33:12	16.22	--	12	19464	买盘
09:33:09	16.22	--	13	21086	买盘
09:33:03	16.22	--	24	38928	卖盘
09:32:57	16.22	0.01	6	9732	买盘
09:32:54	16.21	-0.01	73	118333	卖盘
09:32:48	16.22	--	13	21086	买盘
09:32:42	16.22	--	5	8109	买盘
09:32:36	16.22	--	10	16219	买盘
09:32:33	16.22	--	123	199506	卖盘
09:32:27	16.22	--	17	27573	卖盘
09:32:15	16.22	-0.01	59	95698	卖盘
09:32:09	16.23	0.01	10	16230	中性盘
09:31:57	16.22	-0.02	5	8109	卖盘
09:31:48	16.24	--	44	71456	买盘
09:31:42	16.24	--	4	6495	买盘
09:31:30	16.24	--	1	1623	卖盘
09:31:27	16.24	0.03	9	14615	中性盘
09:30:24	16.21	0.02	33	53493	卖盘
09:30:09	16.19	-0.08	392	634648	卖盘
09:30:06	16.27	0.06	162	263574	买盘
09:30:03	16.21	--	0	0	卖盘
09:25:03	16.21	16.21	64	103744	买盘
