成交时间	成交价	价格变动	成交量(手)	成交额(元)	性质
15:00:03	30.2	0.2	1584	4786669	买盘
14:57:03	30.0	--	28	84000	卖盘
14:57:00	30.0	--	13	39000	卖盘
14:56:57	30.0	0.02	99	297000	买盘
14:56:54	29.98	-0.02	411	1232178	卖盘
14:56:51	30.0	0.01	31	93000	买盘
14:56:48	29.99	--	7	20993	卖盘
14:56:45	29.99	--	107	320893	卖盘
14:56:42	29.99	--	46	137954	买盘
14:56:39	29.99	0.01	23	68977	买盘
14:56:36	29.98	--	21	62958	买盘
14:56:33	29.98	-0.01	105	314790	卖盘
14:56:30	29.99	--	38	113962	买盘
14:56:27	29.99	0.01	45	134955	买盘
14:56:21	29.98	--	23	68954	卖盘
14:56:18	29.98	--	32	95936	卖盘
14:56:12	29.98	0.02	62	185876	买盘
14:56:09	29.96	--	40	119840	卖盘
14:56:06	29.96	--	4	11984	卖盘
14:56:03	29.96	0.01	51	152796	买盘
14:56:00	29.95	--	15	44925	卖盘
14:55:57	29.95	--	41	122795	买盘
14:55:54	29.95	0.02	41	122795	买盘
14:55:51	29.93	-0.01	89	266377	卖盘
14:55:48	29.94	-0.01	9	26946	卖盘
14:55:45	29.95	0.02	5	14975	买盘
14:55:39	29.93	-0.01	61	182573	卖盘
14:55:36	29.94	--	26	78173	卖盘
14:55:33	29.94	--	16	47904	买盘
14:55:30	29.94	0.01	12	35928	买盘
14:55:27	29.93	--	16	47888	卖盘
14:55:24	29.93	-0.01	37	110741	卖盘
14:55:21	29.94	--	9	26946	买盘
14:55:18	29.94	0.01	53	158682	买盘
14:55:15	29.93	--	55	164615	卖盘
14:55:09	29.93	--	29	88622	买盘
14:55:06	29.93	--	43	128699	买盘
14:55:03	29.93	0.05	20	59860	买盘
14:55:00	29.88	-0.03	120	358560	卖盘
14:54:57	29.91	--	3	8973	买盘
14:54:51	29.91	0.03	85	254235	买盘
14:54:42	29.88	-0.01	50	149400	卖盘
14:54:39	29.89	0.01	2	5978	买盘
14:54:36	29.88	--	1	2988	卖盘
14:54:33	29.88	--	302	902376	卖盘
14:54:30	29.88	--	10	29880	卖盘
14:54:27	29.88	--	2	5976	卖盘
14:54:24	29.88	--	12	35856	买盘
14:54:21	29.88	--	5	14940	买盘
14:54:18	29.88	0.01	3	8964	买盘
14:54:15	29.87	0.01	28	83636	中性盘
14:54:09	29.86	-0.02	26	77636	卖盘
14:54:06	29.88	--	58	173304	买盘
14:54:00	29.88	0.02	5	14940	买盘
14:53:54	29.86	-0.02	2	5972	卖盘
14:53:48	29.88	0.03	11	32868	买盘
14:53:45	29.85	-0.01	8	23880	卖盘
14:53:42	29.86	0.01	24	71664	买盘
14:53:39	29.85	-0.01	6	17910	卖盘
14:53:33	29.86	--	20	59720	买盘
14:53:30	29.86	--	32	95552	买盘
14:53:27	29.86	--	1	2986	买盘
14:53:24	29.86	--	30	89580	买盘
14:53:21	29.86	0.01	3	8958	买盘
14:53:18	29.85	--	1	2985	卖盘
14:53:12	29.85	--	89	265665	买盘
14:53:09	29.85	--	6	17910	买盘
14:53:06	29.85	--	6	17910	买盘
14:53:03	29.85	0.01	2	5970	买盘
14:53:00	29.84	-0.01	33	98472	卖盘
14:52:57	29.85	0.01	10	29850	买盘
14:52:51	29.84	--	10	29840	卖盘
14:52:48	29.84	--	14	41776	卖盘
14:52:45	29.84	--	3	8952	买盘
14:52:42	29.84	0.01	8	23872	买盘
14:52:39	29.83	--	12	35796	卖盘
14:52:36	29.83	--	1	2983	卖盘
14:52:33	29.83	--	10	29830	卖盘
14:52:30	29.83	--	8	23864	卖盘
14:52:27	29.83	--	14	41762	卖盘
14:52:24	29.83	--	8	23864	买盘
14:52:21	29.83	0.01	7	20881	买盘
14:52:18	29.82	-0.01	0	1669	卖盘
14:52:15	29.83	--	1	2983	买盘
14:52:12	29.83	-0.01	13	38779	卖盘
14:52:09	29.84	0.01	15	44760	买盘
14:52:06	29.83	-0.01	21	62643	卖盘
14:52:00	29.84	--	6	17904	买盘
14:51:57	29.84	--	1	2984	买盘
14:51:54	29.84	0.01	6	17904	买盘
14:51:48	29.83	0.03	5	14915	买盘
14:51:45	29.8	-0.02	18	56113	中性盘
14:51:42	29.82	0.01	5	14910	买盘
14:51:33	29.81	--	9	26829	买盘
14:51:30	29.81	0.02	5	14905	买盘
14:51:24	29.79	0.01	1	2979	买盘
14:51:21	29.78	-0.02	8	23824	卖盘
14:51:15	29.8	0.02	149	444020	买盘
14:51:09	29.78	--	2	5956	买盘
14:50:54	29.78	--	8	23824	买盘
14:50:51	29.78	--	9	26802	买盘
14:50:48	29.78	0.01	12	35736	中性盘
14:50:45	29.77	-0.02	5	14885	卖盘
14:50:39	29.79	-0.01	5	14895	中性盘
14:50:33	29.8	0.01	73	217540	买盘
14:50:27	29.79	--	8	23832	买盘
14:50:24	29.79	-0.01	11	32769	买盘
14:50:21	29.8	--	31	92380	买盘
14:50:18	29.8	--	41	122180	买盘
14:50:15	29.8	--	45	134100	买盘
14:50:12	29.8	--	7	20860	买盘
14:50:06	29.8	--	14	41720	买盘
14:49:57	29.8	0.05	12	35760	买盘
14:49:54	29.75	-0.05	8	23800	卖盘
14:49:51	29.8	--	3	8940	买盘
14:49:45	29.8	0.05	30	89400	买盘
14:49:36	29.75	0.03	43	127925	买盘
14:49:33	29.72	--	2	5944	买盘
14:49:30	29.72	0.02	6	17832	买盘
14:49:18	29.7	--	2	7959	卖盘
14:49:12	29.7	-0.01	3	8910	卖盘
14:49:09	29.71	0.01	28	83188	买盘
14:49:06	29.7	-0.01	5	14850	卖盘
14:49:03	29.71	0.01	2	5942	买盘
14:48:48	29.7	--	22	65340	买盘
14:48:45	29.7	--	2	5940	买盘
14:48:42	29.7	--	5	14850	买盘
14:48:39	29.7	--	7	20790	买盘
14:48:36	29.7	--	2	5940	买盘
14:48:33	29.7	--	20	59400	买盘
14:48:30	29.7	--	1	2970	买盘
14:48:27	29.7	--	53	157410	买盘
14:48:24	29.7	--	4	11880	买盘
14:48:21	29.7	--	6	17820	买盘
14:48:15	29.7	0.01	10	29700	买盘
14:48:12	29.69	-0.01	56	166264	卖盘
14:48:03	29.7	0.01	38	112860	买盘
14:47:48	29.69	-0.01	1	2969	卖盘
14:47:45	29.7	0.01	15	44550	买盘
14:47:39	29.69	--	5	14845	卖盘
14:47:36	29.69	--	2	5938	卖盘
14:47:33	29.69	--	4	11876	卖盘
14:47:24	29.69	--	25	74225	买盘
14:47:21	29.69	--	28	83132	买盘
14:47:15	29.69	--	15	44535	买盘
14:47:12	29.69	--	5	14845	买盘
14:47:09	29.69	--	10	29690	买盘
14:47:06	29.69	--	71	210799	买盘
14:47:03	29.69	--	20	59380	买盘
14:47:00	29.69	--	4	11876	买盘
14:46:57	29.69	--	10	29690	买盘
14:46:54	29.69	--	57	169233	买盘
14:46:42	29.69	0.01	17	50473	买盘
14:46:39	29.68	-0.01	61	181048	卖盘
14:46:36	29.69	0.01	3	8907	买盘
14:46:33	29.68	-0.01	5	14840	卖盘
14:46:27	29.69	--	20	59380	买盘
14:46:24	29.69	0.01	3	8907	买盘
14:46:21	29.68	--	4	11872	卖盘
14:46:18	29.68	-0.01	10	29680	卖盘
14:46:12	29.69	--	1	2969	买盘
14:46:03	29.69	--	17	50473	买盘
14:46:00	29.69	0.01	12	35628	买盘
14:45:33	29.68	--	5	14840	卖盘
14:45:30	29.68	--	16	47488	买盘
14:45:27	29.68	0.01	14	41552	买盘
14:45:21	29.67	--	6	17802	买盘
14:45:18	29.67	-0.01	42	124614	卖盘
14:45:09	29.68	--	19	56392	卖盘
14:45:06	29.68	--	4	11872	卖盘
14:45:00	29.68	--	8	23744	买盘
14:44:57	29.68	0.01	6	17808	买盘
14:44:54	29.67	--	10	29670	卖盘
14:44:51	29.67	-0.01	1	2967	卖盘
14:44:48	29.68	0.01	2	5936	买盘
14:44:45	29.67	0.01	10	29670	买盘
14:44:36	29.66	-0.01	4	11864	卖盘
14:44:30	29.67	--	1	2967	买盘
14:44:27	29.67	0.02	1	2967	买盘
14:44:21	29.65	-0.01	40	118600	卖盘
14:44:15	29.66	--	1	2966	卖盘
14:44:12	29.66	--	10	29660	买盘
14:44:09	29.66	--	1	2966	买盘
14:43:57	29.66	0.01	9	26694	买盘
14:43:51	29.65	--	17	50405	买盘
14:43:48	29.65	0.01	1	2965	买盘
14:43:45	29.64	-0.01	1	2964	卖盘
14:43:42	29.65	--	21	62265	买盘
14:43:36	29.65	0.01	14	41510	买盘
14:43:33	29.64	-0.01	16	47424	卖盘
14:43:27	29.65	0.01	1	2965	买盘
14:43:21	29.64	--	1	2964	买盘
14:43:18	29.64	0.01	12	35568	买盘
14:43:15	29.63	--	10	29630	卖盘
14:43:09	29.63	--	2	5926	卖盘
14:42:57	29.63	--	8	23704	买盘
14:42:48	29.63	0.01	1	2963	买盘
14:42:39	29.62	--	41	123545	买盘
14:42:33	29.62	0.01	7	20734	买盘
14:42:30	29.61	-0.01	21	62181	卖盘
14:42:27	29.62	--	4	11848	买盘
14:42:21	29.62	0.01	2	5924	买盘
14:42:18	29.61	--	7	20727	卖盘
14:42:15	29.61	--	3	8883	卖盘
14:42:12	29.61	-0.01	1	2961	卖盘
14:42:09	29.62	0.01	1	2962	买盘
14:42:03	29.61	0.01	6	17766	买盘
14:41:54	29.6	-0.01	3	8880	卖盘
14:41:48	29.61	-0.01	4	11844	中性盘
14:41:27	29.62	0.01	6	17772	买盘
14:41:24	29.61	--	10	29610	买盘
14:41:21	29.61	-0.01	2	5922	卖盘
14:41:12	29.62	--	10	29620	买盘
14:41:09	29.62	0.01	3	8886	买盘
14:41:03	29.61	--	4	11844	卖盘
14:40:57	29.61	--	2	5922	卖盘
14:40:51	29.61	-0.01	25	74025	卖盘
14:40:48	29.62	--	3	11137	买盘
14:40:45	29.62	--	20	59240	买盘
14:40:42	29.62	--	84	249666	卖盘
14:40:39	29.62	-0.01	3	8886	卖盘
14:40:36	29.63	0.01	7	20741	买盘
14:40:30	29.62	-0.01	11	32582	卖盘
14:40:27	29.63	0.01	1	2963	买盘
14:40:24	29.62	--	1	2962	卖盘
14:40:12	29.62	-0.01	5	17386	卖盘
14:40:09	29.63	0.01	1	2963	买盘
14:40:06	29.62	--	18	55804	卖盘
14:40:03	29.62	--	5	14810	卖盘
14:39:57	29.62	--	3	8886	卖盘
14:39:54	29.62	-0.02	12	35544	卖盘
14:39:48	29.64	--	1	2964	买盘
14:39:45	29.64	--	2	5928	买盘
14:39:42	29.64	--	17	51277	卖盘
14:39:36	29.64	-0.01	8	23712	卖盘
14:39:30	29.65	--	1	2965	买盘
14:39:27	29.65	0.01	2	5930	买盘
14:39:24	29.64	-0.01	10	29640	卖盘
14:39:15	29.65	0.01	26	77090	买盘
14:39:09	29.64	-0.03	12	35568	卖盘
14:39:06	29.67	0.03	1	2967	买盘
14:39:00	29.64	-0.03	4	11856	卖盘
14:38:57	29.67	--	5	14835	买盘
14:38:48	29.67	0.01	1	2967	买盘
14:38:45	29.66	-0.01	4	11923	卖盘
14:38:42	29.67	--	5	14835	卖盘
14:38:39	29.67	-0.03	2	5934	卖盘
14:38:33	29.7	--	1	2970	买盘
14:38:30	29.7	0.01	1	2970	买盘
14:38:27	29.69	-0.01	10	29690	买盘
14:38:24	29.7	0.01	14	42292	买盘
14:38:18	29.69	--	6	17814	卖盘
14:38:15	29.69	--	2	5938	卖盘
14:38:12	29.69	-0.01	2	5938	卖盘
14:38:09	29.7	0.01	2	5940	买盘
14:37:57	29.69	--	1	2969	卖盘
14:37:51	29.69	-0.01	5	14845	卖盘
14:37:48	29.7	--	3	8910	买盘
14:37:45	29.7	--	1	2970	买盘
14:37:42	29.7	0.01	33	98010	买盘
14:37:39	29.69	-0.01	5	14845	卖盘
14:37:36	29.7	--	5	17107	买盘
14:37:33	29.7	--	17	50490	买盘
14:37:27	29.7	--	1	2970	买盘
14:37:24	29.7	--	2	5940	买盘
14:37:21	29.7	--	5	14850	买盘
14:37:09	29.7	0.01	1	2970	买盘
14:37:00	29.69	--	13	38597	卖盘
14:36:54	29.69	--	13	38597	买盘
14:36:48	29.69	--	1	2969	买盘
14:36:39	29.69	--	4	11876	卖盘
14:36:33	29.69	0.01	36	106884	买盘
14:36:30	29.68	--	1	2968	买盘
14:36:24	29.68	--	3	8904	卖盘
14:36:18	29.68	-0.01	1	2968	卖盘
14:36:15	29.69	--	19	56411	买盘
14:36:09	29.69	--	8	23752	买盘
14:36:06	29.69	--	11	32659	卖盘
14:35:54	29.69	0.02	40	118760	买盘
14:35:51	29.67	-0.02	20	59340	卖盘
14:35:48	29.69	--	9	26721	买盘
14:35:39	29.69	--	1	2969	买盘
14:35:36	29.69	--	2	5938	买盘
14:35:30	29.69	0.01	1	2969	买盘
14:35:24	29.68	--	5	14840	卖盘
14:35:21	29.68	--	4	14780	卖盘
14:35:15	29.68	0.01	21	62328	买盘
14:35:09	29.67	--	1	2967	买盘
14:35:06	29.67	--	5	14835	买盘
14:35:00	29.67	--	6	17802	买盘
14:34:57	29.67	0.02	10	29670	买盘
14:34:51	29.65	--	4	11860	卖盘
14:34:48	29.65	-0.02	8	23720	卖盘
14:34:45	29.67	-0.01	3	8901	中性盘
14:34:36	29.68	0.03	21	62328	买盘
14:34:24	29.65	--	8	23720	买盘
14:34:21	29.65	0.01	38	112670	买盘
14:34:18	29.64	-0.01	8	23712	卖盘
14:34:15	29.65	--	6	17790	买盘
14:34:00	29.65	0.02	15	46550	买盘
14:33:57	29.63	-0.01	3	8889	卖盘
14:33:48	29.64	--	8	23712	买盘
14:33:42	29.64	0.01	7	20748	买盘
14:33:30	29.63	--	8	23704	卖盘
14:33:24	29.63	-0.01	3	8889	卖盘
14:33:21	29.64	0.01	20	59280	买盘
14:33:18	29.63	--	9	26667	买盘
14:33:12	29.63	-0.01	1	2963	中性盘
14:32:57	29.64	0.03	3	8892	买盘
14:32:39	29.61	--	1	2961	买盘
14:32:33	29.61	--	8	23688	买盘
14:32:30	29.61	--	15	44415	卖盘
14:32:27	29.61	0.01	7	20727	买盘
14:32:12	29.6	--	103	304880	买盘
14:32:03	29.6	--	8	23680	买盘
14:31:57	29.6	--	2	5920	买盘
14:31:54	29.6	--	10	29600	买盘
14:31:48	29.6	--	3	8880	买盘
14:31:42	29.6	--	1	2960	买盘
14:31:36	29.6	--	15	44400	买盘
14:31:30	29.6	--	1	2960	买盘
14:31:27	29.6	--	10	29600	买盘
14:31:24	29.6	--	1	2960	买盘
14:31:18	29.6	--	15	44400	买盘
14:31:15	29.6	0.02	9	26640	买盘
14:31:12	29.58	-0.01	8	23664	卖盘
14:31:09	29.59	--	12	35508	买盘
14:31:03	29.59	0.01	16	47344	买盘
14:31:00	29.58	-0.01	57	168931	卖盘
14:30:57	29.59	0.01	9	26631	买盘
14:30:48	29.58	--	8	23664	买盘
14:30:45	29.58	0.01	3	8874	买盘
14:30:36	29.57	--	1	2957	买盘
14:30:33	29.57	0.01	5	14785	买盘
14:30:18	29.56	--	1	2956	买盘
14:30:15	29.56	0.01	7	20692	买盘
14:30:09	29.55	-0.01	9	28072	卖盘
14:30:06	29.56	0.01	9	26604	买盘
14:30:03	29.55	0.02	38	112290	买盘
14:29:51	29.53	0.01	7	20671	买盘
14:29:36	29.52	--	8	23616	买盘
14:29:33	29.52	0.02	2	5904	买盘
14:29:15	29.5	--	2	5900	买盘
14:29:09	29.5	--	5	14750	买盘
14:28:54	29.5	0.01	12	35400	买盘
14:28:51	29.49	--	5	14745	买盘
14:28:33	29.49	0.01	14	41286	买盘
14:28:21	29.48	0.02	1	2948	买盘
14:28:03	29.46	0.01	0	294	买盘
14:27:48	29.45	0.01	5	14725	中性盘
14:27:39	29.44	-0.04	1	2944	卖盘
14:27:36	29.48	--	3	8844	买盘
14:27:24	29.48	--	5	14740	买盘
14:27:21	29.48	--	2	5896	买盘
14:27:09	29.48	--	1	2948	买盘
14:26:39	29.48	--	1	2948	买盘
14:26:18	29.48	-0.01	26	76648	中性盘
14:25:57	29.49	0.09	17	50133	买盘
14:25:42	29.4	0.01	5	14700	买盘
14:25:36	29.39	0.01	1	2939	中性盘
14:25:12	29.38	--	20	58760	卖盘
14:25:09	29.38	--	1	2938	卖盘
14:25:06	29.38	--	3	8814	卖盘
14:25:03	29.38	-0.02	12	35256	卖盘
14:25:00	29.4	0.02	5	14700	买盘
14:24:51	29.38	--	5	14690	卖盘
14:24:30	29.38	-0.02	8	23504	卖盘
14:24:27	29.4	0.02	7	20580	买盘
14:24:18	29.38	--	5	14690	卖盘
14:24:06	29.38	0.02	38	111644	买盘
14:23:45	29.36	-0.02	4	11744	卖盘
14:23:30	29.38	-0.02	22	64636	卖盘
14:23:21	29.4	0.02	5	14700	买盘
14:23:18	29.38	--	5	14690	卖盘
14:23:12	29.38	--	20	58760	卖盘
14:23:09	29.38	--	1	2938	卖盘
14:23:00	29.38	-0.02	26	76388	卖盘
14:22:57	29.4	0.01	4	11760	买盘
14:22:54	29.39	--	9	26451	买盘
14:22:45	29.39	--	1	2939	买盘
14:22:42	29.39	--	3	8817	买盘
14:22:39	29.39	--	1	2939	卖盘
14:22:36	29.39	-0.01	4	11756	卖盘
14:22:33	29.4	--	8	23520	买盘
14:22:21	29.4	--	31	91140	买盘
14:22:15	29.4	--	5	14700	买盘
14:22:09	29.4	--	3	8820	买盘
14:21:48	29.4	0.02	5	14700	买盘
14:21:18	29.38	--	5	14690	卖盘
14:21:15	29.38	--	2	5876	买盘
14:20:57	29.38	--	2	5876	买盘
14:20:54	29.38	--	2	5876	买盘
14:20:51	29.38	--	1	2938	买盘
14:20:48	29.38	0.02	5	14690	买盘
14:20:42	29.36	-0.02	8	23488	卖盘
14:20:36	29.38	--	20	58760	买盘
14:20:27	29.38	--	2	5876	买盘
14:20:18	29.38	--	5	14690	买盘
14:20:09	29.38	0.02	11	32318	买盘
14:20:00	29.36	--	2	5872	买盘
14:19:57	29.36	0.01	61	179096	买盘
14:19:54	29.35	--	1	2935	中性盘
14:19:51	29.35	--	7	20545	卖盘
14:19:48	29.35	--	5	14675	卖盘
14:19:39	29.35	0.01	14	41090	买盘
14:19:30	29.34	0.02	4	11736	中性盘
14:19:24	29.32	-0.04	10	29320	卖盘
14:19:21	29.36	--	9	26424	买盘
14:19:15	29.36	0.01	10	29360	买盘
14:19:12	29.35	-0.01	15	44025	卖盘
14:19:09	29.36	--	4	11744	卖盘
14:19:03	29.36	-0.02	1	2936	卖盘
14:19:00	29.38	0.02	2	5876	买盘
14:18:57	29.36	-0.02	1	2936	卖盘
14:18:51	29.38	--	5	14690	买盘
14:18:48	29.38	--	5	14690	买盘
14:18:45	29.38	-0.02	17	49946	卖盘
14:18:36	29.4	--	3	8820	买盘
14:18:15	29.4	--	1	2940	买盘
14:18:12	29.4	--	37	108780	卖盘
14:18:03	29.4	-0.05	100	294000	卖盘
14:18:00	29.45	--	6	17670	买盘
14:17:57	29.45	--	5	14725	卖盘
14:17:54	29.45	--	13	38285	卖盘
14:17:51	29.45	--	2	5890	卖盘
14:17:48	29.45	-0.01	3	8835	卖盘
14:17:36	29.46	-0.04	4	13551	卖盘
14:17:18	29.5	--	40	118472	卖盘
14:17:15	29.5	--	32	96878	卖盘
14:17:12	29.5	--	11	32450	卖盘
14:17:09	29.5	--	4	11800	卖盘
14:17:03	29.5	-0.01	5	14750	卖盘
14:16:57	29.51	--	6	17706	卖盘
14:16:48	29.51	-0.01	20	59020	卖盘
14:16:45	29.52	--	62	183024	卖盘
14:16:42	29.52	--	1	2952	卖盘
14:16:39	29.52	--	5	14760	卖盘
14:16:33	29.52	--	1	2952	卖盘
14:16:30	29.52	-0.01	31	91512	卖盘
14:16:15	29.53	--	2	5906	卖盘
14:16:12	29.53	-0.02	21	62013	卖盘
14:15:45	29.55	-0.01	6	17730	卖盘
14:15:18	29.56	-0.01	25	75850	卖盘
14:15:09	29.57	--	43	127151	买盘
14:15:06	29.57	0.01	1	2957	买盘
14:15:00	29.56	-0.01	4	11824	卖盘
14:14:57	29.57	-0.01	21	64078	卖盘
14:14:54	29.58	0.01	1	2958	卖盘
14:14:51	29.57	--	1	2957	卖盘
14:14:36	29.57	-0.03	2	5914	卖盘
14:14:30	29.6	0.03	26	76960	买盘
14:14:15	29.57	--	2	7185	卖盘
14:14:12	29.57	--	1	2957	卖盘
14:13:54	29.57	-0.01	0	2661	卖盘
14:13:48	29.58	--	1	2958	买盘
14:13:45	29.58	0.01	1	2958	买盘
14:13:42	29.57	-0.01	2	5914	卖盘
14:13:39	29.58	--	1	2958	买盘
14:13:30	29.58	--	11	32537	买盘
14:13:21	29.58	--	1	2958	卖盘
14:13:06	29.58	--	5	14790	卖盘
14:12:57	29.58	--	2	5916	中性盘
14:12:36	29.58	--	13	38454	卖盘
14:12:27	29.58	--	7	20706	卖盘
14:12:24	29.58	0.01	10	29580	中性盘
14:11:51	29.57	--	40	118280	卖盘
14:11:48	29.57	-0.01	8	23656	卖盘
14:11:45	29.58	0.01	3	8874	买盘
14:11:39	29.57	-0.01	4	11828	卖盘
14:11:24	29.58	0.01	10	29580	买盘
14:11:12	29.57	--	2	5914	卖盘
14:11:06	29.57	--	60	177420	买盘
14:11:03	29.57	0.01	5	14785	买盘
14:10:48	29.56	--	3	8868	卖盘
14:10:39	29.56	--	5	14780	卖盘
14:10:30	29.56	0.01	14	42389	中性盘
14:10:18	29.55	-0.01	2	5910	卖盘
14:10:15	29.56	0.01	25	73900	买盘
14:10:12	29.55	-0.01	8	23640	卖盘
14:09:54	29.56	--	29	85724	卖盘
14:09:39	29.56	0.01	1	2956	中性盘
14:09:24	29.55	--	50	147750	卖盘
14:09:21	29.55	--	5	14775	卖盘
14:09:03	29.55	0.02	46	135930	买盘
14:08:57	29.53	--	1	2953	卖盘
14:08:51	29.53	-0.05	2	5906	卖盘
14:08:15	29.58	0.03	5	14790	买盘
14:08:12	29.55	-0.03	6	17730	卖盘
14:07:57	29.58	-0.01	6	17748	买盘
14:07:54	29.59	--	1	2959	卖盘
14:07:51	29.59	--	5	14795	卖盘
14:07:39	29.59	0.01	7	20713	买盘
14:07:06	29.58	-0.02	8	23664	卖盘
14:06:57	29.6	--	3	8880	买盘
14:06:45	29.6	0.09	100	296000	买盘
14:06:30	29.51	-0.07	72	212472	卖盘
14:06:24	29.58	0.07	2	5916	买盘
14:06:18	29.51	--	35	103285	卖盘
14:05:48	29.51	-0.02	10	29510	卖盘
14:05:30	29.53	--	19	56107	买盘
14:05:15	29.53	0.01	10	29530	买盘
14:05:12	29.52	--	4	11808	卖盘
14:04:57	29.52	--	14	41328	卖盘
14:04:51	29.52	-0.01	5	14760	卖盘
14:04:21	29.53	--	84	248052	卖盘
14:04:18	29.53	-0.01	5	14765	卖盘
14:04:12	29.54	0.01	3	8862	买盘
14:03:57	29.53	--	1	2953	卖盘
14:03:54	29.53	--	10	29530	卖盘
14:03:42	29.53	--	55	162415	卖盘
14:03:39	29.53	--	4	11812	卖盘
14:03:33	29.53	--	4	11812	买盘
14:03:30	29.53	0.02	21	62013	买盘
14:03:24	29.51	-0.02	5	14755	卖盘
14:03:21	29.53	--	3	8859	买盘
14:03:18	29.53	-0.02	18	53154	卖盘
14:03:15	29.55	0.02	30	88650	买盘
14:03:09	29.53	--	5	14765	卖盘
14:03:06	29.53	--	11	32483	中性盘
14:02:51	29.53	-0.02	5	14765	卖盘
14:02:45	29.55	--	31	91605	买盘
14:02:30	29.55	-0.04	131	387105	卖盘
14:02:21	29.59	0.01	3	8877	中性盘
14:02:15	29.58	-0.02	1	2958	卖盘
14:02:09	29.6	0.02	1	2960	买盘
14:02:00	29.58	--	6	17748	卖盘
14:01:54	29.58	-0.02	8	23664	卖盘
14:01:51	29.6	--	10	29600	买盘
14:01:45	29.6	--	5	14800	买盘
14:01:33	29.6	--	3	8880	买盘
14:01:09	29.6	--	17	50320	买盘
14:01:06	29.6	0.02	8	23680	买盘
14:01:00	29.58	-0.02	1	2958	卖盘
14:00:57	29.6	--	326	964960	买盘
14:00:36	29.6	--	1	2960	买盘
14:00:27	29.6	0.02	10	29600	买盘
14:00:12	29.58	-0.01	2	5916	买盘
14:00:09	29.59	-0.01	26	76934	卖盘
14:00:03	29.6	--	26	76960	买盘
13:59:57	29.6	--	2	5920	买盘
13:59:48	29.6	--	20	59200	买盘
13:59:39	29.6	--	20	59200	买盘
13:59:36	29.6	--	58	171680	买盘
13:59:21	29.6	--	9	26640	买盘
13:59:12	29.6	--	23	68080	买盘
13:59:06	29.6	--	2	5920	买盘
13:59:03	29.6	0.01	16	47360	买盘
13:59:00	29.59	--	5	14795	买盘
13:58:54	29.59	0.03	11	32549	买盘
13:58:51	29.56	-0.03	6	17736	卖盘
13:58:48	29.59	--	5	14795	买盘
13:58:45	29.59	--	5	14795	卖盘
13:58:36	29.59	0.03	5	14795	买盘
13:58:33	29.56	0.01	1	2956	买盘
13:58:30	29.55	-0.01	4	11820	卖盘
13:58:27	29.56	0.01	4	11824	买盘
13:58:18	29.55	--	8	23640	买盘
13:58:15	29.55	0.01	4	11820	买盘
13:58:00	29.54	0.04	10	29540	买盘
13:57:42	29.5	0.05	34	100300	买盘
13:57:12	29.45	0.02	169	498883	买盘
13:57:00	29.43	0.01	11	32373	买盘
13:56:54	29.42	-0.01	1	2942	卖盘
13:56:51	29.43	--	24	70632	买盘
13:56:45	29.43	--	56	164808	买盘
13:56:42	29.43	--	1	2943	买盘
13:56:30	29.43	0.01	48	141264	买盘
13:56:21	29.42	-0.01	2	5884	卖盘
13:56:12	29.43	--	1	2943	买盘
13:56:09	29.43	0.01	35	103005	买盘
13:56:03	29.42	-0.01	15	44130	卖盘
13:55:42	29.43	--	12	35316	卖盘
13:55:36	29.43	--	4	11772	卖盘
13:55:18	29.43	-0.01	2	5886	卖盘
13:55:15	29.44	-0.01	4	13719	卖盘
13:55:12	29.45	0.01	8	23560	买盘
13:55:09	29.44	--	0	1000	中性盘
13:54:51	29.44	--	5	14720	卖盘
13:54:48	29.44	--	5	14720	卖盘
13:54:39	29.44	--	5	14720	卖盘
13:54:36	29.44	--	4	11776	卖盘
13:54:33	29.44	--	3	8832	卖盘
13:54:00	29.44	--	6	17664	卖盘
13:53:57	29.44	-0.01	5	14720	卖盘
13:53:54	29.45	--	2	5890	买盘
13:53:51	29.45	--	14	41230	买盘
13:53:48	29.45	--	7	20615	买盘
13:53:45	29.45	--	7	20615	买盘
13:53:21	29.45	0.01	8	23560	买盘
13:53:18	29.44	--	58	170752	卖盘
13:53:03	29.44	--	15	44160	卖盘
13:52:54	29.44	--	5	14720	卖盘
13:52:51	29.44	--	18	52992	卖盘
13:52:48	29.44	-0.01	1	2944	卖盘
13:52:45	29.45	--	2	5890	买盘
13:52:24	29.45	--	22	64790	卖盘
13:52:12	29.45	--	10	29450	卖盘
13:51:54	29.45	--	1	2945	买盘
13:51:48	29.45	0.01	9	26505	买盘
13:51:36	29.44	0.02	4	11776	买盘
13:51:33	29.42	-0.02	5	14710	卖盘
13:51:24	29.44	--	5	14720	买盘
13:51:21	29.44	--	40	117760	买盘
13:51:15	29.44	--	5	14720	买盘
13:51:12	29.44	--	1	2944	买盘
13:51:09	29.44	--	5	14720	买盘
13:51:06	29.44	--	16	47104	买盘
13:51:00	29.44	--	1	2944	买盘
13:50:57	29.44	--	5	14720	买盘
13:50:54	29.44	0.04	10	29440	买盘
13:50:30	29.4	--	12	35280	买盘
13:50:18	29.4	--	7	20580	买盘
13:50:09	29.4	0.02	3	8820	买盘
13:50:06	29.38	-0.02	1	2938	卖盘
13:50:00	29.4	0.04	10	29400	买盘
13:49:54	29.36	-0.04	3	8808	卖盘
13:49:51	29.4	--	15	44100	买盘
13:49:39	29.4	0.05	2	5880	买盘
13:49:27	29.35	-0.01	21	61635	卖盘
13:49:12	29.36	--	5	14680	中性盘
13:49:03	29.36	--	17	49912	买盘
13:48:54	29.36	0.01	11	32296	买盘
13:48:51	29.35	-0.01	1	2935	卖盘
13:48:45	29.36	--	5	14680	买盘
13:48:33	29.36	--	2	5872	买盘
13:48:30	29.36	--	6	17616	买盘
13:48:27	29.36	--	5	14680	买盘
13:48:21	29.36	--	25	73400	买盘
13:48:12	29.36	--	34	99824	买盘
13:48:09	29.36	--	3	8808	买盘
13:48:03	29.36	0.01	77	226072	买盘
13:48:00	29.35	-0.01	20	58700	卖盘
13:47:51	29.36	0.01	10	29360	买盘
13:47:45	29.35	--	5	14675	中性盘
13:47:39	29.35	--	10	29350	买盘
13:47:33	29.35	0.01	6	17610	买盘
13:47:24	29.34	-0.01	12	35208	卖盘
13:47:18	29.35	--	1	2935	买盘
13:47:15	29.35	--	10	29350	买盘
13:47:12	29.35	--	15	44025	买盘
13:47:09	29.35	--	4	11740	买盘
13:47:06	29.35	--	3	8805	买盘
13:47:03	29.35	--	2	5870	买盘
13:46:54	29.35	0.01	30	88050	买盘
13:46:45	29.34	0.01	11	32274	买盘
13:46:42	29.33	-0.01	1	2933	中性盘
13:46:33	29.34	0.02	9	26406	买盘
13:46:27	29.32	--	66	193512	买盘
13:46:24	29.32	--	2	5864	买盘
13:46:21	29.32	0.01	9	26388	买盘
13:46:12	29.31	-0.01	33	96723	卖盘
13:46:09	29.32	0.01	25	73300	买盘
13:45:57	29.31	--	42	123102	买盘
13:45:54	29.31	0.01	3	8793	买盘
13:45:30	29.3	0.07	9	26370	买盘
13:45:18	29.23	--	1	2923	买盘
13:45:09	29.23	--	22	64306	买盘
13:45:00	29.23	0.03	1	2923	买盘
13:44:57	29.2	-0.09	92	268640	卖盘
13:44:51	29.29	0.06	79	231391	买盘
13:44:48	29.23	-0.03	5	14615	卖盘
13:44:42	29.26	0.02	23	67298	买盘
13:44:39	29.24	--	2	5848	卖盘
13:44:36	29.24	--	3	8772	卖盘
13:44:30	29.24	-0.04	5	14620	中性盘
13:44:24	29.28	0.05	87	254736	买盘
13:44:12	29.23	-0.03	70	204610	卖盘
13:44:09	29.26	--	7	20482	卖盘
13:44:06	29.26	--	10	29260	卖盘
13:43:57	29.26	--	5	14630	卖盘
13:43:54	29.26	--	6	17556	卖盘
13:43:48	29.26	--	1	2926	卖盘
13:43:45	29.26	--	10	29260	卖盘
13:43:36	29.26	-0.03	1	2926	卖盘
13:43:33	29.29	-0.01	6	17574	买盘
13:43:27	29.3	--	6	17580	卖盘
13:43:18	29.3	-0.01	50	146500	卖盘
13:43:15	29.31	-0.01	10	29310	卖盘
13:43:06	29.32	-0.02	35	102620	卖盘
13:43:03	29.34	--	1	2934	买盘
13:42:57	29.34	--	10	29340	卖盘
13:42:54	29.34	--	8	23472	卖盘
13:42:48	29.34	--	1	2934	卖盘
13:42:45	29.34	--	17	49878	卖盘
13:42:42	29.34	--	26	76284	卖盘
13:42:39	29.34	--	4	11736	卖盘
13:42:36	29.34	--	5	14670	卖盘
13:42:30	29.34	-0.01	14	41076	卖盘
13:42:27	29.35	0.01	10	29350	买盘
13:42:21	29.34	-0.01	15	44010	卖盘
13:42:12	29.35	-0.01	74	217190	卖盘
13:42:09	29.36	0.01	5	14680	买盘
13:42:06	29.35	--	4	11740	卖盘
13:42:03	29.35	-0.01	17	49895	卖盘
13:41:57	29.36	0.01	5	14680	买盘
13:41:51	29.35	--	13	38155	卖盘
13:41:33	29.35	-0.01	41	120335	卖盘
13:41:30	29.36	0.01	7	20552	买盘
13:41:27	29.35	-0.01	150	440250	卖盘
13:41:24	29.36	0.01	60	176160	买盘
13:41:18	29.35	-0.01	2	5870	卖盘
13:41:12	29.36	0.01	103	302408	买盘
13:41:09	29.35	-0.01	11	32285	卖盘
13:41:03	29.36	--	6	17616	买盘
13:41:00	29.36	0.01	50	146800	买盘
13:40:36	29.35	--	21	61635	卖盘
13:40:30	29.35	--	3	8805	卖盘
13:40:18	29.35	--	17	49895	买盘
13:40:09	29.35	--	2	5870	买盘
13:39:57	29.35	0.01	20	58700	买盘
13:39:48	29.34	--	10	29340	买盘
13:39:45	29.34	--	25	73350	卖盘
13:39:33	29.34	--	6	17604	买盘
13:39:30	29.34	0.02	14	41076	买盘
13:39:27	29.32	-0.02	6	17592	卖盘
13:39:24	29.34	0.01	9	26406	买盘
13:39:21	29.33	-0.01	20	58660	卖盘
13:39:18	29.34	--	20	58680	买盘
13:39:15	29.34	--	6	17604	买盘
13:39:09	29.34	0.01	2	5868	买盘
13:39:03	29.33	--	8	23464	卖盘
13:39:00	29.33	--	10	29330	卖盘
13:38:57	29.33	--	3	8799	卖盘
13:38:39	29.33	--	13	38129	卖盘
13:38:36	29.33	--	23	67459	中性盘
13:38:33	29.33	--	1	2933	买盘
13:38:30	29.33	0.02	2	5866	买盘
13:38:18	29.31	-0.01	5	14655	卖盘
13:38:15	29.32	--	20	58640	买盘
13:38:09	29.32	--	18	52776	买盘
13:38:06	29.32	--	2	5864	买盘
13:38:03	29.32	--	5	14660	买盘
13:38:00	29.32	0.01	2	5864	买盘
13:37:57	29.31	-0.01	3	8793	卖盘
13:37:48	29.32	0.01	4	11728	中性盘
13:37:30	29.31	-0.01	31	90861	卖盘
13:37:21	29.32	0.02	20	58640	卖盘
13:37:15	29.3	0.04	31	90830	买盘
13:37:12	29.26	-0.05	101	295526	卖盘
13:36:57	29.31	0.01	1	2931	中性盘
13:36:51	29.3	-0.05	40	117200	卖盘
13:36:48	29.35	0.01	19	55765	买盘
13:36:45	29.34	-0.01	9	26406	卖盘
13:36:36	29.35	--	10	29350	买盘
13:36:33	29.35	-0.01	31	90985	卖盘
13:36:30	29.36	0.01	16	46976	买盘
13:36:18	29.35	--	6	17610	卖盘
13:36:15	29.35	-0.01	19	55765	卖盘
13:36:03	29.36	-0.03	179	525544	卖盘
13:35:54	29.39	--	2	5878	卖盘
13:35:45	29.39	0.01	28	82292	买盘
13:35:42	29.38	--	100	293800	卖盘
13:35:33	29.38	-0.01	9	26442	卖盘
13:35:27	29.39	--	4	11756	买盘
13:35:24	29.39	--	1	2939	买盘
13:35:18	29.39	-0.01	31	91109	卖盘
13:35:12	29.4	--	5	14700	买盘
13:35:03	29.4	--	17	49980	买盘
13:34:57	29.4	--	17	49980	卖盘
13:34:51	29.4	--	7	20580	卖盘
13:34:48	29.4	--	5	14700	卖盘
13:34:45	29.4	--	10	29400	卖盘
13:34:42	29.4	--	5	14700	卖盘
13:34:39	29.4	--	23	67620	卖盘
13:34:36	29.4	--	10	29400	卖盘
13:34:33	29.4	--	18	52920	卖盘
13:34:30	29.4	--	13	38220	卖盘
13:34:27	29.4	--	15	44100	卖盘
13:34:21	29.4	-0.01	2	5880	卖盘
13:34:18	29.41	0.01	2	5882	中性盘
13:34:06	29.4	-0.01	121	355740	卖盘
13:34:03	29.41	--	2	5882	卖盘
13:34:00	29.41	-0.02	20	58820	卖盘
13:33:51	29.43	0.02	20	58860	买盘
13:33:48	29.41	-0.02	101	297041	卖盘
13:33:36	29.43	-0.01	31	91233	卖盘
13:33:30	29.44	--	13	38272	中性盘
13:33:21	29.44	-0.02	36	105984	卖盘
13:33:12	29.46	0.01	6	17676	买盘
13:33:06	29.45	--	2	5890	卖盘
13:33:03	29.45	--	2	5890	卖盘
13:33:00	29.45	--	5	14725	卖盘
13:32:48	29.45	-0.01	10	29450	卖盘
13:32:45	29.46	--	2	5892	买盘
13:32:33	29.46	-0.02	18	53028	卖盘
13:32:30	29.48	0.02	5	14740	买盘
13:32:24	29.46	-0.02	5	14730	卖盘
13:31:54	29.48	-0.02	6	17688	卖盘
13:31:48	29.5	--	9	26550	买盘
13:31:42	29.5	--	33	97350	卖盘
13:31:39	29.5	-0.01	1	2950	卖盘
13:31:18	29.51	--	4	11804	买盘
13:31:12	29.51	--	3	8853	买盘
13:31:09	29.51	--	3	8853	买盘
13:31:06	29.51	--	23	67873	买盘
13:31:00	29.51	--	11	32461	买盘
13:30:57	29.51	-0.07	78	230178	卖盘
13:30:54	29.58	--	5	14790	买盘
13:30:51	29.58	0.05	5	14790	买盘
13:30:39	29.53	0.02	1	2953	买盘
13:30:33	29.51	-0.02	3	8853	卖盘
13:30:30	29.53	--	1	2953	买盘
13:30:27	29.53	--	1	2953	买盘
13:30:24	29.53	0.03	35	103355	买盘
13:30:12	29.5	0.02	1	2950	买盘
13:29:57	29.48	0.05	10	29480	买盘
13:29:39	29.43	--	22	67512	买盘
13:29:36	29.43	--	23	67689	买盘
13:29:30	29.43	--	70	206010	买盘
13:29:27	29.43	--	6	17658	买盘
13:29:24	29.43	--	74	217782	买盘
13:29:06	29.43	--	11	32373	买盘
13:29:03	29.43	0.01	7	20601	买盘
13:29:00	29.42	--	2	5884	买盘
13:28:54	29.42	--	3	8826	买盘
13:28:51	29.42	-0.01	41	120622	卖盘
13:28:48	29.43	--	4	11772	买盘
13:28:42	29.43	--	2	5886	买盘
13:28:30	29.43	--	2	5886	买盘
13:28:27	29.43	--	8	23544	买盘
13:28:15	29.43	0.02	30	88290	买盘
13:28:12	29.41	-0.02	96	282336	卖盘
13:28:09	29.43	--	8	23544	买盘
13:28:06	29.43	0.01	5	14715	买盘
13:28:03	29.42	-0.01	3	8826	卖盘
13:28:00	29.43	0.01	3	8829	买盘
13:27:57	29.42	--	28	82376	卖盘
13:27:51	29.42	--	7	20594	卖盘
13:27:39	29.42	--	2	5884	买盘
13:27:33	29.42	--	30	88260	买盘
13:27:30	29.42	--	10	29420	买盘
13:27:27	29.42	0.01	1	2942	买盘
13:27:24	29.41	--	1	2941	卖盘
13:27:21	29.41	-0.01	10	29410	卖盘
13:27:18	29.42	--	30	88260	买盘
13:27:12	29.42	--	4	11768	买盘
13:27:09	29.42	--	2	5884	买盘
13:27:06	29.42	-0.01	2	5884	卖盘
13:27:03	29.43	--	1	2943	买盘
13:27:00	29.43	0.02	30	88290	买盘
13:26:54	29.41	-0.02	16	47056	卖盘
13:26:51	29.43	--	8	23544	买盘
13:26:48	29.43	0.03	3	8829	买盘
13:26:45	29.4	--	12	35280	卖盘
13:26:39	29.4	-0.03	4	11760	卖盘
13:26:30	29.43	-0.01	1	2943	买盘
13:26:27	29.44	-0.09	155	456496	卖盘
13:26:21	29.53	0.05	10	29530	买盘
13:26:06	29.48	-0.05	37	109076	卖盘
13:26:00	29.53	0.04	1	2953	买盘
13:25:54	29.49	--	1	2949	卖盘
13:25:51	29.49	--	3	8847	卖盘
13:25:45	29.49	-0.01	32	97140	卖盘
13:25:39	29.5	--	23	67850	买盘
13:25:24	29.5	--	7	20827	卖盘
13:25:12	29.5	-0.02	2	5900	卖盘
13:25:09	29.52	-0.02	1	2952	中性盘
13:25:06	29.54	0.04	4	11816	买盘
13:25:03	29.5	-0.04	163	480850	卖盘
13:24:57	29.54	0.02	8	23632	中性盘
13:24:51	29.52	-0.02	128	377856	卖盘
13:24:45	29.54	--	8	23632	卖盘
13:24:39	29.54	-0.04	3	8862	卖盘
13:24:36	29.58	0.04	14	41412	买盘
13:24:33	29.54	-0.03	52	153608	卖盘
13:24:27	29.57	0.03	6	17742	买盘
13:24:18	29.54	-0.03	5	14770	卖盘
13:24:15	29.57	-0.01	1	2957	中性盘
13:24:06	29.58	0.04	23	68034	买盘
13:24:00	29.54	-0.04	20	59080	卖盘
13:23:39	29.58	0.03	4	11832	买盘
13:23:36	29.55	-0.02	44	130020	卖盘
13:23:24	29.57	-0.01	4	11828	卖盘
13:23:12	29.58	--	13	38454	卖盘
13:23:00	29.58	-0.01	100	295800	卖盘
13:22:54	29.59	--	1	2959	买盘
13:22:51	29.59	--	13	38467	卖盘
13:22:48	29.59	--	12	35508	卖盘
13:22:45	29.59	--	28	82852	卖盘
13:22:36	29.59	--	12	35508	卖盘
13:22:33	29.59	--	5	14795	卖盘
13:22:30	29.59	--	3	8877	卖盘
13:22:27	29.59	-0.01	10	29590	卖盘
13:22:18	29.6	0.01	2	5920	买盘
13:22:15	29.59	-0.01	1	2959	卖盘
13:22:09	29.6	--	10	29600	买盘
13:22:00	29.6	--	8	23680	中性盘
13:21:54	29.6	--	3	8880	买盘
13:21:51	29.6	--	3	8880	买盘
13:21:48	29.6	0.01	35	103600	买盘
13:21:45	29.59	--	14	41426	买盘
13:21:39	29.59	--	104	307736	卖盘
13:21:36	29.59	--	2	5918	卖盘
13:21:33	29.59	-0.01	5	14795	卖盘
13:21:30	29.6	0.01	4	11840	买盘
13:21:27	29.59	-0.01	2	5918	卖盘
13:21:21	29.6	--	1	2960	买盘
13:21:12	29.6	--	3	8880	买盘
13:21:00	29.6	0.01	11	32560	买盘
13:20:54	29.59	--	10	29590	买盘
13:20:48	29.59	--	3	8877	买盘
13:20:45	29.59	-0.01	80	236720	卖盘
13:20:42	29.6	--	20	59200	买盘
13:20:39	29.6	--	2	5920	买盘
13:20:30	29.6	--	12	35520	买盘
13:20:27	29.6	--	2	5920	买盘
13:20:24	29.6	--	1	2960	买盘
13:20:21	29.6	--	60	177600	买盘
13:20:18	29.6	--	23	68080	买盘
13:20:09	29.6	--	10	29600	买盘
13:20:03	29.6	--	17	50320	买盘
13:20:00	29.6	--	13	38480	买盘
13:19:48	29.6	0.01	11	32560	买盘
13:19:39	29.59	--	2	5918	卖盘
13:19:36	29.59	--	2	5918	卖盘
13:19:12	29.59	--	11	32549	买盘
13:19:03	29.59	-0.01	8	23672	卖盘
13:19:00	29.6	0.01	10	29600	买盘
13:18:51	29.59	-0.01	5	14795	卖盘
13:18:36	29.6	--	10	29600	买盘
13:18:33	29.6	--	2	5920	买盘
13:18:30	29.6	--	5	14800	买盘
13:18:24	29.6	--	1	2960	买盘
13:18:21	29.6	--	2	5920	买盘
13:18:15	29.6	--	31	91760	买盘
13:18:12	29.6	--	29	85840	买盘
13:18:06	29.6	--	1	2960	买盘
13:18:03	29.6	--	8	23680	买盘
13:18:00	29.6	--	2	5920	买盘
13:17:54	29.6	--	22	65120	买盘
13:17:48	29.6	-0.09	112	331520	卖盘
13:17:45	29.69	0.01	9	26721	买盘
13:17:24	29.68	0.01	27	80136	买盘
13:17:18	29.67	--	12	35604	卖盘
13:17:12	29.67	--	5	14835	卖盘
13:17:09	29.67	--	1	2967	卖盘
13:17:06	29.67	0.07	11	32637	买盘
13:17:03	29.6	-0.01	31	91760	卖盘
13:16:54	29.61	--	4	11844	买盘
13:16:51	29.61	-0.05	16	47376	卖盘
13:16:48	29.66	-0.02	2	5932	中性盘
13:16:33	29.68	--	2	5936	卖盘
13:16:24	29.68	0.03	8	23744	买盘
13:16:15	29.65	--	1	2965	卖盘
13:16:12	29.65	--	6	17790	卖盘
13:16:06	29.65	-0.03	3	8895	卖盘
13:16:00	29.68	--	2	5936	卖盘
13:15:57	29.68	-0.02	2	5936	卖盘
13:15:51	29.7	0.02	2	5940	买盘
13:15:48	29.68	-0.02	46	136528	中性盘
13:15:33	29.7	0.03	23	68310	买盘
13:15:30	29.67	--	8	23736	卖盘
13:15:12	29.67	-0.01	2	5934	卖盘
13:15:09	29.68	--	6	17808	卖盘
13:15:03	29.68	--	4	11872	卖盘
13:15:00	29.68	-0.03	5	14840	卖盘
13:14:48	29.71	0.01	20	59420	买盘
13:14:42	29.7	--	5	14850	卖盘
13:14:39	29.7	--	4	11880	卖盘
13:14:36	29.7	--	5	14850	卖盘
13:14:33	29.7	--	6	17820	卖盘
13:14:30	29.7	--	8	23760	卖盘
13:14:18	29.7	-0.02	39	115830	卖盘
13:14:06	29.72	-0.03	6	17832	卖盘
13:14:03	29.75	--	5	14875	买盘
13:13:51	29.75	-0.01	20	59500	卖盘
13:13:45	29.76	-0.02	11	32736	卖盘
13:13:27	29.78	--	1	2978	卖盘
13:13:24	29.78	--	6	17868	卖盘
13:13:12	29.78	-0.02	1	2978	卖盘
13:12:48	29.8	--	6	17880	卖盘
13:12:45	29.8	--	2	5960	卖盘
13:12:42	29.8	--	10	29800	卖盘
13:12:36	29.8	--	2	5960	卖盘
13:12:27	29.8	--	5	14900	卖盘
13:12:15	29.8	-0.03	12	35760	卖盘
13:12:06	29.83	0.03	50	149150	买盘
13:12:00	29.8	-0.01	41	122180	卖盘
13:11:54	29.81	--	3	8943	买盘
13:11:45	29.81	-0.02	151	450906	卖盘
13:11:30	29.83	-0.01	55	166272	卖盘
13:11:24	29.84	--	5	15695	卖盘
13:11:21	29.84	-0.01	6	17904	卖盘
13:11:18	29.85	0.01	11	32835	买盘
13:11:12	29.84	--	1	2984	卖盘
13:11:06	29.84	-0.01	3	8952	卖盘
13:10:57	29.85	--	1	2985	卖盘
13:10:51	29.85	-0.01	5	14925	卖盘
13:10:45	29.86	--	8	23888	卖盘
13:10:39	29.86	--	9	26874	卖盘
13:10:36	29.86	--	1	2986	卖盘
13:10:27	29.86	-0.01	1	2986	卖盘
13:10:15	29.87	-0.01	18	53766	卖盘
13:10:12	29.88	--	1	2988	买盘
13:10:09	29.88	0.01	1	2988	买盘
13:10:06	29.87	-0.01	5	14935	卖盘
13:10:03	29.88	--	1	2988	买盘
13:09:57	29.88	-0.01	28	83664	卖盘
13:09:54	29.89	0.01	2	5978	买盘
13:09:51	29.88	--	10	29880	卖盘
13:09:33	29.88	-0.01	10	29880	卖盘
13:09:24	29.89	0.01	9	26901	买盘
13:09:18	29.88	-0.01	24	71712	卖盘
13:09:12	29.89	0.01	1	2989	买盘
13:09:06	29.88	-0.01	27	80676	卖盘
13:09:00	29.89	-0.01	12	35868	卖盘
13:08:51	29.9	--	12	35880	买盘
13:08:42	29.9	-0.01	2	5980	中性盘
13:08:30	29.91	0.01	10	29910	买盘
13:08:27	29.9	--	3	8970	卖盘
13:08:21	29.9	--	5	14950	卖盘
13:08:18	29.9	-0.01	1	2990	卖盘
13:08:15	29.91	0.01	20	59820	买盘
13:08:12	29.9	--	26	77740	卖盘
13:08:06	29.9	--	100	299000	卖盘
13:07:54	29.9	-0.01	110	328900	卖盘
13:07:51	29.91	--	1	2991	买盘
13:07:48	29.91	--	2	5982	买盘
13:07:36	29.91	-0.01	3	8973	卖盘
13:07:15	29.92	0.02	1	2992	买盘
13:06:57	29.9	-0.03	1	2990	卖盘
13:06:48	29.93	0.03	20	59860	买盘
13:06:39	29.9	--	2	5980	卖盘
13:06:30	29.9	--	5	14950	卖盘
13:06:21	29.9	--	10	29900	买盘
13:06:15	29.9	-0.03	11	32890	卖盘
13:06:03	29.93	0.03	22	65846	买盘
13:06:00	29.9	--	1	2990	卖盘
13:05:54	29.9	--	3	8970	卖盘
13:05:51	29.9	--	5	14950	卖盘
13:05:39	29.9	-0.03	2	5980	卖盘
13:05:27	29.93	--	4	11972	买盘
13:05:00	29.93	--	30	89790	买盘
13:04:48	29.93	--	29	86797	卖盘
13:04:45	29.93	--	1	2993	卖盘
13:04:42	29.93	-0.02	15	44895	中性盘
13:04:33	29.95	0.05	30	89850	买盘
13:04:09	29.9	-0.03	8	23920	卖盘
13:03:54	29.93	-0.02	2	5986	卖盘
13:03:51	29.95	0.02	48	143760	买盘
13:03:45	29.93	-0.01	7	20951	卖盘
13:03:42	29.94	--	1	2994	买盘
13:03:24	29.94	--	11	32934	买盘
13:03:18	29.94	0.02	2	5988	买盘
13:03:03	29.92	--	7	20944	买盘
13:02:54	29.92	-0.03	13	38896	卖盘
13:02:48	29.95	0.01	22	65890	买盘
13:02:45	29.94	--	31	92814	卖盘
13:02:42	29.94	-0.01	6	17964	卖盘
13:02:39	29.95	0.01	10	29950	买盘
13:02:36	29.94	--	3	8982	卖盘
13:02:33	29.94	-0.01	42	125748	卖盘
13:02:30	29.95	0.01	12	35940	买盘
13:02:27	29.94	0.04	7	20958	中性盘
13:02:15	29.9	-0.04	29	86710	卖盘
13:02:12	29.94	--	5	14970	买盘
13:02:06	29.94	--	15	44910	买盘
13:02:00	29.94	--	10	29940	买盘
13:01:57	29.94	--	17	50898	买盘
13:01:48	29.94	0.04	6	17964	买盘
13:01:21	29.9	--	4	11960	买盘
13:01:12	29.9	0.02	10	29900	买盘
13:00:57	29.88	-0.02	19	56772	卖盘
13:00:51	29.9	0.02	10	29900	买盘
13:00:09	29.88	-0.02	88	262944	卖盘
13:00:06	29.9	--	211	630890	买盘
13:00:03	29.9	0.03	5	14950	买盘
11:30:03	29.87	-0.01	90	268830	卖盘
11:30:00	29.88	--	10	29880	买盘
11:29:54	29.88	--	10	29880	买盘
11:29:51	29.88	0.01	3	8964	买盘
11:29:45	29.87	-0.01	1	2987	卖盘
11:29:42	29.88	--	4	11952	买盘
11:29:36	29.88	--	2	5976	买盘
11:29:27	29.88	0.02	1	2988	买盘
11:29:21	29.86	-0.01	10	29860	卖盘
11:29:15	29.87	0.02	4	11948	买盘
11:29:09	29.85	-0.02	22	65670	卖盘
11:29:03	29.87	0.01	6	17922	中性盘
11:28:42	29.86	-0.01	9	26874	卖盘
11:28:36	29.87	0.01	2	5974	买盘
11:28:33	29.86	-0.01	9	26874	卖盘
11:28:30	29.87	--	14	41818	买盘
11:28:27	29.87	--	3	8961	买盘
11:28:24	29.87	--	4	11948	买盘
11:28:21	29.87	--	3	8961	买盘
11:28:15	29.87	-0.01	7	20909	中性盘
11:28:09	29.88	--	48	143424	买盘
11:28:06	29.88	0.01	15	44820	买盘
11:28:03	29.87	--	12	35844	卖盘
11:28:00	29.87	--	5	14935	卖盘
11:27:54	29.87	--	3	8961	卖盘
11:27:45	29.87	0.01	1	2987	中性盘
11:27:36	29.86	-0.01	50	149300	卖盘
11:27:33	29.87	--	0	2210	买盘
11:27:30	29.87	--	9	26883	买盘
11:27:24	29.87	--	1	2987	买盘
11:27:18	29.87	0.01	12	35844	买盘
11:27:15	29.86	--	20	59720	卖盘
11:27:12	29.86	--	40	119440	买盘
11:27:06	29.86	0.01	1	2986	买盘
11:26:57	29.85	-0.01	5	14925	卖盘
11:26:48	29.86	--	12	35832	买盘
11:26:42	29.86	--	4	11944	买盘
11:26:30	29.86	-0.02	2	5972	中性盘
11:26:24	29.88	--	10	29880	买盘
11:26:15	29.88	--	8	23904	买盘
11:26:06	29.88	0.03	32	95616	买盘
11:26:03	29.85	--	9	26865	卖盘
11:25:57	29.85	-0.02	73	217905	卖盘
11:25:54	29.87	0.02	49	146363	买盘
11:25:36	29.85	-0.01	2	5970	卖盘
11:25:33	29.86	--	2	5972	买盘
11:25:27	29.86	--	4	11944	买盘
11:25:15	29.86	--	12	35832	买盘
11:25:12	29.86	-0.01	15	44790	卖盘
11:25:09	29.87	0.01	6	17922	买盘
11:25:06	29.86	--	10	29860	卖盘
11:25:00	29.86	-0.01	5	14930	卖盘
11:24:57	29.87	-0.01	10	29870	中性盘
11:24:45	29.88	0.01	35	104580	买盘
11:24:42	29.87	--	5	14935	买盘
11:24:39	29.87	--	4	11948	买盘
11:24:33	29.87	-0.01	4	11948	卖盘
11:24:27	29.88	0.01	19	56772	买盘
11:24:21	29.87	-0.01	1	2987	卖盘
11:24:18	29.88	--	12	35856	买盘
11:24:15	29.88	--	5	14940	买盘
11:24:12	29.88	--	29	86652	买盘
11:24:03	29.88	--	32	95616	买盘
11:24:00	29.88	0.01	35	104580	买盘
11:23:54	29.87	-0.01	54	161298	卖盘
11:23:51	29.88	--	45	134460	买盘
11:23:48	29.88	--	8	23904	买盘
11:23:45	29.88	0.01	1	2988	买盘
11:23:42	29.87	-0.01	20	59740	卖盘
11:23:39	29.88	0.01	3	8964	买盘
11:23:36	29.87	-0.01	5	14935	卖盘
11:23:33	29.88	--	10	29880	买盘
11:23:27	29.88	--	6	17928	买盘
11:23:24	29.88	--	8	23904	买盘
11:23:12	29.88	0.01	41	122508	买盘
11:23:09	29.87	-0.01	3	8961	卖盘
11:23:03	29.88	0.01	25	74700	买盘
11:23:00	29.87	-0.01	9	26883	卖盘
11:22:57	29.88	--	33	98604	买盘
11:22:48	29.88	--	9	26892	买盘
11:22:45	29.88	--	1	2988	买盘
11:22:42	29.88	-0.02	72	215136	卖盘
11:22:39	29.9	--	16	47840	买盘
11:22:36	29.9	--	14	41860	买盘
11:22:33	29.9	--	14	41860	买盘
11:22:21	29.9	0.02	23	68770	买盘
11:22:18	29.88	--	124	370512	买盘
11:22:15	29.88	--	6	17928	买盘
11:22:12	29.88	--	5	14940	买盘
11:22:09	29.88	0.02	13	38844	买盘
11:22:06	29.86	--	21	62706	卖盘
11:22:03	29.86	-0.02	4	11944	卖盘
11:22:00	29.88	--	4	11952	买盘
11:21:57	29.88	0.01	30	89640	买盘
11:21:54	29.87	--	1	2987	中性盘
11:21:39	29.87	0.01	14	41818	买盘
11:21:36	29.86	0.03	22	65692	买盘
11:21:30	29.83	--	10	29830	卖盘
11:21:24	29.83	-0.01	54	161082	卖盘
11:21:21	29.84	-0.01	7	20888	卖盘
11:21:15	29.85	--	6	17910	买盘
11:21:12	29.85	--	1	2985	买盘
11:21:09	29.85	--	10	29850	买盘
11:21:03	29.85	0.04	16	47760	买盘
11:20:57	29.81	-0.03	9	26829	卖盘
11:20:54	29.84	0.04	27	80568	买盘
11:20:45	29.8	--	9	26820	卖盘
11:20:42	29.8	--	29	86420	卖盘
11:20:39	29.8	-0.04	15	44700	卖盘
11:20:36	29.84	0.03	12	35808	买盘
11:20:30	29.81	0.01	6	17886	买盘
11:20:21	29.8	--	70	208600	买盘
11:20:18	29.8	--	2	5960	买盘
11:20:15	29.8	--	1	2980	买盘
11:20:06	29.8	0.02	1	2980	买盘
11:20:03	29.78	-0.02	5	14890	中性盘
11:19:36	29.8	0.03	1	2980	买盘
11:19:33	29.77	-0.03	10	29770	卖盘
11:19:30	29.8	--	4	11920	买盘
11:19:24	29.8	0.02	23	68540	买盘
11:19:21	29.78	--	5	14890	买盘
11:19:18	29.78	0.01	18	53604	买盘
11:19:15	29.77	--	100	297700	卖盘
11:19:12	29.77	-0.01	1	2977	卖盘
11:18:57	29.78	--	32	95296	买盘
11:18:48	29.78	-0.02	8	23824	卖盘
11:18:45	29.8	-0.04	16	47680	卖盘
11:18:33	29.84	-0.01	1	2984	中性盘
11:18:24	29.85	--	3	8955	买盘
11:18:18	29.85	--	1	2985	买盘
11:18:15	29.85	--	4	11940	买盘
11:18:12	29.85	--	15	44775	买盘
11:18:09	29.85	--	9	26865	买盘
11:18:03	29.85	--	4	11940	买盘
11:18:00	29.85	--	2	5970	买盘
11:17:57	29.85	--	8	23880	买盘
11:17:54	29.85	--	1	2985	买盘
11:17:51	29.85	--	34	101490	买盘
11:17:48	29.85	--	20	59700	买盘
11:17:45	29.85	--	18	53730	买盘
11:17:33	29.85	--	23	68655	买盘
11:17:30	29.85	0.07	59	176115	买盘
11:17:27	29.78	-0.02	2	5956	卖盘
11:17:24	29.8	0.02	66	196680	买盘
11:17:21	29.78	-0.02	10	29780	卖盘
11:17:18	29.8	0.02	141	420180	买盘
11:17:15	29.78	-0.01	32	95296	卖盘
11:17:12	29.79	0.01	46	137034	买盘
11:17:09	29.78	--	10	29780	买盘
11:17:03	29.78	0.01	1	2978	买盘
11:16:57	29.77	-0.01	12	35724	卖盘
11:16:54	29.78	--	75	223350	买盘
11:16:51	29.78	--	9	26802	买盘
11:16:48	29.78	0.01	12	35736	买盘
11:16:39	29.77	0.01	20	59540	买盘
11:16:09	29.76	--	3	8928	卖盘
11:16:03	29.76	--	10	29760	中性盘
11:15:57	29.76	--	2	5952	买盘
11:15:36	29.76	--	7	20832	买盘
11:15:33	29.76	0.04	13	38688	买盘
11:15:30	29.72	--	5	14860	卖盘
11:15:24	29.72	--	2	5944	卖盘
11:15:21	29.72	0.02	12	37358	买盘
11:15:09	29.7	-0.02	4	11880	卖盘
11:15:03	29.72	--	3	8916	买盘
11:14:57	29.72	0.02	14	41608	买盘
11:14:54	29.7	--	13	38610	买盘
11:14:45	29.7	0.01	5	14850	买盘
11:14:39	29.69	-0.01	14	41566	买盘
11:14:36	29.7	0.02	9	26730	买盘
11:14:30	29.68	-0.02	38	112784	卖盘
11:14:27	29.7	-0.01	40	120077	卖盘
11:14:24	29.71	0.01	5	16548	买盘
11:14:12	29.7	-0.01	1	2970	卖盘
11:14:09	29.71	--	92	273332	卖盘
11:14:03	29.71	--	9	26739	卖盘
11:13:57	29.71	-0.01	5	14855	卖盘
11:13:39	29.72	0.01	10	29720	中性盘
11:13:30	29.71	-0.01	10	29710	卖盘
11:13:21	29.72	0.01	2	5944	中性盘
11:13:00	29.71	--	4	11884	买盘
11:12:57	29.71	--	1	2971	买盘
11:12:45	29.71	-0.06	7	20797	卖盘
11:12:24	29.77	-0.02	13	38701	卖盘
11:12:18	29.79	--	22	65538	买盘
11:12:12	29.79	0.06	17	50643	买盘
11:12:06	29.73	-0.06	84	249732	卖盘
11:12:03	29.79	--	18	53622	买盘
11:12:00	29.79	-0.01	3	8937	卖盘
11:11:51	29.8	0.01	20	59600	买盘
11:11:48	29.79	-0.01	6	17874	卖盘
11:11:45	29.8	--	1	2980	买盘
11:11:39	29.8	--	2	5960	买盘
11:11:36	29.8	-0.01	8	23840	买盘
11:11:30	29.81	-0.04	78	232518	卖盘
11:11:24	29.85	--	2	5970	卖盘
11:11:21	29.85	0.04	74	220890	买盘
11:11:18	29.81	-0.02	1	2981	卖盘
11:11:12	29.83	--	11	32813	买盘
11:10:57	29.83	--	64	190912	买盘
11:10:54	29.83	--	7	20881	卖盘
11:10:45	29.83	--	10	29830	卖盘
11:10:39	29.83	0.02	13	38779	买盘
11:10:24	29.81	0.02	14	41734	买盘
11:10:12	29.79	0.01	2	5958	买盘
11:10:09	29.78	--	5	14890	买盘
11:10:06	29.78	0.01	1	2978	买盘
11:09:54	29.77	0.01	14	41678	买盘
11:09:48	29.76	0.01	1	2976	中性盘
11:09:42	29.75	-0.01	28	83300	卖盘
11:09:36	29.76	--	4	11904	卖盘
11:09:33	29.76	0.02	1	2976	买盘
11:09:30	29.74	-0.02	1	2974	卖盘
11:09:24	29.76	0.03	20	59520	买盘
11:09:21	29.73	0.02	106	315881	中性盘
11:09:00	29.71	--	3	8913	卖盘
11:08:57	29.71	0.01	22	65362	买盘
11:08:51	29.7	-0.01	100	297000	卖盘
11:08:45	29.71	-0.03	17	50507	卖盘
11:08:36	29.74	0.03	2	5948	买盘
11:08:27	29.71	-0.04	10	29710	卖盘
11:08:15	29.75	--	52	154700	买盘
11:08:09	29.75	-0.02	18	53550	卖盘
11:08:06	29.77	--	7	20839	买盘
11:08:00	29.77	0.02	5	14885	买盘
11:07:57	29.75	-0.02	5	14875	卖盘
11:07:54	29.77	0.01	8	23816	买盘
11:07:51	29.76	-0.01	65	193440	卖盘
11:07:36	29.77	--	15	44655	卖盘
11:07:27	29.77	-0.02	11	32747	卖盘
11:07:21	29.79	0.02	3	8937	买盘
11:07:18	29.77	-0.03	16	47632	卖盘
11:07:15	29.8	0.01	10	29800	买盘
11:07:12	29.79	-0.01	3	8937	中性盘
11:07:06	29.8	-0.02	5	14900	卖盘
11:07:03	29.82	0.01	3	8946	买盘
11:07:00	29.81	-0.01	6	17886	卖盘
11:06:57	29.82	-0.06	5	14910	中性盘
11:06:54	29.88	0.08	29	86652	买盘
11:06:51	29.8	-0.01	3	8940	卖盘
11:06:48	29.81	--	13	38753	买盘
11:06:36	29.81	-0.09	2	5962	买盘
11:06:33	29.9	0.06	100	299000	买盘
11:06:30	29.84	0.06	5	14920	买盘
11:06:27	29.78	-0.09	27	80406	卖盘
11:06:18	29.87	--	10	29870	买盘
11:06:15	29.87	--	5	16099	卖盘
11:06:12	29.87	-0.01	1	2987	卖盘
11:06:09	29.88	--	1	2988	买盘
11:06:06	29.88	--	23	68724	买盘
11:06:00	29.88	--	56	167328	买盘
11:05:57	29.88	0.01	84	250992	买盘
11:05:54	29.87	--	41	122467	卖盘
11:05:51	29.87	-0.01	51	152337	卖盘
11:05:48	29.88	0.01	8	23904	买盘
11:05:45	29.87	-0.01	9	26883	卖盘
11:05:42	29.88	--	23	68724	买盘
11:05:39	29.88	--	5	14940	买盘
11:05:36	29.88	--	10	29880	买盘
11:05:33	29.88	--	64	191232	买盘
11:05:30	29.88	0.01	3	8964	买盘
11:05:24	29.87	0.07	5	14935	卖盘
11:05:21	29.8	0.03	19	58437	买盘
11:05:18	29.77	0.01	1	2977	中性盘
11:05:12	29.76	-0.02	4	11904	卖盘
11:05:09	29.78	0.01	504	1500912	买盘
11:05:03	29.77	0.02	16	47632	中性盘
11:04:57	29.75	--	12	35700	卖盘
11:04:54	29.75	-0.03	1	2975	卖盘
11:04:51	29.78	0.02	230	684940	买盘
11:04:48	29.76	0.01	6	17856	买盘
11:04:45	29.75	--	2	5950	卖盘
11:04:42	29.75	--	1	2975	卖盘
11:04:39	29.75	--	8	23800	买盘
11:04:36	29.75	--	5	14875	买盘
11:04:24	29.75	0.1	289	859775	买盘
11:04:21	29.65	--	1	2965	买盘
11:04:18	29.65	--	5	14825	买盘
11:04:12	29.65	--	1	2965	买盘
11:04:06	29.65	-0.1	10	29650	卖盘
11:04:03	29.75	0.1	6	17850	买盘
11:03:57	29.65	-0.1	15	44475	卖盘
11:03:51	29.75	--	3	8925	买盘
11:03:48	29.75	--	7	20825	买盘
11:03:45	29.75	--	51	151725	买盘
11:03:42	29.75	--	1	2975	买盘
11:03:39	29.75	--	1	2975	中性盘
11:03:33	29.75	-0.03	10	29750	卖盘
11:03:27	29.78	0.01	10	29780	买盘
11:03:24	29.77	-0.01	3	8931	卖盘
11:03:18	29.78	0.01	22	65516	买盘
11:03:15	29.77	-0.01	18	53586	中性盘
11:03:06	29.78	0.1	100	297800	买盘
11:03:03	29.68	--	2	5936	中性盘
11:02:57	29.68	-0.07	5	14840	卖盘
11:02:54	29.75	0.08	5	14875	买盘
11:02:51	29.67	0.02	5	14835	买盘
11:02:42	29.65	0.01	10	29650	买盘
11:02:39	29.64	--	8	23712	卖盘
11:02:21	29.64	0.04	5	14820	买盘
11:02:09	29.6	--	10	29600	卖盘
11:02:00	29.6	0.02	224	663040	买盘
11:01:42	29.58	0.04	15	44370	中性盘
11:01:27	29.54	-0.04	71	209734	卖盘
11:01:24	29.58	--	9	26622	卖盘
11:01:12	29.58	--	4	11832	卖盘
11:01:09	29.58	--	1	2958	卖盘
11:01:03	29.58	0.03	4	11832	中性盘
11:00:45	29.55	0.01	10	29550	中性盘
11:00:36	29.54	-0.06	14	41356	卖盘
11:00:33	29.6	0.03	83	245680	买盘
11:00:27	29.57	-0.03	73	215861	卖盘
11:00:24	29.6	0.02	20	59200	买盘
11:00:21	29.58	--	3	8874	卖盘
11:00:18	29.58	0.02	66	195228	买盘
11:00:09	29.56	-0.02	67	198052	卖盘
11:00:06	29.58	--	10	29580	买盘
11:00:03	29.58	-0.19	10	29580	买盘
11:00:00	29.77	0.2	133	395941	买盘
10:59:51	29.57	--	6	17742	卖盘
10:59:48	29.57	--	8	23656	卖盘
10:59:45	29.57	--	20	59140	卖盘
10:59:36	29.57	-0.01	1	4790	中性盘
10:59:18	29.58	-0.02	2	5916	中性盘
10:58:57	29.6	-0.16	26	76960	卖盘
10:58:45	29.76	0.16	60	178560	买盘
10:58:39	29.6	-0.06	8	23680	卖盘
10:58:36	29.66	--	5	14830	卖盘
10:58:33	29.66	--	3	8898	卖盘
10:58:30	29.66	--	13	38558	卖盘
10:58:27	29.66	0.06	39	115674	买盘
10:58:24	29.6	0.05	167	494320	买盘
10:58:12	29.55	-0.1	8	23640	卖盘
10:58:09	29.65	--	6	17790	卖盘
10:58:06	29.65	0.08	4	11860	买盘
10:57:54	29.57	--	2	5914	卖盘
10:57:51	29.57	0.01	11	32527	买盘
10:57:48	29.56	-0.01	3	8868	买盘
10:57:45	29.57	-0.03	14	41398	买盘
10:57:30	29.6	0.06	3	8880	买盘
10:57:21	29.54	-0.12	0	945	卖盘
10:57:15	29.66	0.03	10	29660	买盘
10:57:06	29.63	-0.03	4	11852	中性盘
10:57:03	29.66	0.12	2	5932	中性盘
10:56:54	29.54	--	13	38402	卖盘
10:56:42	29.54	--	2	5908	卖盘
10:56:39	29.54	--	6	17724	卖盘
10:56:36	29.54	--	5	14770	买盘
10:56:30	29.54	--	5	14770	买盘
10:56:27	29.54	-0.02	5	14770	中性盘
10:56:15	29.56	0.03	5	14780	买盘
10:56:09	29.53	0.01	1	2953	中性盘
10:56:06	29.52	-0.02	19	56088	卖盘
10:56:03	29.54	0.01	7	20678	买盘
10:55:54	29.53	0.01	5	14765	买盘
10:55:48	29.52	-0.18	4	11808	卖盘
10:55:36	29.7	0.16	100	297000	买盘
10:55:18	29.54	0.02	7	20678	买盘
10:55:15	29.52	-0.02	12	35424	卖盘
10:55:06	29.54	0.01	5	14770	买盘
10:55:03	29.53	-0.01	41	121073	卖盘
10:54:51	29.54	-0.01	14	41356	买盘
10:54:27	29.55	0.02	20	59100	买盘
10:54:24	29.53	-0.02	14	41342	中性盘
10:54:06	29.55	0.03	6	17730	中性盘
10:54:00	29.52	-0.13	10	29520	卖盘
10:53:57	29.65	0.13	130	385450	买盘
10:53:36	29.52	--	2	5904	卖盘
10:53:33	29.52	-0.01	12	35424	卖盘
10:53:27	29.53	-0.03	1	2953	卖盘
10:53:24	29.56	--	7	20692	卖盘
10:53:21	29.56	0.01	7	20692	买盘
10:53:06	29.55	0.01	30	88650	买盘
10:53:03	29.54	--	3	8862	买盘
10:52:48	29.54	--	20	59080	买盘
10:52:42	29.54	--	10	29540	买盘
10:52:39	29.54	-0.01	49	144746	卖盘
10:52:30	29.55	0.01	3	8865	买盘
10:52:27	29.54	-0.01	12	35448	卖盘
10:52:24	29.55	--	8	23640	卖盘
10:52:21	29.55	--	7	20685	买盘
10:52:18	29.55	--	11	32505	卖盘
10:52:15	29.55	--	41	121155	买盘
10:52:09	29.55	--	17	50235	买盘
10:52:06	29.55	-0.01	3	8865	买盘
10:52:03	29.56	0.01	9	26604	买盘
10:52:00	29.55	--	7	20685	买盘
10:51:57	29.55	-0.1	7	20685	买盘
10:51:51	29.65	0.09	166	492190	买盘
10:51:42	29.56	0.02	14	41384	买盘
10:51:36	29.54	-0.02	1	2954	卖盘
10:51:33	29.56	0.02	3	8868	买盘
10:51:21	29.54	--	11	32494	卖盘
10:51:00	29.54	-0.03	2	5908	卖盘
10:50:51	29.57	0.03	10	29570	买盘
10:50:30	29.54	--	1	2954	卖盘
10:50:27	29.54	0.01	13	38402	中性盘
10:50:12	29.53	-0.09	14	41342	卖盘
10:49:54	29.62	0.09	1	2962	买盘
10:49:39	29.53	-0.09	15	44295	卖盘
10:49:30	29.62	-0.03	6	17772	中性盘
10:49:21	29.65	--	1	2965	买盘
10:49:18	29.65	--	21	63421	卖盘
10:49:15	29.65	--	12	35580	卖盘
10:49:03	29.65	--	1	2965	卖盘
10:49:00	29.65	--	12	35580	卖盘
10:48:57	29.65	0.12	114	339818	买盘
10:48:54	29.53	--	10	29530	买盘
10:48:51	29.53	0.01	26	76778	买盘
10:48:45	29.52	-0.01	14	41328	卖盘
10:48:33	29.53	--	5	14765	买盘
10:48:30	29.53	--	31	91543	买盘
10:48:24	29.53	--	4	11812	买盘
10:48:15	29.53	--	32	94496	买盘
10:47:57	29.53	0.01	1	2953	买盘
10:47:54	29.52	-0.01	15	44280	卖盘
10:47:48	29.53	0.01	1	2953	买盘
10:47:42	29.52	--	4	11808	卖盘
10:47:39	29.52	--	4	11808	卖盘
10:47:36	29.52	--	6	17712	卖盘
10:47:33	29.52	--	4	11808	买盘
10:47:24	29.52	--	7	20664	买盘
10:47:21	29.52	-0.01	6	17712	买盘
10:47:09	29.53	0.01	3	8859	买盘
10:47:06	29.52	0.01	7	20664	买盘
10:47:03	29.51	-0.03	12	35412	卖盘
10:47:00	29.54	0.01	13	38402	买盘
10:46:57	29.53	--	4	11812	中性盘
10:46:45	29.53	-0.05	2	5906	中性盘
10:46:36	29.58	0.07	40	118320	买盘
10:46:15	29.51	-0.03	9	26559	卖盘
10:46:12	29.54	0.01	36	106344	买盘
10:46:09	29.53	0.01	8	23624	买盘
10:46:03	29.52	--	2	5904	卖盘
10:46:00	29.52	--	11	32472	卖盘
10:45:57	29.52	--	17	50184	买盘
10:45:51	29.52	--	16	47232	买盘
10:45:45	29.52	--	2	5904	买盘
10:45:42	29.52	--	11	32472	卖盘
10:45:39	29.52	--	6	17712	卖盘
10:45:36	29.52	--	3	8856	买盘
10:45:33	29.52	--	3	8856	卖盘
10:45:30	29.52	--	44	132013	买盘
10:45:24	29.52	0.01	10	29520	买盘
10:45:21	29.51	-0.03	13	38363	卖盘
10:45:18	29.54	--	10	29540	买盘
10:45:06	29.54	--	1	2954	卖盘
10:45:03	29.54	-0.01	1	2954	卖盘
10:44:57	29.55	--	18	53190	买盘
10:44:54	29.55	--	17	50235	买盘
10:44:51	29.55	-0.03	171	505305	卖盘
10:44:45	29.58	-0.02	1	2958	卖盘
10:44:30	29.6	-0.05	31	91760	卖盘
10:44:24	29.65	0.02	19	56335	买盘
10:44:21	29.63	-0.02	1	2963	中性盘
10:44:12	29.65	-0.03	9	27841	卖盘
10:44:09	29.68	0.03	160	474880	买盘
10:44:06	29.65	--	3	10703	卖盘
10:44:00	29.65	--	10	29650	卖盘
10:43:54	29.65	--	5	14825	卖盘
10:43:51	29.65	-0.02	17	50405	卖盘
10:43:45	29.67	0.02	97	287799	买盘
10:43:36	29.65	--	12	35580	买盘
10:43:33	29.65	0.03	8	23720	买盘
10:43:30	29.62	-0.03	2	5924	卖盘
10:43:24	29.65	--	5	14825	卖盘
10:43:21	29.65	--	34	100810	卖盘
10:43:18	29.65	0.03	11	32615	买盘
10:43:15	29.62	-0.03	4	11848	卖盘
10:43:12	29.65	-0.03	2	5930	买盘
10:43:06	29.68	0.02	6	17808	买盘
10:43:03	29.66	0.04	7	20762	中性盘
10:43:00	29.62	0.01	5	14810	卖盘
10:42:57	29.61	-0.05	5	14805	买盘
10:42:54	29.66	--	28	83048	卖盘
10:42:51	29.66	0.05	44	130504	买盘
10:42:48	29.61	0.01	4	11844	买盘
10:42:45	29.6	--	14	41440	卖盘
10:42:42	29.6	--	10	29600	卖盘
10:42:39	29.6	--	7	20720	卖盘
10:42:36	29.6	0.04	157	464720	买盘
10:42:33	29.56	0.03	26	76856	买盘
10:42:27	29.53	--	3	8859	买盘
10:42:15	29.53	0.03	2	5906	中性盘
10:42:12	29.5	--	3	8850	卖盘
10:42:09	29.5	--	30	88500	买盘
10:42:06	29.5	--	10	29500	买盘
10:42:03	29.5	0.01	2	5900	买盘
10:42:00	29.49	--	11	32439	买盘
10:41:51	29.49	0.02	2	5898	中性盘
10:41:36	29.47	0.01	14	41258	卖盘
10:41:33	29.46	0.03	25	73650	买盘
10:41:24	29.43	--	1	2943	卖盘
10:41:21	29.43	--	6	17658	中性盘
10:41:15	29.43	0.01	26	76518	中性盘
10:41:00	29.42	--	1	2942	卖盘
10:40:57	29.42	--	3	10620	买盘
10:40:54	29.42	0.01	6	17652	买盘
10:40:51	29.41	--	4	11764	卖盘
10:40:48	29.41	0.01	9	26469	买盘
10:40:45	29.4	--	18	52920	卖盘
10:40:39	29.4	0.01	35	102900	买盘
10:40:36	29.39	0.01	20	58780	买盘
10:40:30	29.38	--	10	29380	卖盘
10:40:21	29.38	--	1	2938	卖盘
10:40:09	29.38	--	2	5876	卖盘
10:40:06	29.38	--	61	179218	卖盘
10:40:03	29.38	--	25	73450	买盘
10:40:00	29.38	-0.01	7	20566	买盘
10:39:57	29.39	0.02	18	52902	买盘
10:39:54	29.37	-0.01	28	82236	卖盘
10:39:51	29.38	--	10	29380	买盘
10:39:48	29.38	--	12	35256	买盘
10:39:45	29.38	--	8	23504	卖盘
10:39:42	29.38	--	23	67574	买盘
10:39:36	29.38	--	7	20566	卖盘
10:39:33	29.38	--	7	20566	买盘
10:39:30	29.38	--	12	35256	卖盘
10:39:27	29.38	--	7	20566	买盘
10:39:24	29.38	--	72	211536	买盘
10:39:21	29.38	--	7	20566	买盘
10:39:18	29.38	--	2	5876	买盘
10:39:12	29.38	-0.01	8	23504	买盘
10:39:09	29.39	0.02	6	17634	买盘
10:39:06	29.37	-0.01	15	44055	卖盘
10:39:03	29.38	--	6	17628	卖盘
10:39:00	29.38	--	4	11752	买盘
10:38:57	29.38	0.02	1	2938	买盘
10:38:54	29.36	-0.02	10	29360	卖盘
10:38:51	29.38	--	7	20566	中性盘
10:38:48	29.38	0.01	17	49946	买盘
10:38:45	29.37	--	3	8811	卖盘
10:38:42	29.37	-0.02	70	205590	卖盘
10:38:39	29.39	0.02	22	64658	买盘
10:38:36	29.37	--	2	5874	卖盘
10:38:30	29.37	--	1	2937	卖盘
10:38:27	29.37	--	3	8811	卖盘
10:38:24	29.37	--	17	49929	卖盘
10:38:21	29.37	--	12	35244	买盘
10:38:18	29.37	0.01	14	41118	买盘
10:38:15	29.36	-0.01	4	11744	卖盘
10:38:12	29.37	0.01	14	41118	买盘
10:38:09	29.36	-0.01	58	170288	卖盘
10:38:06	29.37	0.01	10	29370	买盘
10:38:03	29.36	-0.01	8	23488	卖盘
10:38:00	29.37	--	9	26433	买盘
10:37:54	29.37	0.01	3	8811	中性盘
10:37:51	29.36	-0.02	100	293600	卖盘
10:37:48	29.38	0.01	17	49946	买盘
10:37:45	29.37	-0.02	25	73425	卖盘
10:37:36	29.39	--	6	17634	买盘
10:37:30	29.39	0.02	10	29390	买盘
10:37:27	29.37	-0.02	16	46992	卖盘
10:37:21	29.39	-0.01	1	2939	卖盘
10:37:18	29.4	--	61	179340	买盘
10:37:15	29.4	--	30	88200	买盘
10:37:09	29.4	--	2	5880	买盘
10:37:03	29.4	--	7	20580	买盘
10:36:57	29.4	0.01	10	29400	买盘
10:36:54	29.39	-0.01	18	52902	卖盘
10:36:51	29.4	0.01	29	85260	买盘
10:36:45	29.39	-0.01	2	5878	卖盘
10:36:42	29.4	--	1	2940	买盘
10:36:36	29.4	--	30	88200	买盘
10:36:33	29.4	--	6	17640	买盘
10:36:24	29.4	0.01	5	14700	买盘
10:36:21	29.39	--	11	32329	卖盘
10:36:18	29.39	-0.01	6	17634	卖盘
10:36:15	29.4	--	5	14700	买盘
10:36:12	29.4	--	3	8820	买盘
10:36:06	29.4	0.01	59	173460	买盘
10:36:03	29.39	-0.01	11	32329	卖盘
10:36:00	29.4	--	16	48186	卖盘
10:35:57	29.4	--	1	2940	卖盘
10:35:48	29.4	--	10	29400	卖盘
10:35:45	29.4	-0.01	63	185220	卖盘
10:35:42	29.41	-0.01	3	8823	卖盘
10:35:39	29.42	0.02	5	14710	买盘
10:35:36	29.4	--	115	338100	卖盘
10:35:30	29.4	-0.04	69	202860	卖盘
10:35:27	29.44	0.03	19	55936	买盘
10:35:24	29.41	-0.03	52	152990	卖盘
10:35:21	29.44	0.01	10	29440	中性盘
10:35:18	29.43	-0.03	5	14715	卖盘
10:35:15	29.46	0.03	9	26514	买盘
10:35:12	29.43	--	9	26487	卖盘
10:35:09	29.43	-0.02	8	23544	卖盘
10:35:06	29.45	-0.05	8	23560	卖盘
10:34:57	29.5	--	1	2950	买盘
10:34:54	29.5	-0.01	66	194700	卖盘
10:34:48	29.51	0.01	20	59020	买盘
10:34:45	29.5	--	87	256650	卖盘
10:34:42	29.5	-0.01	7	20650	卖盘
10:34:39	29.51	0.01	3	8853	买盘
10:34:36	29.5	--	1	2950	卖盘
10:34:33	29.5	-0.01	2	5900	卖盘
10:34:30	29.51	0.01	20	59020	买盘
10:34:27	29.5	--	3	8850	卖盘
10:34:24	29.5	-0.01	2	5900	卖盘
10:34:21	29.51	--	4	11804	买盘
10:34:18	29.51	0.01	4	11804	买盘
10:34:15	29.5	-0.01	5	14750	卖盘
10:34:03	29.51	--	8	23608	买盘
10:33:54	29.51	-0.01	13	38363	卖盘
10:33:48	29.52	0.01	25	73800	买盘
10:33:45	29.51	-0.01	9	26559	卖盘
10:33:39	29.52	-0.02	13	38376	卖盘
10:33:33	29.54	0.01	3	8862	买盘
10:33:30	29.53	-0.02	30	88590	中性盘
10:33:24	29.55	-0.01	9	26595	卖盘
10:33:21	29.56	--	6	17736	买盘
10:33:18	29.56	0.01	1	2956	买盘
10:33:15	29.55	-0.01	6	17730	卖盘
10:33:06	29.56	--	25	73900	卖盘
10:32:57	29.56	-0.01	5	14780	卖盘
10:32:51	29.57	--	2	5914	买盘
10:32:45	29.57	--	40	118280	卖盘
10:32:42	29.57	-0.01	2	5914	卖盘
10:32:39	29.58	--	5	14790	买盘
10:32:36	29.58	0.01	5	14790	买盘
10:32:33	29.57	-0.01	2	5914	卖盘
10:32:27	29.58	0.01	7	20706	买盘
10:32:21	29.57	--	30	88710	卖盘
10:32:18	29.57	-0.01	2	5914	卖盘
10:32:06	29.58	-0.02	2	5916	卖盘
10:31:54	29.6	--	5	14800	买盘
10:31:51	29.6	--	10	29600	买盘
10:31:48	29.6	--	102	301920	卖盘
10:31:42	29.6	--	11	32560	卖盘
10:31:39	29.6	--	21	62160	卖盘
10:31:36	29.6	-0.01	6	17760	中性盘
10:31:33	29.61	0.01	5	14805	买盘
10:31:30	29.6	-0.01	10	29600	卖盘
10:31:27	29.61	0.01	14	41454	买盘
10:31:24	29.6	--	17	50320	卖盘
10:31:21	29.6	--	11	32560	卖盘
10:31:18	29.6	-0.03	45	133200	卖盘
10:31:00	29.63	0.01	6	17778	买盘
10:30:57	29.62	--	6	17772	卖盘
10:30:54	29.62	--	11	32582	卖盘
10:30:51	29.62	--	10	29620	卖盘
10:30:48	29.62	0.01	10	29620	买盘
10:30:45	29.61	0.01	14	41454	买盘
10:30:42	29.6	-0.01	4	11840	卖盘
10:30:36	29.61	--	41	121401	买盘
10:30:30	29.61	--	7	20727	买盘
10:30:27	29.61	0.01	22	65142	买盘
10:30:21	29.6	-0.01	24	71040	卖盘
10:30:18	29.61	0.01	3	8883	买盘
10:30:15	29.6	-0.01	2	5920	卖盘
10:30:12	29.61	--	5	14805	买盘
10:30:09	29.61	0.01	6	17766	买盘
10:30:06	29.6	--	1	2960	卖盘
10:29:57	29.6	-0.01	26	76960	卖盘
10:29:54	29.61	0.01	1	2961	买盘
10:29:51	29.6	-0.01	1	2960	卖盘
10:29:48	29.61	--	1	2961	买盘
10:29:45	29.61	--	30	88830	买盘
10:29:42	29.61	--	18	53298	买盘
10:29:36	29.61	--	21	62181	买盘
10:29:33	29.61	-0.04	14	41454	卖盘
10:29:18	29.65	0.04	250	741250	买盘
10:29:15	29.61	-0.02	15	44415	卖盘
10:29:12	29.63	0.01	7	20741	买盘
10:29:09	29.62	--	39	115518	卖盘
10:29:06	29.62	--	5	14810	卖盘
10:29:00	29.62	--	6	17772	卖盘
10:28:57	29.62	-0.01	1	2962	卖盘
10:28:45	29.63	-0.01	7	20741	买盘
10:28:39	29.64	--	23	68172	买盘
10:28:33	29.64	-0.02	31	91884	中性盘
10:28:18	29.66	0.01	108	320328	买盘
10:28:15	29.65	--	47	139355	卖盘
10:28:12	29.65	-0.01	2	5930	卖盘
10:28:09	29.66	0.01	23	68218	买盘
10:28:06	29.65	--	4	11860	卖盘
10:28:03	29.65	-0.01	4	11860	卖盘
10:27:57	29.66	0.01	22	65252	买盘
10:27:54	29.65	--	48	142320	卖盘
10:27:51	29.65	--	1	2965	卖盘
10:27:42	29.65	-0.02	46	136390	卖盘
10:27:33	29.67	--	54	160218	卖盘
10:27:30	29.67	-0.01	3	8901	卖盘
10:27:21	29.68	0.01	6	17808	买盘
10:27:18	29.67	-0.01	15	44505	卖盘
10:27:15	29.68	--	29	86072	卖盘
10:27:12	29.68	--	17	50456	买盘
10:27:09	29.68	--	7	20776	买盘
10:27:06	29.68	--	10	29680	买盘
10:27:03	29.68	--	2	5936	买盘
10:26:57	29.68	0.01	1	2968	买盘
10:26:54	29.67	-0.01	84	249228	卖盘
10:26:51	29.68	0.01	72	213696	买盘
10:26:48	29.67	-0.02	41	121647	卖盘
10:26:45	29.69	0.02	18	53442	买盘
10:26:42	29.67	-0.04	10	29670	卖盘
10:26:39	29.71	0.09	25	74275	买盘
10:26:33	29.62	-0.04	65	192530	卖盘
10:26:30	29.66	--	8	23728	卖盘
10:26:27	29.66	--	11	32626	卖盘
10:26:24	29.66	--	7	20762	买盘
10:26:21	29.66	-0.04	50	148300	卖盘
10:26:18	29.7	0.04	187	555390	买盘
10:26:15	29.66	--	37	109742	买盘
10:26:12	29.66	--	10	29660	买盘
10:26:06	29.66	0.01	52	154232	买盘
10:26:03	29.65	--	10	29650	卖盘
10:25:57	29.65	--	3	8895	卖盘
10:25:54	29.65	--	45	133425	卖盘
10:25:51	29.65	0.02	18	53370	买盘
10:25:42	29.63	-0.03	1	2963	中性盘
10:25:39	29.66	0.05	15	44490	买盘
10:25:36	29.61	-0.09	34	100674	卖盘
10:25:33	29.7	0.04	72	213840	买盘
10:25:30	29.66	--	18	53388	卖盘
10:25:27	29.66	0.01	47	139402	买盘
10:25:21	29.65	--	20	59300	卖盘
10:25:18	29.65	--	18	53370	卖盘
10:25:15	29.65	--	5	14825	卖盘
10:25:03	29.65	-0.04	17	50405	卖盘
10:25:00	29.69	0.04	10	29690	买盘
10:24:57	29.65	--	11	32615	卖盘
10:24:54	29.65	-0.03	44	130460	卖盘
10:24:51	29.68	-0.02	10	29680	卖盘
10:24:42	29.7	--	23	68310	卖盘
10:24:39	29.7	--	61	181170	卖盘
10:24:36	29.7	--	21	62370	卖盘
10:24:33	29.7	--	52	154440	卖盘
10:24:30	29.7	--	36	106920	卖盘
10:24:27	29.7	--	5	14850	卖盘
10:24:21	29.7	--	2	5940	卖盘
10:24:15	29.7	-0.03	20	59400	卖盘
10:24:09	29.73	-0.01	4	11892	买盘
10:24:06	29.74	-0.01	19	56506	卖盘
10:24:03	29.75	--	8	23800	卖盘
10:23:57	29.75	-0.01	10	29750	卖盘
10:23:54	29.76	--	26	77376	卖盘
10:23:51	29.76	-0.01	5	14880	卖盘
10:23:48	29.77	-0.01	5	14885	买盘
10:23:45	29.78	0.02	5	14890	买盘
10:23:42	29.76	--	2	5952	卖盘
10:23:39	29.76	-0.02	106	315456	卖盘
10:23:36	29.78	-0.02	50	148900	卖盘
10:23:30	29.8	0.02	35	104300	买盘
10:23:27	29.78	-0.02	10	29780	卖盘
10:23:24	29.8	--	23	68540	卖盘
10:23:21	29.8	-0.01	50	149000	卖盘
10:23:18	29.81	--	3	8943	买盘
10:23:15	29.81	--	41	122221	卖盘
10:23:12	29.81	--	38	113278	卖盘
10:23:09	29.81	--	40	119240	卖盘
10:23:06	29.81	--	49	146069	卖盘
10:23:03	29.81	--	24	71544	卖盘
10:23:00	29.81	--	50	149050	卖盘
10:22:57	29.81	--	17	50677	卖盘
10:22:54	29.81	--	82	244442	卖盘
10:22:51	29.81	--	135	402435	卖盘
10:22:48	29.81	-0.01	14	41734	卖盘
10:22:45	29.82	--	39	116298	买盘
10:22:42	29.82	0.01	54	161028	买盘
10:22:39	29.81	--	15	44715	卖盘
10:22:36	29.81	-0.01	15	44715	卖盘
10:22:33	29.82	0.01	12	35784	买盘
10:22:30	29.81	-0.01	20	59620	卖盘
10:22:27	29.82	--	30	89460	卖盘
10:22:24	29.82	0.01	16	47712	买盘
10:22:21	29.81	--	28	83468	卖盘
10:22:18	29.81	-0.01	7	20867	卖盘
10:22:15	29.82	--	2	5964	买盘
10:22:12	29.82	0.01	12	35784	买盘
10:22:09	29.81	--	33	98373	卖盘
10:22:06	29.81	--	63	187803	买盘
10:22:00	29.81	0.01	2	5962	买盘
10:21:57	29.8	--	2	5960	卖盘
10:21:54	29.8	0.03	20	59600	卖盘
10:21:51	29.77	0.01	4	11908	买盘
10:21:48	29.76	-0.02	66	196416	卖盘
10:21:45	29.78	--	9	26802	买盘
10:21:42	29.78	--	8	23824	卖盘
10:21:39	29.78	-0.03	7	20846	中性盘
10:21:36	29.81	0.06	37	110297	买盘
10:21:33	29.75	--	10	29750	卖盘
10:21:30	29.75	-0.06	225	669375	卖盘
10:21:27	29.81	0.06	22	65582	中性盘
10:21:24	29.75	-0.05	70	208250	卖盘
10:21:21	29.8	0.05	198	590040	买盘
10:21:18	29.75	0.01	14	41650	买盘
10:21:15	29.74	-0.01	5	14870	卖盘
10:21:12	29.75	--	21	62475	买盘
10:21:09	29.75	--	31	92225	买盘
10:21:00	29.75	0.01	11	32725	买盘
10:20:57	29.74	0.07	23	68402	中性盘
10:20:54	29.67	-0.01	298	884166	卖盘
10:20:51	29.68	--	5	14840	买盘
10:20:48	29.68	-0.05	38	112784	卖盘
10:20:45	29.73	-0.07	15	44595	买盘
10:20:42	29.8	0.13	229	682420	买盘
10:20:39	29.67	--	1	2967	卖盘
10:20:36	29.67	0.02	12	35604	卖盘
10:20:33	29.65	--	10	29650	买盘
10:20:30	29.65	-0.11	1	2965	中性盘
10:20:27	29.76	0.09	52	154752	买盘
10:20:24	29.67	0.02	22	65274	中性盘
10:20:21	29.65	0.04	6	17790	中性盘
10:20:18	29.61	-0.01	7	20727	买盘
10:20:15	29.62	-0.08	11	32582	中性盘
10:20:12	29.7	0.1	309	917730	买盘
10:20:09	29.6	-0.01	50	148000	卖盘
10:20:06	29.61	0.01	4	11844	买盘
10:20:03	29.6	--	30	88800	卖盘
10:20:00	29.6	0.03	198	586080	买盘
10:19:57	29.57	--	85	251345	买盘
10:19:54	29.57	--	6	17742	买盘
10:19:51	29.57	--	6	17742	买盘
10:19:48	29.57	0.01	1	2957	买盘
10:19:45	29.56	--	41	121196	卖盘
10:19:42	29.56	0.05	38	112328	买盘
10:19:39	29.51	0.01	13	38363	买盘
10:19:36	29.5	--	3	8850	卖盘
10:19:33	29.5	-0.01	2	5900	卖盘
10:19:30	29.51	0.01	2	5902	买盘
10:19:27	29.5	--	38	112100	卖盘
10:19:24	29.5	--	27	79650	卖盘
10:19:21	29.5	0.04	62	182900	买盘
10:19:18	29.46	--	37	109002	卖盘
10:19:15	29.46	-0.04	175	515550	中性盘
10:19:06	29.5	0.05	400	1180000	买盘
10:19:03	29.45	-0.01	11	32395	卖盘
10:19:00	29.46	0.01	1	2946	买盘
10:18:54	29.45	--	6	17670	卖盘
10:18:51	29.45	--	5	14725	卖盘
10:18:45	29.45	--	10	29450	卖盘
10:18:42	29.45	--	60	176700	买盘
10:18:36	29.45	0.01	24	70680	买盘
10:18:33	29.44	-0.01	5	14720	卖盘
10:18:24	29.45	0.01	78	229710	买盘
10:18:21	29.44	--	26	76544	卖盘
10:18:15	29.44	-0.01	40	117760	卖盘
10:18:09	29.45	0.01	32	94240	买盘
10:18:06	29.44	-0.01	17	50048	卖盘
10:18:03	29.45	0.01	3	8835	买盘
10:17:54	29.44	--	2	5888	卖盘
10:17:51	29.44	--	15	44160	卖盘
10:17:48	29.44	0.01	13	38272	买盘
10:17:45	29.43	--	10	29430	卖盘
10:17:42	29.43	--	20	58860	卖盘
10:17:39	29.43	-0.01	197	579771	卖盘
10:17:36	29.44	-0.01	50	147200	买盘
10:17:27	29.45	--	1	2945	买盘
10:17:24	29.45	0.01	25	73625	买盘
10:17:18	29.44	-0.01	68	200192	卖盘
10:17:15	29.45	--	36	106020	买盘
10:17:12	29.45	--	23	67735	买盘
10:17:09	29.45	--	6	17670	买盘
10:17:06	29.45	0.01	7	20615	买盘
10:17:03	29.44	-0.01	17	50048	卖盘
10:17:00	29.45	--	9	26505	买盘
10:16:57	29.45	--	1	2945	买盘
10:16:51	29.45	0.01	2	5890	买盘
10:16:48	29.44	--	20	58880	买盘
10:16:45	29.44	--	5	14720	买盘
10:16:42	29.44	--	3	8832	买盘
10:16:39	29.44	--	11	32384	买盘
10:16:36	29.44	0.01	9	26496	买盘
10:16:30	29.43	--	16	47088	卖盘
10:16:27	29.43	--	13	38259	卖盘
10:16:24	29.43	--	151	444393	卖盘
10:16:21	29.43	--	54	158922	卖盘
10:16:15	29.43	0.03	77	228347	买盘
10:16:12	29.4	--	65	191100	卖盘
10:16:09	29.4	--	2	5880	卖盘
10:16:03	29.4	--	10	29400	卖盘
10:15:54	29.4	--	4	11760	卖盘
10:15:51	29.4	--	5	14700	卖盘
10:15:45	29.4	0.01	69	202860	买盘
10:15:42	29.39	-0.01	7	20573	卖盘
10:15:33	29.4	--	34	99960	买盘
10:15:30	29.4	--	24	70560	买盘
10:15:18	29.4	--	11	32340	买盘
10:15:09	29.4	--	1	2940	买盘
10:15:00	29.4	--	45	132300	卖盘
10:14:57	29.4	-0.02	1	2940	卖盘
10:14:54	29.42	0.02	20	58840	买盘
10:14:51	29.4	--	2	5880	卖盘
10:14:48	29.4	--	477	1402380	卖盘
10:14:42	29.4	-0.02	450	1323000	卖盘
10:14:39	29.42	0.02	71	208882	买盘
10:14:33	29.4	-0.02	45	132300	中性盘
10:14:27	29.42	0.03	9	26478	买盘
10:14:24	29.39	--	4	11756	买盘
10:14:21	29.39	-0.03	5	14695	卖盘
10:14:18	29.42	0.02	67	197114	买盘
10:14:15	29.4	--	1	2940	买盘
10:14:12	29.4	--	18	52920	买盘
10:14:06	29.4	--	3	8820	买盘
10:14:03	29.4	--	10	29400	买盘
10:14:00	29.4	--	3	8820	买盘
10:13:54	29.4	0.01	50	147000	买盘
10:13:48	29.39	-0.01	5	14695	买盘
10:13:42	29.4	--	28	82320	买盘
10:13:39	29.4	--	7	20580	买盘
10:13:27	29.4	0.01	110	323400	买盘
10:13:12	29.39	0.04	300	881700	买盘
10:13:09	29.35	--	9	26415	卖盘
10:13:06	29.35	--	6	17610	卖盘
10:13:00	29.35	0.02	246	722010	买盘
10:12:27	29.33	--	5	14665	买盘
10:12:18	29.33	--	1	2933	买盘
10:12:09	29.33	--	4	11732	卖盘
10:12:00	29.33	--	2	5866	卖盘
10:11:51	29.33	--	7	20531	买盘
10:11:45	29.33	-0.03	1	2933	中性盘
10:11:09	29.36	--	1	2936	买盘
10:11:06	29.36	--	4	11744	买盘
10:11:03	29.36	--	10	29360	买盘
10:11:00	29.36	--	5	14680	买盘
10:10:57	29.36	-0.02	10	29360	卖盘
10:10:54	29.38	0.01	110	323180	买盘
10:10:45	29.37	0.01	23	67551	买盘
10:10:39	29.36	--	5	14680	买盘
10:10:36	29.36	-0.01	5	14680	卖盘
10:10:33	29.37	--	16	46992	买盘
10:10:27	29.37	--	5	14685	买盘
10:10:24	29.37	0.01	2	5874	买盘
10:10:15	29.36	0.01	6	17616	买盘
10:10:09	29.35	0.05	2	5870	买盘
10:10:06	29.3	--	1	2930	卖盘
10:09:54	29.3	--	1	2930	买盘
10:09:51	29.3	0.08	2	5860	买盘
10:09:45	29.22	--	1	2922	卖盘
10:09:42	29.22	0.07	47	137334	买盘
10:09:39	29.15	--	27	78705	买盘
10:09:36	29.15	-0.02	123	358545	卖盘
10:09:33	29.17	0.01	10	29170	买盘
10:09:30	29.16	-0.01	2	5832	卖盘
10:09:27	29.17	--	7	20419	买盘
10:09:24	29.17	--	3	8751	卖盘
10:09:21	29.17	-0.05	6	17502	卖盘
10:09:18	29.22	0.04	30	87660	买盘
10:09:15	29.18	--	5	14590	买盘
10:09:12	29.18	0.03	45	131310	买盘
10:09:09	29.15	-0.01	115	335225	卖盘
10:09:06	29.16	-0.02	10	29160	卖盘
10:09:03	29.18	--	7	20426	买盘
10:09:00	29.18	--	11	32098	买盘
10:08:54	29.18	-0.03	50	145900	卖盘
10:08:51	29.21	--	18	52578	买盘
10:08:48	29.21	-0.01	15	43815	卖盘
10:08:45	29.22	-0.01	20	58440	买盘
10:08:39	29.23	-0.15	106	309838	卖盘
10:08:36	29.38	--	9	26442	卖盘
10:08:33	29.38	--	2	5876	卖盘
10:08:27	29.38	0.15	43	126334	买盘
10:08:24	29.23	-0.15	1	2923	卖盘
10:08:18	29.38	0.15	20	58760	买盘
10:08:15	29.23	-0.15	4	11692	卖盘
10:08:09	29.38	--	1	2938	买盘
10:07:45	29.38	-0.02	6	17628	中性盘
10:07:42	29.4	--	34	99960	买盘
10:07:39	29.4	--	45	132300	卖盘
10:07:36	29.4	--	116	341040	卖盘
10:07:33	29.4	--	10	29400	卖盘
10:07:24	29.4	--	3	8820	卖盘
10:07:21	29.4	-0.02	22	64680	卖盘
10:07:15	29.42	-0.03	13	38246	卖盘
10:07:09	29.45	0.03	11	32395	买盘
10:07:03	29.42	-0.02	466	1370972	卖盘
10:07:00	29.44	-0.01	7	20608	卖盘
10:06:54	29.45	0.02	3	8835	买盘
10:06:51	29.43	-0.02	13	38259	买盘
10:06:48	29.45	0.01	43	126635	买盘
10:06:42	29.44	0.01	11	32384	买盘
10:06:39	29.43	--	1	2943	卖盘
10:06:36	29.43	--	20	58860	卖盘
10:06:33	29.43	-0.02	36	105948	中性盘
10:06:27	29.45	0.03	16	47120	买盘
10:06:24	29.42	--	26	76492	卖盘
10:06:21	29.42	0.01	6	17652	卖盘
10:06:18	29.41	0.01	15	44115	买盘
10:06:15	29.4	--	10	29400	卖盘
10:06:09	29.4	--	2	5880	卖盘
10:06:06	29.4	--	10	29400	卖盘
10:06:03	29.4	--	129	379260	买盘
10:05:57	29.4	0.09	50	147000	买盘
10:05:51	29.31	--	7	20517	买盘
10:05:48	29.31	-0.09	61	178791	卖盘
10:05:45	29.4	0.01	266	782040	买盘
10:05:36	29.39	0.08	161	473179	买盘
10:05:30	29.31	-0.03	29	84999	卖盘
10:05:24	29.34	-0.02	5	14670	中性盘
10:05:21	29.36	0.06	200	587200	买盘
10:05:18	29.3	--	10	29300	买盘
10:05:12	29.3	--	4	11720	买盘
10:05:09	29.3	-0.05	2	5860	中性盘
10:05:03	29.35	0.05	20	58700	买盘
10:05:00	29.3	-0.03	3	8790	买盘
10:04:57	29.33	0.06	9	26397	买盘
10:04:54	29.27	-0.03	31	90737	卖盘
10:04:42	29.3	0.11	129	378145	买盘
10:04:39	29.19	-0.06	100	291900	卖盘
10:04:36	29.25	0.05	18	52650	卖盘
10:04:33	29.2	-0.1	1	2920	买盘
10:04:30	29.3	0.1	600	1758000	买盘
10:04:24	29.2	0.01	1	2920	买盘
10:04:21	29.19	--	6	17514	卖盘
10:04:18	29.19	--	3	8757	买盘
10:04:12	29.19	--	3	8757	卖盘
10:04:06	29.19	--	4	11676	买盘
10:04:03	29.19	0.01	3	8757	买盘
10:03:57	29.18	-0.01	7	20426	卖盘
10:03:54	29.19	--	4	11676	买盘
10:03:51	29.19	0.01	40	116760	买盘
10:03:48	29.18	0.02	35	102130	买盘
10:03:39	29.16	0.01	8	23328	买盘
10:03:30	29.15	--	5	14575	卖盘
10:03:21	29.15	0.08	94	274010	买盘
10:03:06	29.07	-0.02	10	29070	卖盘
10:03:03	29.09	0.03	7	20363	买盘
10:02:48	29.06	--	15	43590	卖盘
10:02:39	29.06	-0.03	21	61026	卖盘
10:02:36	29.09	0.03	1	2909	中性盘
10:02:27	29.06	--	50	145300	卖盘
10:02:09	29.06	--	15	43590	卖盘
10:02:06	29.06	-0.09	10	29060	卖盘
10:01:51	29.15	-0.01	4	11660	中性盘
10:01:39	29.16	--	1	2916	买盘
10:01:36	29.16	--	4	11664	买盘
10:01:33	29.16	--	65	189540	卖盘
10:01:30	29.16	--	7	20412	卖盘
10:01:27	29.16	-0.02	30	87480	卖盘
10:01:24	29.18	--	20	58360	卖盘
10:01:21	29.18	--	17	49606	卖盘
10:01:18	29.18	-0.01	12	35016	卖盘
10:01:12	29.19	--	11	32109	买盘
10:01:09	29.19	0.01	5	14595	买盘
10:01:06	29.18	--	170	496060	卖盘
10:01:03	29.18	--	6	17508	卖盘
10:01:00	29.18	-0.01	10	29180	卖盘
10:00:54	29.19	0.01	24	70056	买盘
10:00:51	29.18	-0.02	1	2918	卖盘
10:00:45	29.2	--	1	2920	买盘
10:00:36	29.2	--	80	236344	卖盘
10:00:33	29.2	--	139	405880	卖盘
10:00:30	29.2	-0.01	67	195640	卖盘
10:00:27	29.21	0.01	18	52578	买盘
10:00:18	29.2	-0.01	1	2920	卖盘
10:00:15	29.21	--	29	84709	买盘
10:00:12	29.21	--	16	46736	卖盘
10:00:09	29.21	-0.03	2	5842	卖盘
10:00:06	29.24	0.01	8	23392	买盘
10:00:03	29.23	0.02	26	75998	中性盘
09:59:57	29.21	0.01	7	20447	卖盘
09:59:54	29.2	-0.04	10	29200	卖盘
09:59:51	29.24	0.04	2	5848	买盘
09:59:48	29.2	-0.01	35	102375	卖盘
09:59:45	29.21	-0.03	17	49657	中性盘
09:59:42	29.24	0.04	2	5848	买盘
09:59:33	29.2	-0.04	20	58400	卖盘
09:59:27	29.24	--	5	14620	买盘
09:59:24	29.24	0.04	11	32164	中性盘
09:59:18	29.2	-0.09	2	5840	卖盘
09:59:06	29.29	0.09	114	333906	买盘
09:58:57	29.2	-0.05	165	481800	卖盘
09:58:54	29.25	--	6	17550	卖盘
09:58:51	29.25	--	25	73125	卖盘
09:58:48	29.25	--	26	76050	卖盘
09:58:36	29.25	-0.01	6	17550	卖盘
09:58:33	29.26	0.01	6	17556	买盘
09:58:30	29.25	0.05	39	114075	买盘
09:58:27	29.2	--	30	87600	卖盘
09:58:24	29.2	-0.05	1	2920	卖盘
09:58:18	29.25	0.05	50	146250	买盘
09:58:15	29.2	--	6	17520	卖盘
09:58:09	29.2	-0.1	18	52560	卖盘
09:58:06	29.3	0.08	601	1761398	买盘
09:58:00	29.22	-0.04	14	40908	卖盘
09:57:51	29.26	0.04	10	29260	买盘
09:57:48	29.22	--	1	2922	卖盘
09:57:45	29.22	-0.04	3	8766	卖盘
09:57:42	29.26	0.04	8	23408	中性盘
09:57:39	29.22	-0.07	60	175320	卖盘
09:57:30	29.29	0.06	33	96657	买盘
09:57:27	29.23	-0.07	1	2923	中性盘
09:57:21	29.3	--	3	8790	买盘
09:57:18	29.3	0.08	6	17580	买盘
09:57:15	29.22	-0.02	9	26298	卖盘
09:57:12	29.24	-0.06	10	29240	中性盘
09:57:06	29.3	--	9	26370	买盘
09:57:03	29.3	0.04	2	5860	买盘
09:57:00	29.26	-0.02	4	11704	卖盘
09:56:54	29.28	-0.07	6	17568	卖盘
09:56:51	29.35	0.14	130	381550	买盘
09:56:39	29.21	-0.1	10	29210	卖盘
09:56:36	29.31	0.09	80	234480	买盘
09:56:33	29.22	-0.06	4	11688	买盘
09:56:27	29.28	0.06	60	175680	买盘
09:56:24	29.22	0.04	45	131490	买盘
09:56:18	29.18	-0.04	8	23344	卖盘
09:56:12	29.22	0.02	91	265902	买盘
09:56:09	29.2	--	123	359160	中性盘
09:56:03	29.2	0.02	37	108040	买盘
09:55:57	29.18	--	5	14590	卖盘
09:55:51	29.18	--	2	5836	卖盘
09:55:48	29.18	--	28	81704	卖盘
09:55:45	29.18	--	12	35016	卖盘
09:55:42	29.18	-0.02	77	224686	卖盘
09:55:39	29.2	0.03	91	265720	买盘
09:55:36	29.17	--	3	8751	卖盘
09:55:33	29.17	-0.01	6	17502	卖盘
09:55:30	29.18	--	2	5836	卖盘
09:55:27	29.18	0.01	35	102130	买盘
09:55:24	29.17	--	26	75842	卖盘
09:55:21	29.17	--	47	137099	卖盘
09:55:18	29.17	--	28	81676	卖盘
09:55:15	29.17	--	55	160435	卖盘
09:55:12	29.17	--	10	29170	卖盘
09:55:09	29.17	--	6	17502	卖盘
09:55:06	29.17	0.01	63	183771	买盘
09:55:03	29.16	--	3	8748	买盘
09:55:00	29.16	-0.01	3	8748	中性盘
09:54:57	29.17	0.01	11	32087	中性盘
09:54:48	29.16	--	6	17496	卖盘
09:54:42	29.16	--	1	2916	卖盘
09:54:39	29.16	0.11	5	14580	买盘
09:54:36	29.05	0.04	3	8715	买盘
09:54:33	29.01	-0.04	2	5802	卖盘
09:54:30	29.05	--	2	5810	卖盘
09:54:27	29.05	0.05	1	2905	卖盘
09:54:18	29.0	--	20	58000	卖盘
09:54:15	29.0	--	10	29000	卖盘
09:54:09	29.0	--	11	31900	卖盘
09:54:03	29.0	0.1	18	52200	买盘
09:53:57	28.9	--	10	28900	卖盘
09:53:54	28.9	--	39	112710	买盘
09:53:51	28.9	0.02	5	14450	买盘
09:53:36	28.88	--	5	14440	买盘
09:53:30	28.88	0.03	1	2888	买盘
09:53:27	28.85	--	2	5770	买盘
09:53:21	28.85	0.05	3	8655	买盘
09:53:06	28.8	0.04	10	28800	买盘
09:52:54	28.76	0.06	10	28760	买盘
09:52:45	28.7	--	40	114800	买盘
09:52:42	28.7	0.03	14	42590	买盘
09:52:39	28.67	--	36	103212	卖盘
09:52:30	28.67	0.02	28	80276	买盘
09:52:27	28.65	--	10	28650	卖盘
09:52:24	28.65	--	1	2865	卖盘
09:52:09	28.65	0.04	4	11460	买盘
09:51:18	28.61	-0.01	2	5722	卖盘
09:51:12	28.62	0.01	1	2862	买盘
09:50:51	28.61	--	20	57220	买盘
09:50:48	28.61	-0.04	15	42915	卖盘
09:50:39	28.65	0.04	6	17190	买盘
09:50:12	28.61	0.01	18	51498	买盘
09:49:51	28.6	0.01	2	5720	买盘
09:49:45	28.59	-0.01	2	5718	卖盘
09:49:39	28.6	0.01	3	8580	买盘
09:49:33	28.59	--	75	214425	卖盘
09:49:24	28.59	--	3	8577	卖盘
09:49:18	28.59	--	4	11436	卖盘
09:49:06	28.59	-0.02	16	45744	卖盘
09:49:00	28.61	0.02	19	54359	买盘
09:48:51	28.59	--	10	28590	卖盘
09:48:42	28.59	--	12	34308	卖盘
09:48:36	28.59	-0.01	12	34308	卖盘
09:48:24	28.6	-0.02	5	14300	买盘
09:48:18	28.62	--	21	60102	卖盘
09:48:15	28.62	-0.03	14	40068	卖盘
09:48:12	28.65	0.03	11	31515	买盘
09:48:09	28.62	-0.02	8	22896	卖盘
09:48:06	28.64	0.02	4	11456	买盘
09:48:03	28.62	--	2	5724	卖盘
09:48:00	28.62	0.03	67	191754	买盘
09:47:51	28.59	--	8	22872	卖盘
09:47:48	28.59	--	38	108642	卖盘
09:47:45	28.59	-0.03	27	77193	卖盘
09:47:39	28.62	0.03	217	621054	买盘
09:47:36	28.59	-0.01	2	5718	卖盘
09:47:33	28.6	0.01	5	14300	买盘
09:47:30	28.59	0.02	12	34308	买盘
09:47:21	28.57	-0.03	10	28570	中性盘
09:47:09	28.6	--	8	23337	卖盘
09:47:06	28.6	-0.01	8	22880	卖盘
09:46:54	28.61	--	26	74386	卖盘
09:46:51	28.61	--	25	71525	卖盘
09:46:45	28.61	--	8	22888	卖盘
09:46:42	28.61	--	20	57220	卖盘
09:46:39	28.61	--	6	17166	卖盘
09:46:36	28.61	--	1	2861	卖盘
09:46:33	28.61	--	27	77247	买盘
09:46:18	28.61	-0.01	16	45776	卖盘
09:46:06	28.62	--	2	5724	买盘
09:45:57	28.62	--	20	57240	买盘
09:45:51	28.62	--	10	28620	买盘
09:45:48	28.62	--	25	71550	买盘
09:45:42	28.62	0.01	36	103032	买盘
09:45:39	28.61	--	5	14305	卖盘
09:45:30	28.61	--	10	28610	卖盘
09:45:27	28.61	--	10	28610	卖盘
09:45:24	28.61	0.01	26	74386	买盘
09:45:12	28.6	--	1	5262	卖盘
09:45:09	28.6	--	3	8580	卖盘
09:45:06	28.6	0.1	5	14300	买盘
09:44:48	28.5	--	9	25650	卖盘
09:44:36	28.5	--	4	11400	卖盘
09:44:15	28.5	--	6	17100	卖盘
09:44:09	28.5	--	2	5700	卖盘
09:43:51	28.5	--	2	5700	卖盘
09:43:36	28.5	-0.05	1	2850	卖盘
09:43:30	28.55	0.05	35	99925	买盘
09:43:24	28.5	--	5	14250	卖盘
09:43:15	28.5	-0.01	1	2850	卖盘
09:43:09	28.51	--	5	14255	买盘
09:42:54	28.51	0.01	4	11404	买盘
09:42:51	28.5	-0.01	1	2850	卖盘
09:42:48	28.51	0.01	2	5702	买盘
09:42:45	28.5	-0.01	14	39900	卖盘
09:42:36	28.51	0.01	5	14255	中性盘
09:42:24	28.5	--	1	2850	卖盘
09:42:21	28.5	-0.05	50	142500	卖盘
09:42:15	28.55	--	3	8565	中性盘
09:42:06	28.55	--	11	31405	卖盘
09:42:03	28.55	--	20	57100	卖盘
09:41:57	28.55	--	29	82795	卖盘
09:41:54	28.55	--	203	579565	卖盘
09:41:51	28.55	--	5	14275	卖盘
09:41:48	28.55	-0.01	25	71375	卖盘
09:41:45	28.56	0.01	8	22848	卖盘
09:41:39	28.55	--	30	85650	卖盘
09:41:33	28.55	--	4	11420	卖盘
09:41:30	28.55	-0.01	10	28550	卖盘
09:41:27	28.56	--	3	8568	卖盘
09:41:24	28.56	--	5	14280	卖盘
09:41:21	28.56	-0.07	4	11424	中性盘
09:41:09	28.63	--	16	45808	卖盘
09:41:06	28.63	--	21	60123	卖盘
09:41:03	28.63	--	8	22904	卖盘
09:41:00	28.63	--	4	11452	卖盘
09:40:51	28.63	0.08	56	160328	买盘
09:40:48	28.55	-0.08	2	5710	卖盘
09:40:33	28.63	0.08	5	14315	买盘
09:40:24	28.55	-0.08	100	285500	卖盘
09:40:09	28.63	--	12	34356	买盘
09:40:03	28.63	--	6	17178	卖盘
09:39:57	28.63	--	2	5726	卖盘
09:39:51	28.63	0.13	92	263396	买盘
09:39:48	28.5	-0.14	200	570000	卖盘
09:39:27	28.64	-0.01	1	2864	中性盘
09:39:18	28.65	0.1	2	5730	买盘
09:39:09	28.55	--	26	74230	卖盘
09:39:06	28.55	-0.01	29	82795	卖盘
09:39:00	28.56	0.01	1	2856	卖盘
09:38:57	28.55	--	51	145605	买盘
09:38:54	28.55	--	23	65665	卖盘
09:38:42	28.55	--	5	14275	卖盘
09:38:30	28.55	-0.01	2	5710	卖盘
09:38:27	28.56	0.01	30	85680	买盘
09:38:09	28.55	0.02	3	8565	买盘
09:38:00	28.53	-0.02	43	122679	卖盘
09:37:57	28.55	-0.01	11	31405	卖盘
09:37:51	28.56	--	3	8568	买盘
09:37:48	28.56	0.01	10	28560	买盘
09:37:45	28.55	-0.01	20	57100	卖盘
09:37:42	28.56	--	10	28560	买盘
09:37:33	28.56	-0.1	17	48552	卖盘
09:37:21	28.66	0.1	9	25794	买盘
09:37:15	28.56	-0.1	4	11424	卖盘
09:37:06	28.66	--	35	100310	买盘
09:37:00	28.66	0.06	10	28660	买盘
09:36:57	28.6	--	21	60060	买盘
09:36:54	28.6	--	1	2860	买盘
09:36:48	28.6	-0.07	56	160160	卖盘
09:36:27	28.67	-0.06	29	83143	卖盘
09:35:48	28.73	--	9	25857	买盘
09:35:42	28.73	--	30	86190	买盘
09:35:39	28.73	0.06	10	28730	买盘
09:35:36	28.67	-0.06	1	2867	卖盘
09:35:33	28.73	--	11	31603	买盘
09:35:30	28.73	--	3	8619	买盘
09:35:27	28.73	0.06	11	31603	买盘
09:35:21	28.67	-0.06	4	11468	卖盘
09:35:06	28.73	--	3	8619	买盘
09:35:03	28.73	--	14	40222	卖盘
09:34:54	28.73	0.06	8	22984	买盘
09:34:48	28.67	--	78	223626	买盘
09:34:45	28.67	0.11	30	86010	买盘
09:34:42	28.56	-0.11	4	11424	卖盘
09:34:36	28.67	0.11	10	28670	买盘
09:34:33	28.56	-0.11	2	5712	卖盘
09:34:30	28.67	--	19	54473	买盘
09:34:24	28.67	--	2	5734	买盘
09:34:12	28.67	--	5	14335	买盘
09:34:09	28.67	0.12	20	57340	买盘
09:34:06	28.55	-0.18	3	8565	卖盘
09:34:00	28.73	0.2	30	86190	中性盘
09:33:39	28.53	-0.23	5	14265	卖盘
09:33:27	28.76	0.26	50	143800	买盘
09:33:12	28.5	--	30	85500	卖盘
09:33:00	28.5	-0.26	5	14250	中性盘
09:32:48	28.76	0.3	5	14380	中性盘
09:32:39	28.46	0.01	17	48382	卖盘
09:32:36	28.45	-0.33	38	108110	卖盘
09:32:33	28.78	--	6	17268	卖盘
09:32:30	28.78	0.33	2	5756	买盘
09:32:21	28.45	-0.05	35	99575	卖盘
09:32:18	28.5	-0.05	10	28500	卖盘
09:32:12	28.55	--	2	5710	买盘
09:32:06	28.55	0.11	65	185575	买盘
09:31:54	28.44	--	9	25596	卖盘
09:31:42	28.44	0.01	2	5688	中性盘
09:31:30	28.43	0.01	1	2843	中性盘
09:31:18	28.42	--	1	2842	卖盘
09:31:15	28.42	--	12	34104	买盘
09:31:09	28.42	--	10	28420	买盘
09:31:06	28.42	0.01	16	45472	买盘
09:31:03	28.41	--	6	17415	卖盘
09:30:57	28.41	--	8	22728	卖盘
09:30:51	28.41	-0.01	15	42615	卖盘
09:30:42	28.42	--	29	82418	卖盘
09:30:09	28.42	-0.12	1	2842	卖盘
09:30:06	28.54	-0.01	2	5708	中性盘
09:30:03	28.55	--	0	0	买盘
09:25:03	28.55	28.55	25	71375	买盘
