成交时间	成交价	价格变动	成交量(手)	成交额(元)	性质
15:00:03	7.21	--	1340	966140	买盘
14:57:03	7.21	--	2	1442	买盘
14:57:00	7.21	--	42	30282	买盘
14:56:57	7.21	0.01	27	19467	中性盘
14:56:54	7.2	-0.01	30	21600	卖盘
14:56:51	7.21	--	31	22812	买盘
14:56:48	7.21	--	275	198275	买盘
14:56:45	7.21	--	42	30282	买盘
14:56:42	7.21	--	102	73542	买盘
14:56:39	7.21	0.01	222	160062	买盘
14:56:33	7.2	-0.01	42	30240	卖盘
14:56:30	7.21	--	10	7210	买盘
14:56:27	7.21	--	21	15141	买盘
14:56:21	7.21	--	596	429932	卖盘
14:56:18	7.21	--	293	211253	卖盘
14:56:15	7.21	--	65	46865	卖盘
14:56:12	7.21	--	32	23072	卖盘
14:56:09	7.21	--	286	206710	卖盘
14:56:03	7.21	-0.01	5	3605	卖盘
14:55:54	7.22	0.01	75	54150	买盘
14:55:51	7.21	--	95	68495	卖盘
14:55:48	7.21	--	14	10094	卖盘
14:55:45	7.21	--	165	118965	卖盘
14:55:42	7.21	--	70	50470	卖盘
14:55:39	7.21	--	12	8652	卖盘
14:55:36	7.21	--	73	52633	卖盘
14:55:33	7.21	--	68	49028	卖盘
14:55:30	7.21	--	229	165109	卖盘
14:55:24	7.21	--	446	321566	买盘
14:55:18	7.21	--	20	14420	买盘
14:55:15	7.21	0.01	10	7210	买盘
14:55:12	7.2	--	43	30960	卖盘
14:55:06	7.2	-0.01	1000	720000	卖盘
14:55:03	7.21	--	30	21630	买盘
14:55:00	7.21	0.01	35	25235	买盘
14:54:57	7.2	--	29	20880	卖盘
14:54:54	7.2	-0.01	10	7200	卖盘
14:54:51	7.21	0.01	10	7210	买盘
14:54:48	7.2	--	265	190800	卖盘
14:54:45	7.2	-0.01	182	131040	卖盘
14:54:42	7.21	0.01	14	10094	买盘
14:54:39	7.2	-0.01	324	233280	卖盘
14:54:36	7.21	--	100	72100	买盘
14:54:33	7.21	--	105	75705	买盘
14:54:30	7.21	--	5	3605	买盘
14:54:27	7.21	0.01	20	14420	买盘
14:54:24	7.2	-0.01	13	9360	卖盘
14:54:21	7.21	--	5	3605	买盘
14:54:18	7.21	--	193	139153	买盘
14:54:15	7.21	0.01	21	15141	买盘
14:54:12	7.2	-0.01	55	39600	卖盘
14:54:06	7.21	0.01	30	21630	买盘
14:54:03	7.2	-0.01	80	57600	卖盘
14:54:00	7.21	0.01	21	15141	买盘
14:53:57	7.2	--	270	194400	卖盘
14:53:54	7.2	--	30	21600	卖盘
14:53:51	7.2	-0.01	34	24480	卖盘
14:53:48	7.21	0.01	108	77868	买盘
14:53:45	7.2	-0.01	2	1440	卖盘
14:53:42	7.21	0.01	4	2884	买盘
14:53:39	7.2	--	40	28800	卖盘
14:53:36	7.2	-0.01	5	3600	卖盘
14:53:33	7.21	--	100	72100	买盘
14:53:30	7.21	--	99	71379	买盘
14:53:27	7.21	--	5	3605	买盘
14:53:24	7.21	--	5	3605	买盘
14:53:21	7.21	0.01	8	5768	买盘
14:53:15	7.2	-0.01	150	108000	卖盘
14:53:09	7.21	0.01	30	21630	买盘
14:53:06	7.2	-0.01	20	14400	卖盘
14:53:03	7.21	0.01	50	36050	买盘
14:53:00	7.2	--	135	97200	卖盘
14:52:57	7.2	--	30	21600	卖盘
14:52:54	7.2	--	10	7200	卖盘
14:52:51	7.2	--	34	24480	卖盘
14:52:48	7.2	--	2	1440	卖盘
14:52:45	7.2	--	100	72000	卖盘
14:52:42	7.2	-0.01	355	255600	卖盘
14:52:39	7.21	0.01	142	102382	买盘
14:52:36	7.2	-0.02	10	7200	卖盘
14:52:33	7.22	0.01	100	72200	买盘
14:52:30	7.21	--	35	25235	买盘
14:52:27	7.21	--	4	2884	买盘
14:52:24	7.21	0.01	142	102382	买盘
14:52:21	7.2	--	35	25200	买盘
14:52:18	7.2	--	223	160560	买盘
14:52:15	7.2	-0.02	5644	4064292	卖盘
14:52:09	7.22	0.01	54	38988	买盘
14:52:03	7.21	-0.01	23	16583	卖盘
14:52:00	7.22	--	24	17328	买盘
14:51:57	7.22	0.01	20	14440	买盘
14:51:51	7.21	-0.01	13	9373	卖盘
14:51:48	7.22	0.01	22	15884	买盘
14:51:45	7.21	--	322	232162	卖盘
14:51:42	7.21	-0.01	33	23793	卖盘
14:51:39	7.22	0.01	7	5054	买盘
14:51:36	7.21	-0.01	1	721	卖盘
14:51:33	7.22	0.01	100	72200	买盘
14:51:30	7.21	--	101	72821	卖盘
14:51:27	7.21	-0.01	45	32445	卖盘
14:51:24	7.22	0.01	244	176168	买盘
14:51:21	7.21	--	26	18746	卖盘
14:51:15	7.21	-0.01	10	7210	卖盘
14:51:12	7.22	0.01	4	2888	买盘
14:51:09	7.21	--	16	11536	卖盘
14:51:00	7.21	-0.01	15	10815	卖盘
14:50:57	7.22	--	13	9386	买盘
14:50:51	7.22	0.01	87	62814	买盘
14:50:48	7.21	--	141	101661	卖盘
14:50:45	7.21	-0.01	2	1442	卖盘
14:50:39	7.22	--	38	27436	买盘
14:50:36	7.22	0.01	208	150176	买盘
14:50:33	7.21	-0.01	78	56238	卖盘
14:50:30	7.22	--	167	120574	买盘
14:50:27	7.22	0.01	85	61370	买盘
14:50:24	7.21	-0.01	30	21630	卖盘
14:50:21	7.22	--	5	3610	买盘
14:50:18	7.22	--	173	124906	买盘
14:50:12	7.22	0.01	4	2888	买盘
14:50:06	7.21	-0.01	12	8652	卖盘
14:50:00	7.22	0.01	20	14440	买盘
14:49:57	7.21	--	400	288400	卖盘
14:49:54	7.21	-0.01	5	3605	卖盘
14:49:51	7.22	0.01	5	3610	买盘
14:49:48	7.21	-0.01	83	59843	卖盘
14:49:45	7.22	--	15	10830	买盘
14:49:42	7.22	--	77	55594	买盘
14:49:39	7.22	--	22	15884	买盘
14:49:36	7.22	--	215	155230	买盘
14:49:33	7.22	--	30	21660	买盘
14:49:30	7.22	--	5	3610	买盘
14:49:27	7.22	--	9	6498	买盘
14:49:21	7.22	--	31	22382	买盘
14:49:18	7.22	0.01	111	80142	买盘
14:49:15	7.21	--	26	18746	卖盘
14:49:12	7.21	--	44	31724	卖盘
14:49:09	7.21	-0.01	199	143479	卖盘
14:49:03	7.22	--	143	103246	买盘
14:49:00	7.22	--	32	23104	买盘
14:48:57	7.22	0.01	2	1444	买盘
14:48:54	7.21	-0.01	20	14420	卖盘
14:48:51	7.22	--	5	3610	买盘
14:48:48	7.22	0.01	101	72922	买盘
14:48:42	7.21	--	14	10094	卖盘
14:48:39	7.21	-0.01	185	133385	卖盘
14:48:36	7.22	--	100	72200	买盘
14:48:30	7.22	0.01	5	3610	买盘
14:48:24	7.21	--	30	21630	卖盘
14:48:21	7.21	-0.01	54	38934	卖盘
14:48:15	7.22	0.01	200	144400	买盘
14:48:12	7.21	-0.01	77	55517	卖盘
14:48:09	7.22	0.01	27	19494	买盘
14:48:06	7.21	-0.01	11	7931	卖盘
14:48:03	7.22	--	18	12996	买盘
14:48:00	7.22	0.01	4	2888	买盘
14:47:57	7.21	--	10	7210	卖盘
14:47:51	7.21	--	55	39655	卖盘
14:47:48	7.21	-0.01	10	7210	卖盘
14:47:42	7.22	--	5	3610	买盘
14:47:39	7.22	0.01	16	11552	买盘
14:47:30	7.21	-0.01	64	46144	卖盘
14:47:27	7.22	--	30	21660	买盘
14:47:21	7.22	--	235	169670	买盘
14:47:18	7.22	--	10	7220	买盘
14:47:15	7.22	0.01	30	21660	买盘
14:47:12	7.21	-0.01	44	31724	卖盘
14:47:09	7.22	0.01	46	33212	买盘
14:47:03	7.21	-0.01	78	56238	卖盘
14:47:00	7.22	0.01	16	11552	买盘
14:46:57	7.21	--	29	20909	卖盘
14:46:54	7.21	-0.01	33	24283	卖盘
14:46:51	7.22	--	12	8664	买盘
14:46:42	7.22	0.01	5	3610	买盘
14:46:39	7.21	--	4	2884	卖盘
14:46:36	7.21	-0.01	10	7210	卖盘
14:46:33	7.22	--	7	5054	买盘
14:46:30	7.22	--	4	2888	买盘
14:46:27	7.22	--	109	78698	买盘
14:46:24	7.22	--	5	3610	买盘
14:46:21	7.22	--	14	10108	买盘
14:46:18	7.22	--	8	5776	买盘
14:46:15	7.22	--	30	21660	买盘
14:46:12	7.22	--	31	22382	买盘
14:46:09	7.22	--	42	30324	买盘
14:46:06	7.22	--	242	174724	卖盘
14:46:03	7.22	-0.01	10	7220	卖盘
14:46:00	7.23	0.01	9	6507	买盘
14:45:51	7.22	-0.01	38	27436	卖盘
14:45:48	7.23	0.01	9	6507	买盘
14:45:45	7.22	-0.01	100	72200	卖盘
14:45:42	7.23	0.01	8	5784	买盘
14:45:39	7.22	--	150	108300	卖盘
14:45:36	7.22	--	32	23104	卖盘
14:45:33	7.22	-0.01	120	86640	卖盘
14:45:30	7.23	0.01	40	28920	买盘
14:45:27	7.22	--	8	5776	卖盘
14:45:24	7.22	-0.01	35	25270	卖盘
14:45:21	7.23	--	8	5784	买盘
14:45:15	7.23	--	30	21690	买盘
14:45:12	7.23	--	1769	1278987	买盘
14:45:09	7.23	0.01	6	4338	买盘
14:45:03	7.22	-0.01	172	124184	卖盘
14:45:00	7.23	0.01	8	5784	买盘
14:44:54	7.22	--	6	4332	卖盘
14:44:51	7.22	--	30	21660	卖盘
14:44:48	7.22	--	1	722	卖盘
14:44:45	7.22	--	1	722	卖盘
14:44:42	7.22	-0.01	32	23104	卖盘
14:44:36	7.23	--	95	68685	买盘
14:44:33	7.23	--	4	2892	买盘
14:44:30	7.23	0.01	5	3615	买盘
14:44:27	7.22	-0.01	35	25270	卖盘
14:44:21	7.23	--	19	13737	买盘
14:44:15	7.23	0.01	76	54948	买盘
14:44:12	7.22	-0.01	28	20216	卖盘
14:44:09	7.23	--	6	4338	买盘
14:44:03	7.23	--	5	3615	买盘
14:44:00	7.23	0.01	53	38319	买盘
14:43:57	7.22	-0.01	5	3610	卖盘
14:43:51	7.23	0.01	8	5784	买盘
14:43:48	7.22	-0.01	20	14440	卖盘
14:43:42	7.23	--	10	7230	买盘
14:43:39	7.23	0.01	4	2892	买盘
14:43:33	7.22	-0.01	49	35378	卖盘
14:43:30	7.23	0.01	13	9399	买盘
14:43:24	7.22	-0.01	57	41154	卖盘
14:43:21	7.23	--	64	46272	买盘
14:43:15	7.23	--	300	216900	买盘
14:43:12	7.23	--	8	5784	买盘
14:43:09	7.23	0.01	9	6507	买盘
14:43:06	7.22	--	26	18772	卖盘
14:43:03	7.22	-0.01	85	61370	卖盘
14:43:00	7.23	--	14	10122	买盘
14:42:57	7.23	--	1	723	买盘
14:42:54	7.23	--	20	14460	买盘
14:42:51	7.23	--	28	20244	买盘
14:42:42	7.23	--	29	20967	买盘
14:42:39	7.23	0.01	50	36150	买盘
14:42:33	7.22	--	20	14440	卖盘
14:42:30	7.22	--	60	43320	卖盘
14:42:27	7.22	-0.01	10	7220	卖盘
14:42:24	7.23	0.01	500	361500	买盘
14:42:21	7.22	-0.01	37	26714	卖盘
14:42:15	7.23	--	19	13737	买盘
14:42:12	7.23	--	9	6507	买盘
14:42:09	7.23	--	87	62901	买盘
14:42:03	7.23	--	5	3615	买盘
14:42:00	7.23	0.01	55	39765	买盘
14:41:54	7.22	-0.01	2	1444	卖盘
14:41:51	7.23	0.01	18	13014	买盘
14:41:48	7.22	--	3	2166	卖盘
14:41:42	7.22	-0.01	11	7942	卖盘
14:41:36	7.23	--	50	36150	买盘
14:41:30	7.23	0.01	50	36150	买盘
14:41:27	7.22	-0.01	5	3610	卖盘
14:41:24	7.23	0.01	50	36150	买盘
14:41:21	7.22	-0.01	248	179056	卖盘
14:41:18	7.23	--	78	56394	买盘
14:41:15	7.23	--	30	21690	买盘
14:41:12	7.23	--	9	6507	买盘
14:41:09	7.23	0.01	76	54948	买盘
14:41:03	7.22	-0.01	8	5776	卖盘
14:41:00	7.23	--	4	2892	买盘
14:40:51	7.23	0.01	9	6507	买盘
14:40:48	7.22	--	125	90250	卖盘
14:40:45	7.22	-0.01	30	21660	卖盘
14:40:42	7.23	--	9	6507	买盘
14:40:36	7.23	0.01	150	108450	买盘
14:40:33	7.22	-0.01	31	22382	卖盘
14:40:30	7.23	--	5	3615	买盘
14:40:27	7.23	0.01	60	43380	买盘
14:40:24	7.22	-0.01	6	4332	卖盘
14:40:21	7.23	--	9	6507	买盘
14:40:15	7.23	--	30	21690	买盘
14:40:12	7.23	--	9	6507	买盘
14:40:09	7.23	0.01	14	10122	买盘
14:40:03	7.22	-0.01	160	115520	卖盘
14:40:00	7.23	0.01	9	6507	买盘
14:39:57	7.22	--	20	14440	卖盘
14:39:54	7.22	-0.01	7	5054	卖盘
14:39:51	7.23	0.01	44	31812	买盘
14:39:48	7.22	--	154	111188	卖盘
14:39:45	7.22	--	7	5054	卖盘
14:39:42	7.22	-0.01	72	51984	卖盘
14:39:39	7.23	--	4	2892	买盘
14:39:33	7.23	--	10	7230	买盘
14:39:30	7.23	0.01	4	2892	买盘
14:39:27	7.22	--	10	7220	卖盘
14:39:24	7.22	--	130	93860	卖盘
14:39:21	7.22	--	10	7220	卖盘
14:39:18	7.22	-0.01	20	14440	卖盘
14:39:15	7.23	0.01	47	33981	买盘
14:39:12	7.22	-0.01	15	10830	卖盘
14:39:09	7.23	0.01	28	20244	买盘
14:39:06	7.22	--	1	722	卖盘
14:39:00	7.22	--	7	5054	卖盘
14:38:57	7.22	-0.01	300	216600	卖盘
14:38:51	7.23	0.01	5	3615	买盘
14:38:48	7.22	-0.01	18	12996	卖盘
14:38:45	7.23	0.01	3	2169	买盘
14:38:42	7.22	--	8	5776	卖盘
14:38:39	7.22	--	6	4332	卖盘
14:38:33	7.22	-0.01	72	51984	卖盘
14:38:30	7.23	0.01	5	3615	买盘
14:38:24	7.22	-0.01	12	8664	卖盘
14:38:21	7.23	--	4	2892	买盘
14:38:15	7.23	--	6	4569	买盘
14:38:12	7.23	--	13	9399	买盘
14:38:09	7.23	--	17	12291	买盘
14:38:00	7.23	--	28	20244	买盘
14:37:57	7.23	--	35	25305	买盘
14:37:51	7.23	0.01	4	2892	买盘
14:37:45	7.22	-0.01	46	33212	卖盘
14:37:42	7.23	--	9	6507	买盘
14:37:39	7.23	0.01	5	3615	买盘
14:37:36	7.22	--	5	3610	卖盘
14:37:33	7.22	-0.01	200	144400	卖盘
14:37:30	7.23	0.01	4	2892	买盘
14:37:27	7.22	-0.01	52	37544	卖盘
14:37:21	7.23	--	5	3615	买盘
14:37:18	7.23	--	12	8676	买盘
14:37:12	7.23	--	4	2892	买盘
14:37:09	7.23	--	157	113511	买盘
14:37:03	7.23	--	121	87483	买盘
14:37:00	7.23	--	5	3615	买盘
14:36:57	7.23	0.01	88	63624	买盘
14:36:51	7.22	-0.01	54	38988	卖盘
14:36:45	7.23	--	50	36150	买盘
14:36:42	7.23	--	5	3615	买盘
14:36:30	7.23	-0.01	21	15183	卖盘
14:36:27	7.24	0.01	85	61540	买盘
14:36:24	7.23	--	55	39765	卖盘
14:36:21	7.23	-0.01	23	16629	卖盘
14:36:18	7.24	--	223	161452	买盘
14:36:12	7.24	0.01	4	2896	买盘
14:36:09	7.23	-0.01	56	40488	卖盘
14:36:00	7.24	0.01	4	2896	买盘
14:35:54	7.23	-0.01	5	3615	卖盘
14:35:51	7.24	0.02	6	4344	买盘
14:35:48	7.22	-0.02	54	38988	卖盘
14:35:39	7.24	0.02	311	225164	买盘
14:35:33	7.22	--	10	7220	卖盘
14:35:30	7.22	-0.01	774	558828	卖盘
14:35:27	7.23	0.01	306	221238	买盘
14:35:24	7.22	-0.01	27	19494	卖盘
14:35:21	7.23	--	24	17352	买盘
14:35:18	7.23	0.01	8	5784	买盘
14:35:12	7.22	-0.01	35	25270	卖盘
14:35:09	7.23	--	32	23136	买盘
14:35:00	7.23	0.01	4	2892	买盘
14:34:57	7.22	--	36	25992	卖盘
14:34:51	7.22	--	470	339404	买盘
14:34:48	7.22	--	311	224542	买盘
14:34:42	7.22	--	6	4332	买盘
14:34:39	7.22	0.01	1	722	买盘
14:34:36	7.21	-0.01	120	86520	卖盘
14:34:33	7.22	0.01	10	7220	买盘
14:34:30	7.21	--	54	38934	卖盘
14:34:27	7.21	--	15	10815	卖盘
14:34:24	7.21	--	285	205485	卖盘
14:34:21	7.21	--	137	98777	卖盘
14:34:12	7.21	--	90	65228	买盘
14:34:09	7.21	0.01	45	32445	买盘
14:34:06	7.2	-0.01	33	23760	卖盘
14:34:03	7.21	--	251	180971	买盘
14:34:00	7.21	--	29	20909	买盘
14:33:57	7.21	0.01	1	721	买盘
14:33:54	7.2	-0.01	78	56160	卖盘
14:33:51	7.21	--	35	25235	买盘
14:33:45	7.21	--	15	10815	买盘
14:33:42	7.21	--	150	108150	买盘
14:33:39	7.21	0.01	22	15862	买盘
14:33:36	7.2	-0.02	555	399816	卖盘
14:33:33	7.22	--	169	122018	买盘
14:33:30	7.22	0.01	31	22382	买盘
14:33:21	7.21	-0.01	17	12257	卖盘
14:33:18	7.22	0.01	1023	738606	买盘
14:33:15	7.21	--	85	61285	卖盘
14:33:12	7.21	-0.01	11	7931	卖盘
14:33:09	7.22	--	72	52085	买盘
14:33:03	7.22	--	100	72200	买盘
14:33:00	7.22	--	13	10043	卖盘
14:32:57	7.22	--	122	88084	卖盘
14:32:54	7.22	--	64	46208	卖盘
14:32:51	7.22	--	270	195091	卖盘
14:32:48	7.22	--	11	7942	卖盘
14:32:45	7.22	--	121	87362	卖盘
14:32:42	7.22	--	20	14440	卖盘
14:32:39	7.22	--	158	114480	卖盘
14:32:36	7.22	--	119	85918	卖盘
14:32:33	7.22	-0.01	11	7942	卖盘
14:32:30	7.23	0.01	156	113489	买盘
14:32:24	7.22	--	37	26714	卖盘
14:32:21	7.22	--	104	75745	卖盘
14:32:15	7.22	-0.01	10	7220	卖盘
14:32:12	7.23	--	120	86760	买盘
14:32:09	7.23	--	147	106989	买盘
14:32:06	7.23	0.01	62	44826	买盘
14:32:03	7.22	-0.01	55	39710	卖盘
14:32:00	7.23	--	78	56726	买盘
14:31:57	7.23	0.01	31	22413	买盘
14:31:54	7.22	--	50	36100	卖盘
14:31:51	7.22	--	6	4332	卖盘
14:31:42	7.22	-0.01	50	36100	卖盘
14:31:39	7.23	0.01	4	2892	买盘
14:31:36	7.22	--	89	64258	卖盘
14:31:30	7.22	-0.01	13	9386	卖盘
14:31:27	7.23	0.01	6	4338	买盘
14:31:24	7.22	-0.01	18	12996	卖盘
14:31:21	7.23	--	4	2892	买盘
14:31:18	7.23	0.01	7	5061	买盘
14:31:15	7.22	-0.01	330	238260	卖盘
14:31:12	7.23	--	30	21690	买盘
14:31:09	7.23	--	70	50610	买盘
14:31:00	7.23	--	25	18075	买盘
14:30:57	7.23	--	4	2892	买盘
14:30:54	7.23	-0.01	45	32535	卖盘
14:30:51	7.24	--	104	75296	买盘
14:30:48	7.24	--	2005	1451620	买盘
14:30:45	7.24	--	2	1448	买盘
14:30:42	7.24	--	20	14480	买盘
14:30:39	7.24	--	109	78916	买盘
14:30:36	7.24	--	9	6516	买盘
14:30:30	7.24	--	11	7964	买盘
14:30:27	7.24	--	52	37648	买盘
14:30:21	7.24	0.01	5	3620	买盘
14:30:18	7.23	-0.01	139	100497	卖盘
14:30:12	7.24	--	11	7964	买盘
14:30:09	7.24	--	196	141904	买盘
14:30:03	7.24	--	5	3620	买盘
14:30:00	7.24	--	5	3620	买盘
14:29:57	7.24	--	4	2896	买盘
14:29:51	7.24	-0.01	1379	998996	卖盘
14:29:48	7.25	0.01	5	3625	买盘
14:29:45	7.24	--	14	10136	卖盘
14:29:42	7.24	-0.01	1	724	卖盘
14:29:39	7.25	--	369	267525	买盘
14:29:30	7.25	--	4	2900	买盘
14:29:27	7.25	--	5	3625	买盘
14:29:21	7.25	--	25	18125	买盘
14:29:18	7.25	--	4	2900	买盘
14:29:12	7.25	--	14	10150	买盘
14:29:09	7.25	0.01	40	29000	买盘
14:29:06	7.24	-0.01	15	10860	卖盘
14:28:57	7.25	0.01	5	3625	买盘
14:28:54	7.24	-0.01	60	43440	卖盘
14:28:51	7.25	--	103	74675	买盘
14:28:48	7.25	0.01	4	2900	买盘
14:28:45	7.24	-0.01	3	2172	卖盘
14:28:42	7.25	--	3	2175	买盘
14:28:39	7.25	0.01	5	3625	买盘
14:28:36	7.24	-0.01	52	37648	卖盘
14:28:33	7.25	--	311	225475	买盘
14:28:27	7.25	--	5	3625	买盘
14:28:24	7.25	--	26	18850	买盘
14:28:18	7.25	0.01	20	14500	买盘
14:28:15	7.24	--	115	83260	卖盘
14:28:12	7.24	-0.01	63	45612	卖盘
14:28:09	7.25	--	107	77575	买盘
14:28:06	7.25	0.01	564	408900	买盘
14:28:03	7.24	--	30	21720	卖盘
14:28:00	7.24	--	15	10860	卖盘
14:27:57	7.24	-0.01	1	724	卖盘
14:27:48	7.25	--	11	7975	买盘
14:27:39	7.25	0.01	5	3625	买盘
14:27:36	7.24	--	32	23168	卖盘
14:27:27	7.24	0.01	142	102931	买盘
14:27:24	7.23	-0.01	8	5784	卖盘
14:27:21	7.24	0.01	17	12308	买盘
14:27:18	7.23	-0.01	59	42657	卖盘
14:27:15	7.24	--	30	21720	买盘
14:27:09	7.24	--	51	36924	买盘
14:26:57	7.24	--	9	6516	买盘
14:26:54	7.24	--	10	7240	买盘
14:26:51	7.24	--	30	21720	买盘
14:26:48	7.24	0.01	5	3620	买盘
14:26:45	7.23	-0.01	164	118572	卖盘
14:26:42	7.24	--	350	253400	买盘
14:26:39	7.24	--	4	2896	买盘
14:26:30	7.24	0.01	131	94844	买盘
14:26:27	7.23	-0.01	8	5784	卖盘
14:26:21	7.24	--	50	36200	买盘
14:26:18	7.24	--	354	256296	买盘
14:26:15	7.24	--	319	230956	买盘
14:26:12	7.24	--	57	41268	买盘
14:26:09	7.24	--	26	18824	买盘
14:26:06	7.24	--	5	3620	买盘
14:25:57	7.24	--	24	17376	买盘
14:25:51	7.24	0.01	300	217200	买盘
14:25:48	7.23	-0.01	109	78807	卖盘
14:25:39	7.24	--	114	82536	买盘
14:25:27	7.24	--	5	3620	买盘
14:25:21	7.24	--	8	5792	买盘
14:25:18	7.24	--	4	2896	买盘
14:25:15	7.24	--	26	18824	买盘
14:25:12	7.24	--	15	10860	买盘
14:25:09	7.24	0.01	152	110048	买盘
14:25:06	7.23	-0.01	4	2892	卖盘
14:25:03	7.24	--	10	7240	买盘
14:25:00	7.24	0.01	6	4344	买盘
14:24:57	7.23	--	22	15906	卖盘
14:24:51	7.23	-0.01	52	37596	卖盘
14:24:48	7.24	--	204	147696	买盘
14:24:45	7.24	0.01	1	724	买盘
14:24:42	7.23	-0.01	10	7230	卖盘
14:24:39	7.24	0.01	25	18100	买盘
14:24:30	7.23	-0.01	10	7230	卖盘
14:24:27	7.24	--	24	17376	买盘
14:24:21	7.24	--	6	4344	买盘
14:24:18	7.24	-0.01	179	129596	卖盘
14:24:15	7.25	--	46	33350	买盘
14:24:09	7.25	--	10	7250	买盘
14:24:06	7.25	0.01	18	13050	买盘
14:23:57	7.24	-0.01	16	11584	卖盘
14:23:54	7.25	0.01	10	7250	买盘
14:23:51	7.24	--	172	124528	卖盘
14:23:48	7.24	--	14	10136	卖盘
14:23:45	7.24	-0.01	91	65884	卖盘
14:23:42	7.25	0.01	24	17400	买盘
14:23:39	7.24	-0.01	40	29329	卖盘
14:23:33	7.25	0.01	8	5800	买盘
14:23:30	7.24	-0.01	41	29792	卖盘
14:23:27	7.25	--	14	10150	买盘
14:23:24	7.25	0.01	16	11600	买盘
14:23:21	7.24	--	71	51404	卖盘
14:23:18	7.24	-0.01	107	78025	卖盘
14:23:15	7.25	--	30	21750	买盘
14:23:09	7.25	--	77	55977	买盘
14:23:03	7.25	0.01	138	100050	买盘
14:23:00	7.24	-0.01	114	82738	卖盘
14:22:57	7.25	--	4	2900	买盘
14:22:54	7.25	--	146	105850	买盘
14:22:51	7.25	0.01	14	10150	买盘
14:22:48	7.24	-0.01	166	120770	卖盘
14:22:45	7.25	--	19	13775	买盘
14:22:42	7.25	--	97	70325	买盘
14:22:39	7.25	--	172	124866	买盘
14:22:36	7.25	0.01	74	53650	买盘
14:22:30	7.24	-0.01	224	162306	卖盘
14:22:27	7.25	0.01	163	118175	买盘
14:22:21	7.24	--	262	189688	卖盘
14:22:18	7.24	--	65	47443	卖盘
14:22:15	7.24	--	53	38372	卖盘
14:22:12	7.24	-0.01	102	73848	卖盘
14:22:09	7.25	--	131	95214	买盘
14:22:03	7.25	--	29	21025	买盘
14:22:00	7.25	--	134	97150	买盘
14:21:57	7.25	0.01	4	2900	买盘
14:21:54	7.24	--	10	7240	卖盘
14:21:51	7.24	-0.01	104	75296	卖盘
14:21:48	7.25	--	250	181250	买盘
14:21:42	7.25	--	21	15225	买盘
14:21:39	7.25	0.01	4	2900	买盘
14:21:30	7.24	-0.01	12	8688	卖盘
14:21:27	7.25	0.01	22	15950	买盘
14:21:21	7.24	--	100	72400	卖盘
14:21:18	7.24	--	9	6516	卖盘
14:21:15	7.24	-0.01	32	23168	卖盘
14:21:12	7.25	--	8	5800	买盘
14:21:09	7.25	0.01	27	19575	买盘
14:21:06	7.24	-0.01	200	144800	卖盘
14:21:03	7.25	--	30	21750	买盘
14:21:00	7.25	--	100	72500	买盘
14:20:57	7.25	0.01	18	13050	买盘
14:20:54	7.24	--	1	724	卖盘
14:20:51	7.24	--	84	60816	卖盘
14:20:48	7.24	-0.01	8	5792	卖盘
14:20:45	7.25	--	157	113825	买盘
14:20:42	7.25	--	28	20300	买盘
14:20:39	7.25	--	109	79025	买盘
14:20:30	7.25	--	12	8700	买盘
14:20:27	7.25	--	64	46400	买盘
14:20:24	7.25	0.01	20	14500	买盘
14:20:21	7.24	-0.01	94	68056	卖盘
14:20:18	7.25	--	5	3625	买盘
14:20:15	7.25	--	19	13775	买盘
14:20:12	7.25	--	10	7250	买盘
14:20:09	7.25	--	10	7250	买盘
14:20:06	7.25	0.01	1	725	买盘
14:20:03	7.24	--	24	17376	卖盘
14:20:00	7.24	-0.01	66	47784	卖盘
14:19:57	7.25	--	5	3625	买盘
14:19:51	7.25	--	1025	743125	买盘
14:19:48	7.25	--	4	2900	买盘
14:19:45	7.25	--	50	36250	买盘
14:19:42	7.25	--	22	15950	买盘
14:19:36	7.25	0.01	15	10875	买盘
14:19:33	7.24	-0.01	2	1448	卖盘
14:19:30	7.25	--	10	7250	买盘
14:19:27	7.25	0.01	4	2900	买盘
14:19:18	7.24	--	23	16652	卖盘
14:19:15	7.24	-0.01	44	31856	卖盘
14:19:12	7.25	--	94	68150	买盘
14:19:09	7.25	--	810	587250	买盘
14:19:06	7.25	0.01	14	10150	买盘
14:19:03	7.24	-0.01	3	2172	卖盘
14:18:57	7.25	--	4	2900	买盘
14:18:51	7.25	--	5	3625	买盘
14:18:48	7.25	--	15	10875	买盘
14:18:45	7.25	--	10	7250	买盘
14:18:42	7.25	--	51	36975	买盘
14:18:36	7.25	--	4	2900	买盘
14:18:33	7.25	0.01	15	10875	买盘
14:18:30	7.24	-0.01	2	1448	卖盘
14:18:27	7.25	--	5	3625	买盘
14:18:18	7.25	--	4	2900	买盘
14:18:15	7.25	--	22	15950	买盘
14:18:12	7.25	--	71	51475	买盘
14:18:09	7.25	--	12	8700	买盘
14:18:06	7.25	0.01	15	10875	买盘
14:18:03	7.24	--	28	20272	卖盘
14:18:00	7.24	-0.01	7	5068	卖盘
14:17:57	7.25	--	4	2900	买盘
14:17:51	7.25	--	12	8700	买盘
14:17:48	7.25	0.01	25	18125	买盘
14:17:42	7.24	-0.01	56	40544	卖盘
14:17:39	7.25	--	212	153700	买盘
14:17:36	7.25	0.01	4	2900	买盘
14:17:30	7.24	--	102	73848	卖盘
14:17:27	7.24	--	511	369964	卖盘
14:17:18	7.24	-0.01	24	17376	卖盘
14:17:15	7.25	--	201	145725	买盘
14:17:12	7.25	0.02	8	5800	买盘
14:17:09	7.23	-0.01	1630	1178490	卖盘
14:17:03	7.24	0.01	1943	1406985	买盘
14:17:00	7.23	-0.01	21	15183	卖盘
14:16:57	7.24	--	14	10136	买盘
14:16:54	7.24	0.01	20	14480	买盘
14:16:48	7.23	--	33	23859	卖盘
14:16:45	7.23	--	65	46995	卖盘
14:16:42	7.23	-0.01	91	65793	卖盘
14:16:36	7.24	0.01	33	23892	买盘
14:16:30	7.23	-0.01	2	1446	卖盘
14:16:27	7.24	--	4	2896	买盘
14:16:18	7.24	0.01	5	3620	买盘
14:16:12	7.23	-0.01	35	25305	卖盘
14:16:09	7.24	--	28	20272	买盘
14:16:06	7.24	0.01	4	2896	买盘
14:16:03	7.23	-0.01	20	14460	卖盘
14:15:57	7.24	0.01	15	10860	买盘
14:15:54	7.23	--	22	15906	卖盘
14:15:51	7.23	--	14	10122	卖盘
14:15:48	7.23	-0.01	22	15906	卖盘
14:15:45	7.24	--	19	13756	买盘
14:15:42	7.24	--	21	15204	买盘
14:15:36	7.24	0.01	11	7964	买盘
14:15:30	7.23	-0.01	138	99774	卖盘
14:15:27	7.24	0.01	6	4344	买盘
14:15:21	7.23	-0.01	30	21690	卖盘
14:15:18	7.24	0.01	5	3620	买盘
14:15:15	7.23	-0.01	10	7230	卖盘
14:15:12	7.24	--	25	18100	买盘
14:15:09	7.24	--	17	12308	买盘
14:15:06	7.24	--	4	2896	买盘
14:15:00	7.24	--	14	10136	买盘
14:14:57	7.24	--	6	4344	买盘
14:14:51	7.24	--	55	39820	买盘
14:14:48	7.24	--	19	13756	买盘
14:14:45	7.24	--	5	3620	买盘
14:14:42	7.24	--	323	233852	买盘
14:14:36	7.24	--	20	14480	买盘
14:14:33	7.24	0.01	5	3620	买盘
14:14:30	7.23	--	7	5061	卖盘
14:14:24	7.23	--	2	1446	卖盘
14:14:15	7.23	--	34	24582	卖盘
14:14:12	7.23	-0.01	10	7230	卖盘
14:14:09	7.24	--	29	20996	买盘
14:14:06	7.24	--	14	10136	买盘
14:14:03	7.24	--	15	10860	买盘
14:14:00	7.24	--	20	14480	买盘
14:13:48	7.24	--	118	85432	买盘
14:13:42	7.24	0.01	36	26064	买盘
14:13:33	7.23	--	12	8676	卖盘
14:13:30	7.23	-0.01	20	14460	卖盘
14:13:27	7.24	0.01	21	15204	买盘
14:13:15	7.23	--	48	34704	卖盘
14:13:12	7.23	-0.01	5	3615	卖盘
14:13:09	7.24	--	25	18100	买盘
14:13:03	7.24	0.01	28	20272	买盘
14:13:00	7.23	--	4	2892	卖盘
14:12:51	7.23	--	28	20244	卖盘
14:12:48	7.23	-0.01	297	214731	卖盘
14:12:45	7.24	0.01	30	21720	买盘
14:12:33	7.23	--	1	723	卖盘
14:12:30	7.23	-0.01	12	8676	卖盘
14:12:21	7.24	--	57	41268	买盘
14:12:09	7.24	--	32	23168	买盘
14:12:00	7.24	--	16	11584	买盘
14:11:48	7.24	0.01	608	440192	买盘
14:11:45	7.23	--	18	13014	卖盘
14:11:39	7.23	--	146	105558	卖盘
14:11:24	7.23	--	12	8676	卖盘
14:11:12	7.23	-0.01	10	7230	卖盘
14:11:09	7.24	--	25	18100	买盘
14:10:57	7.24	0.01	7	5068	买盘
14:10:51	7.23	--	74	53502	卖盘
14:10:42	7.23	-0.01	120	86760	卖盘
14:10:39	7.24	0.01	2	1448	买盘
14:10:36	7.23	-0.01	100	72300	卖盘
14:10:30	7.24	0.01	5	3620	买盘
14:10:21	7.23	-0.01	10	7230	卖盘
14:10:18	7.24	--	15	10860	买盘
14:10:09	7.24	0.01	21	15204	买盘
14:10:03	7.23	-0.01	70	50610	卖盘
14:09:54	7.24	0.01	11	7964	买盘
14:09:48	7.23	-0.01	50	36150	卖盘
14:09:45	7.24	0.01	643	465532	买盘
14:09:42	7.23	-0.01	30	21690	卖盘
14:09:39	7.24	--	169	122356	买盘
14:09:21	7.24	--	2	1448	买盘
14:09:15	7.24	--	24	17376	买盘
14:09:12	7.24	--	25	18100	买盘
14:09:09	7.24	--	6	4344	买盘
14:09:03	7.24	0.01	25	18100	买盘
14:09:00	7.23	--	96	69408	卖盘
14:08:57	7.23	--	8	5784	卖盘
14:08:51	7.23	-0.01	10	7230	卖盘
14:08:39	7.24	--	57	41268	买盘
14:08:36	7.24	0.01	10	7240	买盘
14:08:30	7.23	-0.01	40	28920	卖盘
14:08:27	7.24	0.01	5	3620	买盘
14:08:21	7.23	-0.01	6	4338	卖盘
14:08:15	7.24	0.01	11	7964	买盘
14:08:12	7.23	-0.01	76	54948	卖盘
14:08:09	7.24	--	6	4344	买盘
14:08:06	7.24	0.01	1	724	买盘
14:08:03	7.23	-0.01	5	3615	卖盘
14:07:54	7.24	0.01	16	11584	买盘
14:07:48	7.23	-0.01	12	8676	卖盘
14:07:39	7.24	0.01	57	41268	买盘
14:07:30	7.23	--	5	3615	卖盘
14:07:27	7.23	--	10	7230	卖盘
14:07:21	7.23	-0.01	6	4338	卖盘
14:07:18	7.24	--	65	47060	买盘
14:07:15	7.24	--	31	22444	买盘
14:07:12	7.24	--	8	5792	买盘
14:07:09	7.24	--	6	4344	买盘
14:06:57	7.24	0.01	11	7964	买盘
14:06:45	7.23	-0.01	9	6507	卖盘
14:06:39	7.24	0.01	57	41268	买盘
14:06:30	7.23	-0.01	24	17352	卖盘
14:06:21	7.24	0.01	416	301184	买盘
14:06:18	7.23	--	1	723	卖盘
14:06:15	7.23	-0.01	37	26751	卖盘
14:06:12	7.24	--	70	50680	买盘
14:06:09	7.24	0.01	9	6516	买盘
14:06:03	7.23	--	10	7230	卖盘
14:05:48	7.23	-0.01	1	723	中性盘
14:05:39	7.24	0.01	91	66347	买盘
14:05:36	7.23	--	77	55671	卖盘
14:05:33	7.23	--	23	16889	买盘
14:05:30	7.23	--	2	1446	买盘
14:05:27	7.23	--	19	14199	卖盘
14:05:24	7.23	--	123	89189	买盘
14:05:18	7.23	--	24	17352	买盘
14:05:15	7.23	--	22	15906	买盘
14:05:12	7.23	--	8	5784	买盘
14:05:09	7.23	--	3	2169	买盘
14:05:06	7.23	--	10	7230	买盘
14:05:00	7.23	--	10	7230	买盘
14:04:57	7.23	--	263	190611	卖盘
14:04:54	7.23	--	10	7230	卖盘
14:04:51	7.23	--	36	26028	卖盘
14:04:48	7.23	-0.01	102	73746	卖盘
14:04:45	7.24	--	29	20996	买盘
14:04:39	7.24	0.01	57	41268	买盘
14:04:36	7.23	--	5	3615	卖盘
14:04:30	7.23	--	2	1446	卖盘
14:04:24	7.23	--	30	21690	卖盘
14:04:21	7.23	-0.01	18	13014	卖盘
14:04:15	7.24	0.01	22	15928	买盘
14:04:12	7.23	-0.01	18	13014	卖盘
14:04:09	7.24	0.01	3	2172	买盘
14:04:03	7.23	--	15	10845	卖盘
14:03:57	7.23	-0.01	4	2892	卖盘
14:03:54	7.24	--	31	22444	买盘
14:03:51	7.24	0.01	19	13756	买盘
14:03:45	7.23	--	12	8676	卖盘
14:03:42	7.23	-0.01	19	13737	卖盘
14:03:39	7.24	0.01	79	57196	买盘
14:03:36	7.23	--	175	126525	卖盘
14:03:24	7.23	--	683	493809	卖盘
14:03:21	7.23	--	0	260	卖盘
14:03:18	7.23	-0.01	200	144600	卖盘
14:03:15	7.24	--	11	7964	买盘
14:03:12	7.24	--	128	92672	买盘
14:03:09	7.24	0.01	16	11584	买盘
14:03:06	7.23	--	172	124356	卖盘
14:02:54	7.23	--	79	57117	卖盘
14:02:48	7.23	--	23	16629	卖盘
14:02:42	7.23	-0.01	10	7230	卖盘
14:02:39	7.24	--	57	41268	买盘
14:02:21	7.24	--	20	14480	买盘
14:02:15	7.24	--	55	39820	买盘
14:02:12	7.24	--	135	97740	买盘
14:02:09	7.24	--	3	2172	买盘
14:02:06	7.24	--	440	318560	卖盘
14:02:03	7.24	--	137	99188	卖盘
14:02:00	7.24	--	36	26064	卖盘
14:01:57	7.24	--	105	76020	卖盘
14:01:54	7.24	--	124	89776	卖盘
14:01:48	7.24	--	60	43440	卖盘
14:01:45	7.24	--	433	313492	卖盘
14:01:39	7.24	--	79	57196	卖盘
14:01:33	7.24	--	25	18100	卖盘
14:01:30	7.24	--	35	25340	卖盘
14:01:24	7.24	--	57	41268	卖盘
14:01:21	7.24	-0.01	823	595852	卖盘
14:01:15	7.25	0.01	22	15950	买盘
14:01:12	7.24	--	9	6516	卖盘
14:01:09	7.24	-0.01	210	152040	卖盘
14:01:06	7.25	--	50	36250	买盘
14:01:00	7.25	--	51	36975	买盘
14:00:54	7.25	--	21	15225	买盘
14:00:48	7.25	--	16	11600	买盘
14:00:42	7.25	--	4	2900	买盘
14:00:39	7.25	--	19	13775	买盘
14:00:36	7.25	--	57	41325	买盘
14:00:30	7.25	--	100	72500	买盘
14:00:21	7.25	--	150	108750	买盘
14:00:18	7.25	--	27	19575	买盘
14:00:15	7.25	--	11	7975	买盘
14:00:12	7.25	--	4	2900	买盘
14:00:09	7.25	0.01	44	31900	买盘
14:00:06	7.24	-0.01	5	3620	卖盘
14:00:03	7.25	0.01	58	42050	买盘
14:00:00	7.24	--	10	7240	卖盘
13:59:54	7.24	-0.01	10	7240	卖盘
13:59:51	7.25	--	33	23925	买盘
13:59:48	7.25	--	4	2900	买盘
13:59:45	7.25	--	20	14500	买盘
13:59:36	7.25	--	98	71050	买盘
13:59:30	7.25	0.01	150	108750	买盘
13:59:15	7.24	-0.01	142	102808	卖盘
13:59:12	7.25	--	8	5800	买盘
13:59:09	7.25	0.01	9	6525	买盘
13:58:51	7.24	--	5	3620	卖盘
13:58:48	7.24	--	27	19548	卖盘
13:58:39	7.24	-0.01	4	2896	卖盘
13:58:36	7.25	--	57	41325	买盘
13:58:18	7.25	--	259	187775	买盘
13:58:15	7.25	--	11	7975	买盘
13:58:12	7.25	--	4	2900	买盘
13:58:09	7.25	--	76	55100	买盘
13:58:06	7.25	--	20	14500	买盘
13:58:00	7.25	0.01	50	36250	买盘
13:57:54	7.24	-0.01	6	4344	卖盘
13:57:42	7.25	0.01	3	2175	买盘
13:57:39	7.24	-0.01	200	144800	卖盘
13:57:36	7.25	0.01	57	41325	买盘
13:57:27	7.24	-0.01	4	2896	卖盘
13:57:24	7.25	--	657	476325	买盘
13:57:18	7.25	--	896	649600	买盘
13:57:15	7.25	--	25	18125	买盘
13:57:12	7.25	--	77	55825	买盘
13:57:06	7.25	0.01	35	25375	买盘
13:57:00	7.24	--	10	7240	卖盘
13:56:57	7.24	--	30	21720	卖盘
13:56:54	7.24	-0.01	20	14480	卖盘
13:56:51	7.25	--	5	3625	买盘
13:56:48	7.25	--	9	6525	买盘
13:56:45	7.25	0.01	22	15950	买盘
13:56:39	7.24	-0.01	7	5068	卖盘
13:56:36	7.25	--	57	41325	买盘
13:56:30	7.25	0.01	500	362500	买盘
13:56:27	7.24	-0.01	13	9412	卖盘
13:56:12	7.25	--	33	23925	买盘
13:56:09	7.25	--	24	17400	买盘
13:56:00	7.25	--	440	319000	买盘
13:55:51	7.25	--	15	10875	买盘
13:55:48	7.25	--	10	7250	买盘
13:55:45	7.25	--	2	1450	买盘
13:55:42	7.25	--	3	2175	买盘
13:55:36	7.25	--	57	41325	买盘
13:55:30	7.25	--	204	147900	买盘
13:55:24	7.25	0.01	2	1450	买盘
13:55:18	7.24	-0.01	50	36200	卖盘
13:55:12	7.25	--	8	5800	买盘
13:55:09	7.25	--	25	18125	买盘
13:55:06	7.25	0.01	22	15950	买盘
13:55:03	7.24	--	61	44164	卖盘
13:54:54	7.24	--	3	2172	卖盘
13:54:51	7.24	--	89	64436	卖盘
13:54:42	7.24	-0.01	23	16652	卖盘
13:54:39	7.25	--	13	9425	买盘
13:54:36	7.25	0.01	57	41325	买盘
13:54:33	7.24	-0.01	3	2172	卖盘
13:54:30	7.25	0.01	19	13775	买盘
13:54:24	7.24	--	13	9412	卖盘
13:54:21	7.24	--	25	18100	卖盘
13:54:15	7.24	-0.01	47	34028	卖盘
13:54:12	7.25	--	8	5800	买盘
13:54:09	7.25	0.01	17	12325	买盘
13:54:06	7.24	--	955	691420	卖盘
13:54:00	7.24	--	106	76744	卖盘
13:53:54	7.24	--	20	14480	卖盘
13:53:39	7.24	-0.01	3	2172	卖盘
13:53:36	7.25	0.01	107	77575	买盘
13:53:33	7.24	--	146	105704	卖盘
13:53:24	7.24	--	37	26788	卖盘
13:53:15	7.24	-0.01	98	70952	卖盘
13:53:12	7.25	--	4	2900	买盘
13:53:09	7.25	0.01	68	49300	买盘
13:53:03	7.24	-0.01	63	45612	卖盘
13:53:00	7.25	0.01	30	21750	买盘
13:52:57	7.24	--	6	4344	卖盘
13:52:54	7.24	-0.01	3	2172	卖盘
13:52:51	7.25	0.01	3	2175	买盘
13:52:48	7.24	-0.01	10	7240	卖盘
13:52:45	7.25	0.01	150	108750	买盘
13:52:36	7.24	-0.01	60	43440	卖盘
13:52:27	7.25	0.01	120	87000	买盘
13:52:21	7.24	-0.01	1	724	卖盘
13:52:15	7.25	--	30	21750	买盘
13:52:12	7.25	--	31	22475	买盘
13:52:09	7.25	--	17	12325	买盘
13:52:06	7.25	0.01	28	20300	买盘
13:52:03	7.24	--	123	89052	卖盘
13:51:57	7.24	--	28	20272	卖盘
13:51:51	7.24	-0.01	10	7240	卖盘
13:51:45	7.25	--	381	276225	买盘
13:51:39	7.25	--	15	10875	买盘
13:51:36	7.25	--	57	41325	买盘
13:51:33	7.25	0.01	87	63075	买盘
13:51:30	7.24	-0.01	50	36200	卖盘
13:51:27	7.25	--	5	3625	买盘
13:51:24	7.25	0.01	135	97875	买盘
13:51:21	7.24	-0.01	10	7240	卖盘
13:51:18	7.25	--	50	36250	买盘
13:51:15	7.25	--	20	14500	买盘
13:51:12	7.25	--	15	10875	买盘
13:51:09	7.25	--	191	138475	买盘
13:50:48	7.25	0.01	5	3625	买盘
13:50:42	7.24	-0.01	20	14480	卖盘
13:50:36	7.25	--	57	41325	买盘
13:50:33	7.25	--	186	134850	买盘
13:50:30	7.25	--	69	50025	买盘
13:50:27	7.25	0.01	30	21750	买盘
13:50:24	7.24	-0.01	10	7240	卖盘
13:50:21	7.25	0.01	30	21750	买盘
13:50:18	7.24	--	19	13756	卖盘
13:50:15	7.24	-0.01	167	120908	卖盘
13:50:12	7.25	--	69	50025	买盘
13:50:09	7.25	0.01	210	152250	买盘
13:50:06	7.24	-0.01	100	72400	卖盘
13:50:03	7.25	0.01	13	9425	买盘
13:50:00	7.24	-0.01	23	16652	卖盘
13:49:51	7.25	--	6	4350	买盘
13:49:48	7.25	--	3	2175	买盘
13:49:45	7.25	--	10	7250	买盘
13:49:33	7.25	--	4	2900	买盘
13:49:27	7.25	--	218	158050	买盘
13:49:21	7.25	--	20	14500	买盘
13:49:18	7.25	--	50	36250	买盘
13:49:15	7.25	--	22	15950	买盘
13:49:12	7.25	--	18	13050	买盘
13:49:09	7.25	--	3	2175	买盘
13:49:06	7.25	--	7	5075	买盘
13:49:03	7.25	--	67	48575	买盘
13:48:57	7.25	--	79	57275	买盘
13:48:54	7.25	--	39	28275	买盘
13:48:51	7.25	--	287	208075	卖盘
13:48:48	7.25	--	200	145000	卖盘
13:48:45	7.25	--	15	10875	卖盘
13:48:42	7.25	--	16	11600	卖盘
13:48:39	7.25	--	10	7250	卖盘
13:48:36	7.25	--	86	62350	卖盘
13:48:33	7.25	-0.01	25	18125	卖盘
13:48:30	7.26	0.01	132	95832	买盘
13:48:24	7.25	--	14	10150	卖盘
13:48:21	7.25	--	7	5075	卖盘
13:48:15	7.25	-0.01	30	21750	卖盘
13:48:12	7.26	0.01	20	14520	买盘
13:48:09	7.25	--	45	32625	卖盘
13:48:06	7.25	--	35	25375	卖盘
13:48:03	7.25	--	69	50025	卖盘
13:47:57	7.25	-0.01	206	149350	卖盘
13:47:54	7.26	--	30	21780	买盘
13:47:48	7.26	0.01	34	24684	买盘
13:47:45	7.25	--	20	14500	卖盘
13:47:42	7.25	-0.01	24	17400	卖盘
13:47:36	7.26	--	5	3630	买盘
13:47:33	7.26	--	5	3630	买盘
13:47:24	7.26	0.01	6	4356	买盘
13:47:21	7.25	-0.01	48	34800	卖盘
13:47:18	7.26	0.01	6	4356	买盘
13:47:15	7.25	-0.01	25	18125	卖盘
13:47:12	7.26	--	15	10890	买盘
13:47:09	7.26	0.01	6	4356	买盘
13:47:03	7.25	0.01	67	48575	买盘
13:47:00	7.24	-0.01	4	2896	卖盘
13:46:54	7.25	--	60	43500	买盘
13:46:51	7.25	0.01	503	364675	买盘
13:46:48	7.24	-0.01	20	14480	卖盘
13:46:39	7.25	0.01	2207	1600075	买盘
13:46:36	7.24	--	6	4344	卖盘
13:46:30	7.24	-0.01	11	7964	卖盘
13:46:27	7.25	--	7	5075	买盘
13:46:21	7.25	0.01	83	60175	买盘
13:46:15	7.24	-0.01	4	2896	卖盘
13:46:12	7.25	--	26	18850	买盘
13:46:09	7.25	--	3	2175	买盘
13:46:03	7.25	--	3	2175	买盘
13:45:54	7.25	--	18	13050	买盘
13:45:48	7.25	--	9	6525	买盘
13:45:42	7.25	--	172	124700	买盘
13:45:24	7.25	0.01	5	3625	买盘
13:45:18	7.24	--	408	295392	卖盘
13:45:15	7.24	--	83	60092	买盘
13:45:12	7.24	-0.01	46	33304	卖盘
13:45:09	7.25	0.01	3	2175	买盘
13:45:06	7.24	--	20	14480	卖盘
13:44:51	7.24	--	15	10860	买盘
13:44:48	7.24	--	20	14480	买盘
13:44:45	7.24	--	57	41268	买盘
13:44:42	7.24	--	22	15928	买盘
13:44:30	7.24	--	9	6516	买盘
13:44:24	7.24	--	420	304080	买盘
13:44:18	7.24	--	50	36200	买盘
13:44:15	7.24	--	51	36924	买盘
13:44:12	7.24	--	15	10860	买盘
13:44:09	7.24	--	26	18824	买盘
13:44:06	7.24	0.01	40	28960	买盘
13:44:00	7.23	--	100	72300	卖盘
13:43:48	7.23	--	188	135924	卖盘
13:43:45	7.23	-0.01	30	21690	卖盘
13:43:42	7.24	0.01	36	26064	买盘
13:43:39	7.23	-0.01	4	2892	卖盘
13:43:36	7.24	0.01	200	144800	买盘
13:43:33	7.23	-0.01	74	53502	卖盘
13:43:24	7.24	--	67	48508	买盘
13:43:21	7.24	--	3	2172	买盘
13:43:18	7.24	0.01	24	17376	买盘
13:43:15	7.23	-0.01	21	15183	卖盘
13:43:12	7.24	--	4	2896	买盘
13:43:09	7.24	--	3	2172	买盘
13:43:03	7.24	--	1	724	买盘
13:43:00	7.24	0.01	13	9412	买盘
13:42:57	7.23	-0.01	3	2169	卖盘
13:42:54	7.24	0.01	19	13756	买盘
13:42:48	7.23	-0.01	4	2892	卖盘
13:42:45	7.24	-0.01	131	94844	卖盘
13:42:42	7.25	0.01	22	15950	买盘
13:42:36	7.24	--	562	406888	卖盘
13:42:33	7.24	--	5	3620	卖盘
13:42:30	7.24	--	3	2172	卖盘
13:42:27	7.24	--	152	110048	卖盘
13:42:24	7.24	--	38	27512	卖盘
13:42:15	7.24	-0.01	237	171588	卖盘
13:42:12	7.25	0.01	15	10875	买盘
13:42:09	7.24	--	42	30408	卖盘
13:42:00	7.24	-0.01	3	2172	卖盘
13:41:57	7.25	0.01	32	23200	买盘
13:41:51	7.24	-0.01	50	36200	卖盘
13:41:48	7.25	--	26	18850	买盘
13:41:42	7.25	--	22	15950	买盘
13:41:33	7.25	--	125	90625	买盘
13:41:27	7.25	--	10	7250	买盘
13:41:24	7.25	0.01	2	1450	买盘
13:41:18	7.24	-0.01	15	10860	卖盘
13:41:12	7.25	0.01	58	42050	买盘
13:41:09	7.24	-0.01	5	3620	卖盘
13:40:57	7.25	0.01	5	3625	买盘
13:40:54	7.24	--	33	23892	卖盘
13:40:42	7.24	--	27	19548	卖盘
13:40:36	7.24	--	10	7240	卖盘
13:40:30	7.24	--	50	36200	卖盘
13:40:24	7.24	--	105	76020	卖盘
13:40:18	7.24	--	11	7964	卖盘
13:40:15	7.24	-0.01	13	9412	卖盘
13:40:12	7.25	--	45	32625	买盘
13:40:09	7.25	--	16	11600	买盘
13:39:48	7.25	--	5	3625	买盘
13:39:42	7.25	--	22	15950	买盘
13:39:39	7.25	0.01	34	24650	买盘
13:39:36	7.24	--	10	7240	卖盘
13:39:33	7.24	--	26	18824	卖盘
13:39:30	7.24	-0.01	5	3620	卖盘
13:39:27	7.25	0.01	5	3625	买盘
13:39:24	7.24	--	100	72400	卖盘
13:39:21	7.24	--	20	14480	卖盘
13:39:18	7.24	-0.01	5	3620	卖盘
13:39:12	7.25	--	27	19575	买盘
13:39:09	7.25	0.01	6	4350	买盘
13:39:06	7.24	--	35	25340	卖盘
13:39:00	7.24	-0.01	57	41268	卖盘
13:38:45	7.25	0.01	20	14500	买盘
13:38:42	7.24	-0.01	53	38372	卖盘
13:38:36	7.25	--	49	35525	买盘
13:38:33	7.25	0.01	501	363225	买盘
13:38:30	7.24	-0.01	34	24616	卖盘
13:38:27	7.25	--	1	725	买盘
13:38:18	7.25	--	22	15950	买盘
13:38:12	7.25	--	48	34800	买盘
13:38:09	7.25	--	16	11600	买盘
13:38:06	7.25	--	120	87000	买盘
13:38:03	7.25	--	20	14500	买盘
13:38:00	7.25	--	72	52200	买盘
13:37:57	7.25	--	100	72500	买盘
13:37:54	7.25	--	44	31900	买盘
13:37:51	7.25	--	7	5075	买盘
13:37:48	7.25	--	26	18850	买盘
13:37:45	7.25	--	9	6525	买盘
13:37:42	7.25	--	67	48575	卖盘
13:37:39	7.25	--	175	126875	买盘
13:37:36	7.25	--	78	56550	卖盘
13:37:30	7.25	--	267	193575	卖盘
13:37:24	7.25	--	200	145000	卖盘
13:37:21	7.25	-0.01	191	138475	卖盘
13:37:18	7.26	0.01	323	234498	买盘
13:37:15	7.25	-0.01	13	9425	卖盘
13:37:12	7.26	--	211	153186	买盘
13:37:09	7.26	0.01	6	4356	买盘
13:37:06	7.25	-0.01	120	87000	卖盘
13:36:57	7.26	--	30	21780	买盘
13:36:54	7.26	--	29	21054	买盘
13:36:51	7.26	--	67	48642	买盘
13:36:48	7.26	--	69	50094	买盘
13:36:45	7.26	--	49	35574	买盘
13:36:42	7.26	--	63	45738	买盘
13:36:39	7.26	--	70	50820	买盘
13:36:36	7.26	0.01	56	40656	买盘
13:36:33	7.25	-0.01	31	22475	卖盘
13:36:30	7.26	--	45	32670	买盘
13:36:27	7.26	--	108	78408	买盘
13:36:24	7.26	--	24	17424	买盘
13:36:21	7.26	0.01	163	118338	买盘
13:36:18	7.25	--	22	15950	卖盘
13:36:15	7.25	-0.01	50	36250	卖盘
13:36:12	7.26	--	115	83490	买盘
13:36:09	7.26	--	131	95106	买盘
13:36:06	7.26	--	2	1452	买盘
13:36:03	7.26	0.01	327	237402	买盘
13:36:00	7.25	-0.01	50	36250	卖盘
13:35:57	7.26	--	8	5808	买盘
13:35:54	7.26	--	36	26136	买盘
13:35:48	7.26	0.01	6	4356	买盘
13:35:45	7.25	-0.01	5	3625	卖盘
13:35:42	7.26	0.01	207	150282	买盘
13:35:39	7.25	--	10	7250	卖盘
13:35:36	7.25	-0.01	50	36250	卖盘
13:35:33	7.26	0.01	30	21780	买盘
13:35:30	7.25	--	14	10150	卖盘
13:35:27	7.25	--	1069	775025	买盘
13:35:21	7.25	--	224	162400	买盘
13:35:18	7.25	--	355	257375	买盘
13:35:15	7.25	--	291	210975	买盘
13:35:12	7.25	--	75	54375	买盘
13:35:09	7.25	--	337	244325	买盘
13:35:06	7.25	--	673	487925	买盘
13:35:03	7.25	--	30	21750	买盘
13:35:00	7.25	0.01	61	44225	买盘
13:34:57	7.24	-0.01	224	162176	卖盘
13:34:54	7.25	0.01	166	120350	买盘
13:34:51	7.24	-0.01	50	36200	卖盘
13:34:48	7.25	0.01	13	9425	买盘
13:34:42	7.24	-0.01	82	59368	卖盘
13:34:39	7.25	--	309	224025	买盘
13:34:36	7.25	--	150	108750	买盘
13:34:33	7.25	0.01	178	129050	买盘
13:34:30	7.24	--	135	97740	卖盘
13:34:27	7.24	--	35	25340	卖盘
13:34:18	7.24	--	31	22444	卖盘
13:34:15	7.24	--	2140	1549360	买盘
13:34:12	7.24	--	45	32580	买盘
13:34:09	7.24	0.01	28	20272	买盘
13:34:06	7.23	-0.01	28	20244	卖盘
13:34:00	7.24	0.01	39	28236	买盘
13:33:57	7.23	-0.01	105	75915	卖盘
13:33:42	7.24	0.01	22	15928	买盘
13:33:36	7.23	--	27	19521	卖盘
13:33:21	7.23	--	20	14460	卖盘
13:33:18	7.23	-0.01	50	36150	卖盘
13:33:15	7.24	--	8	5792	买盘
13:33:12	7.24	--	11	7964	买盘
13:33:09	7.24	0.01	3	2172	买盘
13:33:03	7.23	--	1	723	卖盘
13:33:00	7.23	--	47	33981	买盘
13:32:57	7.23	--	150	108450	买盘
13:32:51	7.23	--	33	23859	买盘
13:32:42	7.23	--	22	15906	买盘
13:32:36	7.23	--	180	130140	买盘
13:32:27	7.23	--	11	7953	买盘
13:32:24	7.23	--	30	21690	买盘
13:32:15	7.23	--	137	99051	买盘
13:32:09	7.23	0.01	6	4338	买盘
13:32:06	7.22	-0.01	49	35378	卖盘
13:32:03	7.23	--	12	8676	买盘
13:32:00	7.23	--	30	21690	买盘
13:31:57	7.23	--	6	4338	买盘
13:31:45	7.23	--	78	56394	买盘
13:31:42	7.23	0.01	33	23859	买盘
13:31:39	7.22	-0.01	59	42598	卖盘
13:31:30	7.23	--	9	6507	买盘
13:31:27	7.23	0.01	60	43380	买盘
13:31:24	7.22	-0.01	10	7220	卖盘
13:31:21	7.23	--	10	7230	买盘
13:31:15	7.23	--	19	13737	买盘
13:31:12	7.23	--	12	8676	买盘
13:31:09	7.23	--	7	5061	买盘
13:31:06	7.23	--	17	12291	买盘
13:30:57	7.23	0.01	15	10845	买盘
13:30:54	7.22	-0.01	6	4332	卖盘
13:30:51	7.23	0.01	13	9399	买盘
13:30:45	7.22	-0.01	44	31768	卖盘
13:30:42	7.23	--	22	15906	买盘
13:30:39	7.23	0.01	31	22413	买盘
13:30:36	7.22	-0.01	68	49096	卖盘
13:30:33	7.23	--	100	72300	买盘
13:30:24	7.23	0.01	29	20967	买盘
13:30:15	7.22	-0.01	4	2888	卖盘
13:30:12	7.23	--	30	21690	买盘
13:30:09	7.23	0.01	78	56394	买盘
13:30:06	7.22	-0.01	5	3610	卖盘
13:30:00	7.23	--	100	72300	买盘
13:29:54	7.23	0.01	500	361500	买盘
13:29:48	7.22	--	185	133570	卖盘
13:29:45	7.22	-0.01	1	722	卖盘
13:29:42	7.23	0.01	254	184328	买盘
13:29:33	7.22	--	55	39710	买盘
13:29:24	7.22	--	2	1444	买盘
13:29:18	7.22	--	18	12996	买盘
13:29:15	7.22	--	13	9386	买盘
13:29:12	7.22	--	1	722	买盘
13:29:09	7.22	--	3	2166	买盘
13:28:51	7.22	-0.01	61	44042	卖盘
13:28:45	7.23	--	10	7230	买盘
13:28:42	7.23	--	22	15906	买盘
13:28:39	7.23	0.01	10	7230	买盘
13:28:36	7.22	--	100	72200	卖盘
13:28:33	7.22	-0.01	26	18772	卖盘
13:28:30	7.23	0.01	20	14460	买盘
13:28:27	7.22	--	379	273638	卖盘
13:28:18	7.22	-0.01	3	2166	卖盘
13:28:15	7.23	--	7	5061	买盘
13:28:12	7.23	0.01	25	18075	买盘
13:28:09	7.22	-0.01	26	18772	卖盘
13:28:06	7.23	0.01	10	7230	买盘
13:28:03	7.22	-0.01	15	10830	卖盘
13:28:00	7.23	0.01	51	36873	买盘
13:27:57	7.22	-0.01	134	96748	卖盘
13:27:51	7.23	0.01	5	3615	买盘
13:27:48	7.22	-0.01	55	39710	卖盘
13:27:42	7.23	0.01	22	15906	买盘
13:27:39	7.22	--	18	12996	卖盘
13:27:36	7.22	--	2	1444	卖盘
13:27:33	7.22	--	10	7220	卖盘
13:27:24	7.22	-0.01	52	37544	卖盘
13:27:21	7.23	0.01	123	88929	买盘
13:27:18	7.22	-0.01	52	37544	卖盘
13:27:15	7.23	--	10	7230	买盘
13:27:12	7.23	--	30	21690	买盘
13:27:09	7.23	0.01	14	10122	买盘
13:27:06	7.22	--	19	13718	卖盘
13:27:03	7.22	--	37	26714	买盘
13:27:00	7.22	-0.01	29	20938	卖盘
13:26:57	7.23	--	86	62178	买盘
13:26:54	7.23	0.01	5	3615	买盘
13:26:48	7.22	-0.01	207	149454	卖盘
13:26:45	7.23	--	40	28920	买盘
13:26:42	7.23	0.01	80	57840	买盘
13:26:33	7.22	--	4	2888	卖盘
13:26:27	7.22	-0.01	7	5054	卖盘
13:26:24	7.23	0.01	12	8676	买盘
13:26:18	7.22	--	1017	734274	买盘
13:26:15	7.22	--	10	7220	买盘
13:26:12	7.22	--	15	10830	买盘
13:26:09	7.22	0.01	6	4332	买盘
13:26:03	7.21	-0.01	10	7210	卖盘
13:25:57	7.22	0.01	54	38988	买盘
13:25:54	7.21	--	50	36050	卖盘
13:25:51	7.21	-0.01	105	75705	卖盘
13:25:45	7.22	0.01	3	2166	买盘
13:25:42	7.21	-0.01	211	152131	卖盘
13:25:33	7.22	--	114	82308	买盘
13:25:27	7.22	0.01	61	44042	买盘
13:25:18	7.21	-0.01	50	36050	卖盘
13:25:15	7.22	--	97	70034	买盘
13:25:12	7.22	--	19	13718	买盘
13:25:09	7.22	--	3	2166	买盘
13:25:03	7.22	0.01	9	6498	买盘
13:25:00	7.21	-0.01	3	2163	卖盘
13:24:57	7.22	--	151	109022	买盘
13:24:54	7.22	--	47	33934	买盘
13:24:51	7.22	--	15	10830	买盘
13:24:45	7.22	0.01	100	72200	买盘
13:24:39	7.21	-0.01	1	721	卖盘
13:24:27	7.22	--	101	72922	买盘
13:24:12	7.22	--	41	29602	买盘
13:24:09	7.22	0.01	13	9386	买盘
13:23:57	7.21	-0.01	73	52633	卖盘
13:23:54	7.22	--	2	1444	买盘
13:23:51	7.22	0.01	120	86640	买盘
13:23:36	7.21	--	30	21630	卖盘
13:23:33	7.21	-0.01	15	10815	卖盘
13:23:27	7.22	0.01	61	44042	买盘
13:23:24	7.21	--	22	15862	卖盘
13:23:21	7.21	-0.01	7	5047	卖盘
13:23:12	7.22	--	22	15884	买盘
13:23:09	7.22	--	61	44042	买盘
13:23:06	7.22	--	26	18772	买盘
13:22:57	7.22	--	51	36822	买盘
13:22:54	7.22	--	60	43320	买盘
13:22:51	7.22	0.01	8	5776	买盘
13:22:42	7.21	-0.01	9	6489	卖盘
13:22:36	7.22	0.01	10	7220	买盘
13:22:33	7.21	-0.01	112	81155	卖盘
13:22:27	7.22	--	3	2166	买盘
13:22:18	7.22	0.01	1	722	买盘
13:22:15	7.21	-0.01	80	57680	卖盘
13:22:12	7.22	--	16	11552	买盘
13:22:09	7.22	0.01	3	2166	买盘
13:21:57	7.21	--	4	2884	卖盘
13:21:48	7.21	--	7	5047	卖盘
13:21:39	7.21	-0.01	1	721	卖盘
13:21:36	7.22	0.01	16	11552	买盘
13:21:27	7.21	--	20	14420	卖盘
13:21:24	7.21	--	30	21630	卖盘
13:21:18	7.21	--	272	196112	买盘
13:21:15	7.21	--	51	36771	买盘
13:21:12	7.21	--	13	9373	买盘
13:21:09	7.21	--	3	2163	买盘
13:21:06	7.21	--	50	36050	买盘
13:20:57	7.21	--	6	4326	买盘
13:20:54	7.21	--	4	2884	卖盘
13:20:51	7.21	--	100	72100	卖盘
13:20:48	7.21	--	4	2884	卖盘
13:20:36	7.21	--	43	31003	卖盘
13:20:18	7.21	-0.01	57	41097	卖盘
13:20:12	7.22	--	15	10830	买盘
13:20:09	7.22	0.01	3	2166	买盘
13:20:00	7.21	-0.01	10	7210	卖盘
13:19:54	7.22	0.01	5	3610	买盘
13:19:45	7.21	--	12	8652	卖盘
13:19:42	7.21	--	26	18746	买盘
13:19:39	7.21	--	92	66332	卖盘
13:19:36	7.21	--	2	1442	卖盘
13:19:30	7.21	--	37	26677	卖盘
13:19:27	7.21	--	85	61285	卖盘
13:19:21	7.21	--	20	14420	卖盘
13:19:18	7.21	--	6	4326	卖盘
13:19:12	7.21	--	12	8652	买盘
13:19:09	7.21	0.01	6	4326	买盘
13:19:06	7.2	--	1	720	卖盘
13:18:57	7.2	-0.01	441	317520	卖盘
13:18:54	7.21	--	4	2884	卖盘
13:18:51	7.21	--	220	158620	买盘
13:18:45	7.21	--	8	5768	买盘
13:18:42	7.21	--	20	14420	买盘
13:18:36	7.21	--	5	3605	买盘
13:18:33	7.21	--	135	97335	卖盘
13:18:30	7.21	--	100	72100	卖盘
13:18:21	7.21	-0.01	50	36050	卖盘
13:18:18	7.22	--	11	7942	买盘
13:18:15	7.22	--	20	14440	买盘
13:18:12	7.22	0.01	15	10830	买盘
13:18:00	7.21	-0.01	3	2163	卖盘
13:17:51	7.22	0.01	1	722	买盘
13:17:45	7.21	--	268	193228	卖盘
13:17:39	7.21	--	100	72100	卖盘
13:17:27	7.21	-0.01	32	23072	卖盘
13:17:12	7.22	0.01	15	10830	买盘
13:17:09	7.21	--	11	7931	卖盘
13:17:06	7.21	--	12	8652	卖盘
13:17:03	7.21	--	13	9373	买盘
13:17:00	7.21	--	10	7210	买盘
13:16:57	7.21	--	111	80031	买盘
13:16:54	7.21	--	100	72100	买盘
13:16:33	7.21	--	8	5768	买盘
13:16:21	7.21	--	33	23793	买盘
13:16:18	7.21	--	100	72100	买盘
13:16:12	7.21	--	4	2884	买盘
13:16:09	7.21	--	3	2163	买盘
13:16:06	7.21	--	61	43981	买盘
13:16:00	7.21	--	2	1442	买盘
13:15:57	7.21	--	30	21630	买盘
13:15:54	7.21	--	43	31003	买盘
13:15:51	7.21	--	90	64890	买盘
13:15:33	7.21	--	106	76426	买盘
13:15:30	7.21	0.01	107	77147	买盘
13:15:21	7.2	-0.01	25	18000	卖盘
13:15:18	7.21	--	133	95893	买盘
13:15:15	7.21	0.01	4	2884	买盘
13:15:12	7.2	-0.01	24	17280	卖盘
13:14:54	7.21	--	36	25956	买盘
13:14:51	7.21	--	38	27398	买盘
13:14:48	7.21	--	20	14420	买盘
13:14:42	7.21	0.01	45	32445	买盘
13:14:39	7.2	-0.01	110	79200	卖盘
13:14:36	7.21	--	10	7210	买盘
13:14:33	7.21	0.01	411	296331	买盘
13:14:27	7.2	-0.01	109	78480	卖盘
13:14:24	7.21	--	20	14420	买盘
13:14:12	7.21	--	21	15141	买盘
13:14:09	7.21	--	40	28840	买盘
13:14:06	7.21	--	26	18746	买盘
13:14:03	7.21	0.01	75	54075	买盘
13:14:00	7.2	--	200	144000	卖盘
13:13:48	7.2	-0.01	16	11520	卖盘
13:13:45	7.21	0.01	110	79310	买盘
13:13:39	7.2	-0.01	5	3600	卖盘
13:13:33	7.21	--	20	14420	买盘
13:13:27	7.21	0.01	45	32445	买盘
13:13:18	7.2	--	3	2160	卖盘
13:13:15	7.2	-0.01	10	7200	卖盘
13:13:09	7.21	0.01	7	5047	买盘
13:13:00	7.2	--	100	72000	卖盘
13:12:57	7.2	-0.01	77	55440	卖盘
13:12:51	7.21	--	8	5768	买盘
13:12:42	7.21	0.01	1	721	买盘
13:12:36	7.2	--	71	51120	卖盘
13:12:30	7.2	--	1	720	卖盘
13:12:27	7.2	--	26	18720	卖盘
13:12:24	7.2	--	24	17467	买盘
13:12:21	7.2	--	45	32400	买盘
13:12:18	7.2	--	498	358560	买盘
13:12:15	7.2	--	4	2880	买盘
13:12:09	7.2	--	15	10800	买盘
13:12:06	7.2	--	109	78480	买盘
13:12:03	7.2	--	60	43200	买盘
13:12:00	7.2	--	79	56880	买盘
13:11:57	7.2	--	20	14400	买盘
13:11:54	7.2	--	10	7200	买盘
13:11:51	7.2	--	93	66960	买盘
13:11:48	7.2	--	170	122400	买盘
13:11:42	7.2	0.01	130	93600	买盘
13:11:39	7.19	-0.01	61	43859	卖盘
13:11:30	7.2	--	48	34560	买盘
13:11:27	7.2	0.01	20	14400	买盘
13:11:24	7.19	-0.01	15	10785	卖盘
13:11:18	7.2	0.01	30	21600	买盘
13:11:15	7.19	-0.01	54	38826	卖盘
13:11:12	7.2	--	40	28800	买盘
13:11:09	7.2	--	23	16560	买盘
13:11:03	7.2	--	7	5040	买盘
13:10:54	7.2	--	12	8640	买盘
13:10:51	7.2	--	108	77760	买盘
13:10:42	7.2	0.01	10	7200	买盘
13:10:36	7.19	-0.01	5	3595	卖盘
13:10:27	7.2	--	34	24480	买盘
13:10:24	7.2	0.01	50	36000	买盘
13:10:21	7.19	-0.01	3	2157	卖盘
13:10:18	7.2	--	50	36000	买盘
13:10:15	7.2	--	9	6480	买盘
13:10:12	7.2	--	21	15120	买盘
13:09:54	7.2	--	10	7200	买盘
13:09:48	7.2	0.01	23	16560	买盘
13:09:45	7.19	--	100	71900	卖盘
13:09:42	7.19	-0.01	48	34512	卖盘
13:09:39	7.2	--	103	74160	买盘
13:09:18	7.2	--	21	15120	买盘
13:09:12	7.2	0.01	24	17280	买盘
13:09:06	7.19	-0.01	10	7190	卖盘
13:09:00	7.2	0.01	1	720	买盘
13:08:57	7.19	-0.01	4	2876	卖盘
13:08:54	7.2	0.01	1	720	买盘
13:08:51	7.19	--	25	17975	卖盘
13:08:48	7.19	--	34	24446	卖盘
13:08:45	7.19	-0.01	1	719	卖盘
13:08:33	7.2	0.01	20	14400	买盘
13:08:21	7.19	-0.01	20	14380	卖盘
13:08:15	7.2	--	118	84960	买盘
13:08:09	7.2	0.01	4	2880	买盘
13:08:06	7.19	--	2	1438	卖盘
13:08:03	7.19	-0.01	10	7190	卖盘
13:08:00	7.2	0.01	4	2880	买盘
13:07:51	7.19	-0.01	29	20851	卖盘
13:07:48	7.2	--	5	3600	买盘
13:07:45	7.2	--	6	4320	买盘
13:07:39	7.2	--	20	14400	买盘
13:07:33	7.2	--	50	36000	买盘
13:07:24	7.2	0.01	16	11520	买盘
13:07:18	7.19	--	3	2157	卖盘
13:07:12	7.19	-0.01	10	7190	卖盘
13:07:09	7.2	0.01	104	74880	买盘
13:06:51	7.19	--	60	43140	卖盘
13:06:42	7.19	-0.01	24	17256	卖盘
13:06:39	7.2	0.01	8	5760	买盘
13:06:30	7.19	--	705	506895	卖盘
13:06:24	7.19	-0.01	30	21570	卖盘
13:06:21	7.2	--	7	5040	买盘
13:06:06	7.2	--	4	2880	买盘
13:06:03	7.2	0.01	50	36000	买盘
13:05:54	7.19	--	3	2157	卖盘
13:05:51	7.19	-0.01	37	26603	卖盘
13:05:42	7.2	0.01	20	14400	买盘
13:05:39	7.19	--	298	214262	买盘
13:05:36	7.19	--	101	72619	买盘
13:05:33	7.19	--	1	719	买盘
13:05:27	7.19	--	4	2876	买盘
13:05:24	7.19	--	43	30917	买盘
13:05:21	7.19	--	10	7190	买盘
13:05:18	7.19	--	19	13661	买盘
13:05:15	7.19	--	143	102817	买盘
13:05:12	7.19	-0.01	450	323550	卖盘
13:05:09	7.2	0.01	30	21600	买盘
13:05:03	7.19	--	1	719	卖盘
13:05:00	7.19	-0.01	20	14380	卖盘
13:04:57	7.2	--	373	268560	买盘
13:04:54	7.2	0.01	510	367200	买盘
13:04:51	7.19	-0.01	366	263154	卖盘
13:04:45	7.2	0.01	2	1440	买盘
13:04:33	7.19	--	64	46016	卖盘
13:04:30	7.19	-0.01	50	35950	卖盘
13:04:18	7.2	--	5	3600	买盘
13:04:12	7.2	--	11	7920	买盘
13:04:09	7.2	-0.01	75	54532	卖盘
13:04:06	7.21	--	3	2163	买盘
13:04:00	7.21	0.01	47	33887	买盘
13:03:57	7.2	--	419	301867	买盘
13:03:51	7.2	--	6	4852	卖盘
13:03:48	7.2	0.01	239	172080	卖盘
13:03:45	7.19	-0.01	1000	719000	卖盘
13:03:33	7.2	--	98	70560	买盘
13:03:24	7.2	--	10	7200	买盘
13:03:12	7.2	--	22	15840	买盘
13:03:09	7.2	--	895	644400	卖盘
13:03:03	7.2	--	20	14400	卖盘
13:03:00	7.2	-0.01	28	20160	卖盘
13:02:57	7.21	0.02	5	3605	买盘
13:02:51	7.19	-0.01	1000	719000	卖盘
13:02:36	7.2	0.01	17	12240	买盘
13:02:33	7.19	--	1000	719000	卖盘
13:02:21	7.19	-0.02	1000	719000	卖盘
13:02:15	7.21	--	118	85078	买盘
13:02:12	7.21	--	11	7931	买盘
13:02:09	7.21	0.01	4	2884	买盘
13:02:00	7.2	--	430	309787	买盘
13:01:51	7.2	--	32	23040	买盘
13:01:48	7.2	--	36	25920	买盘
13:01:45	7.2	0.01	400	288000	买盘
13:01:42	7.19	-0.01	162	116478	卖盘
13:01:36	7.2	--	9	6480	买盘
13:01:30	7.2	--	40	28800	买盘
13:01:27	7.2	--	63	45360	买盘
13:01:21	7.2	--	1	720	买盘
13:01:12	7.2	--	11	7920	买盘
13:01:09	7.2	--	4	2880	买盘
13:01:06	7.2	--	34	24480	买盘
13:01:03	7.2	-0.01	499	359280	卖盘
13:00:51	7.21	0.01	14	10094	买盘
13:00:45	7.2	--	128	92160	卖盘
13:00:27	7.2	-0.01	100	72000	卖盘
13:00:21	7.21	0.01	8	5768	买盘
13:00:18	7.2	--	10	7200	卖盘
13:00:15	7.2	-0.01	20	14400	卖盘
13:00:12	7.21	0.01	20	14420	买盘
13:00:09	7.2	--	983	707760	卖盘
13:00:06	7.2	--	765	550800	卖盘
13:00:03	7.2	--	0	0	卖盘
11:30:03	7.2	--	0	0	卖盘
11:29:45	7.2	--	10	7200	卖盘
11:29:36	7.2	-0.01	100	72000	卖盘
11:29:30	7.21	0.01	7	5047	买盘
11:29:21	7.2	-0.01	75	54000	卖盘
11:29:12	7.21	--	3	2163	买盘
11:29:09	7.21	0.01	4	2884	买盘
11:29:03	7.2	--	20	14400	卖盘
11:28:54	7.2	--	10	7200	卖盘
11:28:51	7.2	--	7	5040	卖盘
11:28:45	7.2	-0.01	50	36000	卖盘
11:28:33	7.21	0.01	3	2163	买盘
11:28:30	7.2	-0.01	57	41040	卖盘
11:28:24	7.21	0.01	50	36050	买盘
11:28:00	7.2	-0.01	243	174960	卖盘
11:27:54	7.21	0.01	480	346080	买盘
11:27:51	7.2	--	128	92160	卖盘
11:27:42	7.2	--	100	72000	卖盘
11:27:39	7.2	-0.01	164	118080	卖盘
11:27:36	7.21	0.01	8	5768	买盘
11:27:27	7.2	--	47	33840	卖盘
11:27:21	7.2	--	30	21600	卖盘
11:27:18	7.2	-0.01	2	1440	卖盘
11:27:15	7.21	--	50	36050	买盘
11:27:09	7.21	0.01	188	135548	买盘
11:27:06	7.2	-0.01	192	138240	卖盘
11:27:03	7.21	0.01	200	144200	买盘
11:26:54	7.2	--	965	694800	卖盘
11:26:51	7.2	--	3	2160	卖盘
11:26:45	7.2	--	60	43200	卖盘
11:26:36	7.2	--	168	120960	卖盘
11:26:33	7.2	--	20	14400	卖盘
11:26:30	7.2	-0.01	250	180000	卖盘
11:26:24	7.21	0.01	10	7210	买盘
11:26:21	7.2	--	1	720	卖盘
11:26:18	7.2	--	526	378720	卖盘
11:26:15	7.2	--	224	161280	卖盘
11:26:12	7.2	--	10	7200	卖盘
11:26:03	7.2	-0.01	58	41760	卖盘
11:26:00	7.21	0.01	1	721	买盘
11:25:57	7.2	--	107	77040	卖盘
11:25:54	7.2	--	260	187200	卖盘
11:25:51	7.2	--	512	368640	卖盘
11:25:45	7.2	--	671	483120	卖盘
11:25:42	7.2	-0.01	156	112320	卖盘
11:25:21	7.21	--	200	144200	买盘
11:25:15	7.21	--	15	10815	买盘
11:25:12	7.21	--	11	7931	买盘
11:25:09	7.21	--	4	2884	买盘
11:24:51	7.21	--	3	2163	买盘
11:24:45	7.21	--	2	1442	买盘
11:24:39	7.21	--	50	36050	买盘
11:24:21	7.21	--	50	36050	买盘
11:24:15	7.21	--	19	13699	买盘
11:24:12	7.21	--	11	7931	买盘
11:24:09	7.21	0.01	14	10094	买盘
11:24:06	7.2	-0.01	40	28800	卖盘
11:23:57	7.21	0.01	15	10815	买盘
11:23:48	7.2	-0.01	100	72000	卖盘
11:23:45	7.21	0.01	5	3605	买盘
11:23:33	7.2	-0.01	100	72000	卖盘
11:23:30	7.21	--	16	11536	买盘
11:23:18	7.21	--	6	4326	买盘
11:23:15	7.21	--	10	7210	买盘
11:23:09	7.21	--	23	16583	买盘
11:23:06	7.21	--	2	1442	买盘
11:23:03	7.21	0.01	50	36050	买盘
11:22:57	7.2	--	60	43200	卖盘
11:22:54	7.2	--	10	7200	卖盘
11:22:48	7.2	--	5	3600	卖盘
11:22:45	7.2	--	13	9360	卖盘
11:22:42	7.2	-0.01	20	14400	卖盘
11:22:39	7.21	0.01	400	288400	买盘
11:22:36	7.2	--	11	7920	卖盘
11:22:27	7.2	--	16	11520	卖盘
11:22:21	7.2	--	58	41760	卖盘
11:22:18	7.2	--	48	34560	卖盘
11:22:15	7.2	-0.01	108	77760	卖盘
11:22:12	7.21	0.01	49	35329	买盘
11:22:06	7.2	--	444	319680	卖盘
11:22:00	7.2	--	844	608256	买盘
11:21:57	7.2	0.01	13	9360	买盘
11:21:54	7.19	--	10	7190	卖盘
11:21:51	7.19	-0.01	15	10785	卖盘
11:21:48	7.2	--	141	101520	买盘
11:21:42	7.2	0.01	7	5040	买盘
11:21:36	7.19	--	50	35950	卖盘
11:21:33	7.19	-0.01	12	8628	卖盘
11:21:27	7.2	--	733	527760	卖盘
11:21:24	7.2	--	30	21600	卖盘
11:21:18	7.2	--	80	57600	卖盘
11:21:15	7.2	--	1333	959760	买盘
11:21:12	7.2	--	16	11520	买盘
11:21:09	7.2	0.01	1	720	买盘
11:21:06	7.19	--	13	9347	卖盘
11:21:00	7.19	--	53	38107	卖盘
11:20:54	7.19	--	10	7190	卖盘
11:20:51	7.19	--	64	46016	卖盘
11:20:48	7.19	--	13	9347	卖盘
11:20:30	7.19	-0.01	23	16537	卖盘
11:20:27	7.2	--	20	14400	买盘
11:20:24	7.2	--	1	720	买盘
11:20:21	7.2	--	405	291600	买盘
11:20:12	7.2	--	49	35280	买盘
11:20:09	7.2	--	19	13680	买盘
11:20:06	7.2	-0.01	179	128880	卖盘
11:20:00	7.21	0.01	3	2163	买盘
11:19:51	7.2	--	58	41760	卖盘
11:19:48	7.2	--	30	21600	卖盘
11:19:36	7.2	-0.01	15	10800	卖盘
11:19:33	7.21	0.01	4	2884	买盘
11:19:30	7.2	--	50	36000	卖盘
11:19:27	7.2	--	25	18000	卖盘
11:19:18	7.2	-0.01	11	7920	卖盘
11:19:15	7.21	--	773	557333	买盘
11:19:12	7.21	0.01	27	19467	买盘
11:19:09	7.2	-0.01	92	66240	卖盘
11:19:06	7.21	--	2	1442	买盘
11:19:03	7.21	0.01	19	13699	买盘
11:19:00	7.2	--	44	31680	卖盘
11:18:54	7.2	--	40	28800	卖盘
11:18:51	7.2	-0.01	40	28800	卖盘
11:18:48	7.21	0.01	2	1442	买盘
11:18:45	7.2	--	10	7200	卖盘
11:18:30	7.2	--	1	720	卖盘
11:18:24	7.2	--	98	70560	卖盘
11:18:21	7.2	--	1	720	卖盘
11:18:18	7.2	--	3	2160	卖盘
11:18:03	7.2	--	80	57600	卖盘
11:17:57	7.2	-0.01	13	9360	卖盘
11:17:51	7.21	--	10	7210	买盘
11:17:48	7.21	--	21	15141	买盘
11:17:42	7.21	0.01	152	109592	买盘
11:17:36	7.2	--	20	14400	卖盘
11:17:30	7.2	--	28	20160	卖盘
11:17:18	7.2	-0.01	20	14400	卖盘
11:17:15	7.21	0.01	40	28840	买盘
11:17:12	7.2	-0.01	32	23040	卖盘
11:17:09	7.21	--	10	7210	买盘
11:17:03	7.21	--	20	14420	买盘
11:16:54	7.21	--	50	36050	买盘
11:16:45	7.21	--	1095	789495	买盘
11:16:42	7.21	--	10	7210	买盘
11:16:39	7.21	--	20	14420	买盘
11:16:27	7.21	--	8	5768	买盘
11:16:24	7.21	0.01	5	3605	买盘
11:16:18	7.2	-0.01	3	2160	卖盘
11:16:15	7.21	--	11	7931	买盘
11:16:12	7.21	0.01	11	7931	买盘
11:16:09	7.2	--	20	14400	卖盘
11:16:03	7.2	-0.01	7	5040	卖盘
11:15:57	7.21	--	24	17304	买盘
11:15:54	7.21	0.01	21	15141	买盘
11:15:45	7.2	-0.01	38	27360	卖盘
11:15:39	7.21	--	65	46865	买盘
11:15:36	7.21	--	5	3605	买盘
11:15:33	7.21	--	1	721	买盘
11:15:30	7.21	--	50	36050	买盘
11:15:18	7.21	0.01	25	18025	买盘
11:15:06	7.2	-0.01	12	8640	卖盘
11:15:00	7.21	0.01	200	144200	买盘
11:14:57	7.2	--	10	7200	卖盘
11:14:54	7.2	--	10	7200	卖盘
11:14:48	7.2	--	5	3600	卖盘
11:14:33	7.2	--	104	74880	卖盘
11:14:24	7.2	-0.01	5	3600	卖盘
11:14:15	7.21	--	50	36050	买盘
11:14:12	7.21	--	15	11420	卖盘
11:14:09	7.21	0.01	6	4441	买盘
11:14:06	7.2	-0.01	1170	842400	卖盘
11:14:03	7.21	--	21	15141	买盘
11:13:57	7.21	--	12	8652	买盘
11:13:45	7.21	--	300	216300	买盘
11:13:39	7.21	--	87	62727	买盘
11:13:36	7.21	0.01	100	72100	买盘
11:13:33	7.2	-0.01	48	34560	卖盘
11:13:27	7.21	--	17	12257	买盘
11:13:24	7.21	--	15	10815	买盘
11:13:21	7.21	--	1	721	买盘
11:13:12	7.21	--	20	14420	买盘
11:12:57	7.21	--	136	98056	买盘
11:12:51	7.21	--	400	288400	买盘
11:12:48	7.21	--	29	20909	买盘
11:12:39	7.21	0.01	88	63448	买盘
11:12:36	7.2	-0.01	2	1440	卖盘
11:12:33	7.21	--	20	14420	买盘
11:12:30	7.21	--	2	1442	买盘
11:12:27	7.21	--	30	21630	买盘
11:12:21	7.21	--	1	721	买盘
11:12:15	7.21	--	16	11536	买盘
11:12:12	7.21	0.01	181	130501	买盘
11:12:09	7.2	--	15	10800	卖盘
11:12:06	7.2	-0.01	5	3600	卖盘
11:12:00	7.21	0.01	4	2884	买盘
11:11:57	7.2	0.01	11	7920	卖盘
11:11:54	7.19	-0.02	1022	734818	卖盘
11:11:39	7.21	0.01	88	63448	买盘
11:11:36	7.2	--	3	2160	买盘
11:11:33	7.2	--	97	69840	卖盘
11:11:30	7.2	-0.01	89	64080	卖盘
11:11:27	7.21	0.01	517	372757	买盘
11:11:21	7.2	-0.01	12	8640	卖盘
11:11:18	7.21	--	1	721	买盘
11:11:15	7.21	0.01	150	108150	买盘
11:11:12	7.2	-0.01	102	73440	卖盘
11:11:06	7.21	0.01	10	7210	买盘
11:11:03	7.2	--	97	69840	卖盘
11:11:00	7.2	--	40	28800	卖盘
11:10:54	7.2	--	25	18000	卖盘
11:10:45	7.2	-0.01	18	12960	卖盘
11:10:39	7.21	0.01	88	63448	买盘
11:10:33	7.2	--	1	720	卖盘
11:10:30	7.2	--	14	10080	卖盘
11:10:27	7.2	--	100	72000	卖盘
11:10:24	7.2	--	2	1440	卖盘
11:10:21	7.2	--	9	6480	卖盘
11:10:18	7.2	--	24	17280	卖盘
11:10:15	7.2	--	670	482400	买盘
11:10:12	7.2	--	1	720	买盘
11:10:09	7.2	--	123	88560	买盘
11:10:03	7.2	--	50	36000	买盘
11:10:00	7.2	--	17	12240	买盘
11:09:57	7.2	--	4	2880	买盘
11:09:54	7.2	--	3	2160	买盘
11:09:51	7.2	0.01	20	14400	买盘
11:09:48	7.19	--	57	40983	卖盘
11:09:45	7.19	-0.01	15	10785	卖盘
11:09:39	7.2	--	88	63360	买盘
11:09:30	7.2	--	29	20880	买盘
11:09:27	7.2	--	10	7200	买盘
11:09:24	7.2	--	176	126864	卖盘
11:09:21	7.2	-0.01	12	8640	卖盘
11:09:15	7.21	0.01	3	2163	买盘
11:09:12	7.2	--	14	10080	卖盘
11:09:09	7.2	--	2010	1447200	卖盘
11:09:00	7.2	--	52	37440	卖盘
11:08:57	7.2	--	50	36000	卖盘
11:08:54	7.2	--	4	2880	卖盘
11:08:48	7.2	-0.01	107	77040	卖盘
11:08:45	7.21	--	49	35329	买盘
11:08:39	7.21	0.01	88	63448	买盘
11:08:36	7.2	-0.01	235	169200	卖盘
11:08:33	7.21	0.01	10	7210	买盘
11:08:18	7.2	--	184	132480	卖盘
11:08:12	7.2	--	225	162000	卖盘
11:08:09	7.2	--	10	7200	卖盘
11:08:06	7.2	-0.01	116	83520	卖盘
11:08:00	7.21	--	10	7210	买盘
11:07:54	7.21	--	503	362663	买盘
11:07:45	7.21	0.01	4	2884	买盘
11:07:42	7.2	-0.01	40	28800	卖盘
11:07:39	7.21	--	148	106708	买盘
11:07:30	7.21	--	36	25956	买盘
11:07:24	7.21	0.01	10	7210	买盘
11:07:21	7.2	--	2	1440	卖盘
11:07:15	7.2	--	4	2880	卖盘
11:07:12	7.2	-0.01	124	89280	卖盘
11:07:09	7.21	0.01	41	29561	买盘
11:07:00	7.2	--	157	113040	卖盘
11:06:57	7.2	--	42	30240	卖盘
11:06:54	7.2	--	152	109440	卖盘
11:06:42	7.2	-0.01	40	28800	卖盘
11:06:39	7.21	0.01	88	63448	买盘
11:06:36	7.2	--	2	1440	卖盘
11:06:24	7.2	--	3	2160	卖盘
11:06:21	7.2	-0.01	4	2880	卖盘
11:06:18	7.21	--	4	2884	买盘
11:06:15	7.21	0.01	10	7210	买盘
11:06:09	7.2	-0.01	6	4320	卖盘
11:05:57	7.21	0.01	8	5768	买盘
11:05:51	7.2	--	577	415440	卖盘
11:05:48	7.2	--	10	7200	卖盘
11:05:45	7.2	-0.01	80	57600	卖盘
11:05:42	7.21	--	20	14420	买盘
11:05:39	7.21	0.01	88	63448	买盘
11:05:33	7.2	--	31	22320	卖盘
11:05:24	7.2	-0.01	181	130320	卖盘
11:05:18	7.21	0.01	50	36050	买盘
11:05:12	7.2	--	52	37440	卖盘
11:05:09	7.2	--	10	7200	卖盘
11:05:06	7.2	--	7	5040	卖盘
11:05:03	7.2	-0.01	113	81360	卖盘
11:04:57	7.21	--	3	2163	买盘
11:04:48	7.21	--	20	14420	买盘
11:04:45	7.21	0.01	138	99498	买盘
11:04:42	7.2	-0.01	130	93600	卖盘
11:04:39	7.21	--	88	63448	买盘
11:04:30	7.21	--	36	25956	买盘
11:04:27	7.21	--	5	3605	买盘
11:04:24	7.21	0.01	10	7210	买盘
11:04:21	7.2	-0.01	56	40320	卖盘
11:04:09	7.21	0.01	8	5768	买盘
11:03:54	7.2	-0.01	20	14400	卖盘
11:03:51	7.21	0.01	7	5047	买盘
11:03:48	7.2	-0.01	54	38880	卖盘
11:03:45	7.21	--	6	4326	买盘
11:03:42	7.21	--	43	31003	卖盘
11:03:36	7.21	--	7	5047	中性盘
11:03:30	7.21	-0.01	20	14420	卖盘
11:03:27	7.22	0.01	297	214434	买盘
11:03:21	7.21	--	24	17304	卖盘
11:03:18	7.21	--	48	34608	卖盘
11:03:15	7.21	--	18	12978	卖盘
11:03:12	7.21	--	15	10815	卖盘
11:03:03	7.21	--	110	79310	买盘
11:02:57	7.21	0.01	3	2163	买盘
11:02:42	7.2	-0.01	58	41760	卖盘
11:02:36	7.21	--	30	21630	买盘
11:02:33	7.21	--	30	21630	买盘
11:02:27	7.21	--	1	721	买盘
11:02:24	7.21	-0.01	79	56959	卖盘
11:02:03	7.22	0.01	13	9386	买盘
11:01:57	7.21	--	706	509026	卖盘
11:01:54	7.21	-0.01	33	23793	卖盘
11:01:48	7.22	0.01	234	168948	买盘
11:01:42	7.21	--	6	4326	卖盘
11:01:30	7.21	--	50	36050	卖盘
11:01:15	7.21	-0.01	34	24514	卖盘
11:01:03	7.22	0.01	2	1444	买盘
11:01:00	7.21	--	186	134106	卖盘
11:00:51	7.21	--	29	20909	卖盘
11:00:45	7.21	-0.01	15	10815	卖盘
11:00:42	7.22	--	44	31768	买盘
11:00:24	7.22	--	25	18050	买盘
11:00:15	7.22	--	72	52633	卖盘
11:00:03	7.22	--	6	4332	卖盘
10:59:57	7.22	-0.01	20	14440	卖盘
10:59:54	7.23	0.01	3	2169	买盘
10:59:45	7.22	--	2	1444	卖盘
10:59:39	7.22	--	113	81658	买盘
10:59:33	7.22	--	40	28880	买盘
10:59:12	7.22	--	2	1444	买盘
10:59:06	7.22	0.01	6	4332	买盘
10:59:03	7.21	--	584	421064	卖盘
10:59:00	7.21	-0.01	22	15862	卖盘
10:58:51	7.22	0.01	98	70756	买盘
10:58:48	7.21	-0.01	8	5768	卖盘
10:58:45	7.22	--	115	83030	买盘
10:58:42	7.22	--	2	1444	买盘
10:58:30	7.22	--	60	43320	买盘
10:58:27	7.22	--	5	3610	买盘
10:58:21	7.22	--	5	3610	买盘
10:58:15	7.22	--	97	70034	买盘
10:58:12	7.22	--	17	12274	买盘
10:58:09	7.22	--	5	3610	买盘
10:58:03	7.22	--	3	2166	买盘
10:57:42	7.22	--	75	54799	卖盘
10:57:30	7.22	-0.01	7	5054	卖盘
10:57:27	7.23	0.01	2	1446	买盘
10:57:24	7.22	-0.01	7	5054	卖盘
10:57:15	7.23	0.01	43	31089	买盘
10:57:06	7.22	-0.01	5	3610	卖盘
10:57:03	7.23	0.01	2	1446	买盘
10:57:00	7.22	--	17	12274	卖盘
10:56:54	7.22	--	6	4332	卖盘
10:56:45	7.22	0.01	975	704022	买盘
10:56:42	7.21	--	503	362663	卖盘
10:56:39	7.21	--	30	21630	卖盘
10:56:36	7.21	--	22	15862	卖盘
10:56:24	7.21	--	925	666925	卖盘
10:56:15	7.21	--	10	7210	卖盘
10:56:12	7.21	--	30	21630	卖盘
10:56:00	7.21	-0.01	20	14420	卖盘
10:55:54	7.22	--	7	5054	买盘
10:55:48	7.22	0.01	5	3610	买盘
10:55:36	7.21	--	2	1442	卖盘
10:55:33	7.21	--	123	88683	卖盘
10:55:21	7.21	--	30	21630	卖盘
10:55:09	7.21	--	56	40376	卖盘
10:55:06	7.21	--	6	4326	卖盘
10:55:03	7.21	--	75	54075	买盘
10:55:00	7.21	--	16	11536	买盘
10:54:57	7.21	--	25	18025	买盘
10:54:54	7.21	--	30	21630	买盘
10:54:51	7.21	--	54	38934	买盘
10:54:42	7.21	--	254	183134	卖盘
10:54:33	7.21	--	6	4326	卖盘
10:54:15	7.21	0.01	30	21630	中性盘
10:54:09	7.2	-0.01	48	34560	卖盘
10:54:06	7.21	--	5	3605	卖盘
10:54:03	7.21	--	375	270375	买盘
10:54:00	7.21	0.01	92	66332	买盘
10:53:57	7.2	-0.01	62	44640	卖盘
10:53:54	7.21	--	25	18025	买盘
10:53:51	7.21	--	119	85799	买盘
10:53:48	7.21	--	23	16583	买盘
10:53:45	7.21	0.01	15	10815	买盘
10:53:39	7.2	-0.01	14	10080	卖盘
10:53:33	7.21	0.01	15	10815	买盘
10:53:27	7.2	-0.01	27	19440	卖盘
10:53:24	7.21	0.01	6	4326	买盘
10:53:21	7.2	-0.01	8	5760	卖盘
10:53:18	7.21	--	776	559496	买盘
10:53:12	7.21	--	21	15141	买盘
10:53:06	7.21	--	72	51912	买盘
10:53:03	7.21	0.01	3	2163	买盘
10:53:00	7.2	--	5	3600	卖盘
10:52:57	7.2	-0.01	2	1440	卖盘
10:52:51	7.21	--	3	2163	买盘
10:52:48	7.21	--	252	181692	买盘
10:52:42	7.21	--	10	7210	买盘
10:52:39	7.21	0.01	91	65611	买盘
10:52:33	7.2	--	9	6480	卖盘
10:52:30	7.2	--	53	38160	卖盘
10:52:24	7.2	--	60	43200	卖盘
10:52:18	7.2	-0.01	9	6480	卖盘
10:52:15	7.21	0.01	70	50470	买盘
10:52:12	7.2	--	9	6480	卖盘
10:52:06	7.2	-0.01	50	36000	卖盘
10:52:00	7.21	--	64	46144	买盘
10:51:57	7.21	--	14	10094	买盘
10:51:54	7.21	0.01	1	721	买盘
10:51:48	7.2	--	1023	736560	卖盘
10:51:39	7.2	--	57	41040	卖盘
10:51:36	7.2	-0.01	88	63360	卖盘
10:51:33	7.21	0.01	130	93730	买盘
10:51:30	7.2	-0.01	15	10800	卖盘
10:51:24	7.21	--	1317	949557	买盘
10:51:21	7.21	--	5	3605	买盘
10:51:15	7.21	--	1	721	买盘
10:51:12	7.21	0.01	8	5768	买盘
10:51:09	7.2	-0.01	2	1440	卖盘
10:51:03	7.21	--	15	10815	买盘
10:51:00	7.21	--	10	7210	买盘
10:50:54	7.21	0.01	3	2163	买盘
10:50:51	7.2	--	22	15840	卖盘
10:50:48	7.2	-0.01	23	16560	卖盘
10:50:45	7.21	0.01	10	7210	买盘
10:50:42	7.2	-0.01	1021	735120	卖盘
10:50:39	7.21	--	2	1442	买盘
10:50:36	7.21	0.01	30	21630	买盘
10:50:24	7.2	--	61	43920	卖盘
10:50:15	7.2	-0.01	20	14400	卖盘
10:50:12	7.21	--	2	1442	买盘
10:50:09	7.21	--	10	7210	买盘
10:50:06	7.21	0.01	2	1442	买盘
10:50:03	7.2	--	1	720	卖盘
10:50:00	7.2	--	106	76320	卖盘
10:49:51	7.2	-0.01	15	10800	卖盘
10:49:45	7.21	--	19	13699	买盘
10:49:39	7.21	--	1	721	买盘
10:49:33	7.21	--	24	17304	买盘
10:49:24	7.21	0.01	5	3605	买盘
10:49:18	7.2	-0.01	11	7920	卖盘
10:49:15	7.21	--	14	10094	买盘
10:49:09	7.21	--	36	25956	买盘
10:49:06	7.21	0.01	4	2884	买盘
10:49:03	7.2	-0.01	20	14400	卖盘
10:49:00	7.21	--	69	49749	买盘
10:48:57	7.21	--	13	9373	买盘
10:48:54	7.21	--	24	17304	买盘
10:48:51	7.21	--	57	41097	买盘
10:48:48	7.21	--	84	60564	买盘
10:48:39	7.21	--	17	12257	买盘
10:48:30	7.21	--	15	10815	买盘
10:48:27	7.21	0.01	55	39655	买盘
10:48:24	7.2	-0.02	103	74160	卖盘
10:48:21	7.22	0.01	1100	794200	买盘
10:48:18	7.21	--	4	2884	买盘
10:48:15	7.21	--	75	54075	买盘
10:48:09	7.21	--	17	12257	买盘
10:48:06	7.21	0.01	1	721	买盘
10:48:00	7.2	-0.02	140	100800	卖盘
10:47:57	7.22	0.01	17	12274	买盘
10:47:51	7.21	--	33	23793	中性盘
10:47:48	7.21	--	110	79310	买盘
10:47:45	7.21	0.01	66	47586	买盘
10:47:42	7.2	-0.01	13	9360	卖盘
10:47:36	7.21	--	24	17304	买盘
10:47:33	7.21	0.01	30	21630	买盘
10:47:30	7.2	-0.01	23	16560	卖盘
10:47:18	7.21	0.01	13	9373	中性盘
10:47:15	7.2	-0.01	45	32976	卖盘
10:47:09	7.21	--	1	721	买盘
10:47:06	7.21	--	2	1442	买盘
10:47:03	7.21	-0.01	38	28046	卖盘
10:46:57	7.22	0.01	45	32490	买盘
10:46:54	7.21	--	1127	812567	卖盘
10:46:51	7.21	--	1	721	卖盘
10:46:48	7.21	-0.01	2	1442	卖盘
10:46:39	7.22	--	119	85918	买盘
10:46:33	7.22	0.01	30	21660	买盘
10:46:27	7.21	--	1	721	卖盘
10:46:15	7.21	--	76	54796	卖盘
10:46:12	7.21	-0.01	16	11536	卖盘
10:46:06	7.22	--	5	3610	买盘
10:46:03	7.22	0.01	50	36100	买盘
10:45:57	7.21	-0.01	66	47586	卖盘
10:45:54	7.22	--	10	7220	买盘
10:45:51	7.22	0.01	10	7220	买盘
10:45:48	7.21	-0.01	40	28840	卖盘
10:45:36	7.22	0.01	1	722	买盘
10:45:33	7.21	-0.01	32	23072	卖盘
10:45:30	7.22	--	5	3610	买盘
10:45:27	7.22	--	25	18050	买盘
10:45:21	7.22	--	30	21660	买盘
10:45:12	7.22	--	40	28880	买盘
10:45:09	7.22	0.01	104	75088	买盘
10:45:06	7.21	-0.01	40	28840	卖盘
10:44:57	7.22	0.01	5	3610	买盘
10:44:54	7.21	--	29	20909	卖盘
10:44:51	7.21	--	4	2884	卖盘
10:44:48	7.21	--	10	7210	卖盘
10:44:45	7.21	-0.01	112	80752	卖盘
10:44:39	7.22	--	31	22382	买盘
10:44:36	7.22	0.01	115	83030	买盘
10:44:24	7.21	-0.01	280	201880	卖盘
10:44:18	7.22	0.01	58	41876	买盘
10:44:15	7.21	--	2	1442	卖盘
10:44:09	7.21	-0.01	20	14420	卖盘
10:44:06	7.22	0.01	4	2888	买盘
10:44:03	7.21	-0.01	15	10815	卖盘
10:44:00	7.22	0.01	1	722	买盘
10:43:57	7.21	--	40	28840	卖盘
10:43:54	7.21	-0.01	52	37492	卖盘
10:43:51	7.22	0.01	27	19494	买盘
10:43:48	7.21	-0.01	26	18746	卖盘
10:43:45	7.22	--	71	51262	买盘
10:43:42	7.22	0.01	12	8664	买盘
10:43:39	7.21	-0.01	2	1442	卖盘
10:43:36	7.22	--	2	1444	买盘
10:43:30	7.22	--	55	39710	买盘
10:43:24	7.22	--	12	8664	买盘
10:43:15	7.22	0.01	1	722	买盘
10:43:12	7.21	-0.01	21	15141	卖盘
10:43:09	7.22	0.01	5	3610	买盘
10:43:06	7.21	--	15	10815	卖盘
10:43:00	7.21	-0.01	150	108150	卖盘
10:42:57	7.22	--	35	25270	买盘
10:42:45	7.22	--	9	6498	买盘
10:42:36	7.22	--	2	1444	买盘
10:42:33	7.22	--	5	3610	买盘
10:42:24	7.22	--	13	9386	买盘
10:42:15	7.22	--	20	14440	买盘
10:42:12	7.22	--	1	722	买盘
10:42:09	7.22	--	1	722	买盘
10:42:06	7.22	--	2	1444	买盘
10:42:03	7.22	--	1	722	买盘
10:42:00	7.22	--	10	7220	买盘
10:41:57	7.22	--	100	72200	买盘
10:41:54	7.22	--	13	9386	买盘
10:41:42	7.22	0.01	7	5054	买盘
10:41:36	7.21	-0.01	5	3605	卖盘
10:41:33	7.22	--	4	2888	买盘
10:41:24	7.22	--	5	3610	买盘
10:41:21	7.22	--	41	29602	买盘
10:41:15	7.22	--	10	7220	买盘
10:41:12	7.22	--	15	10830	买盘
10:41:09	7.22	--	10	7220	买盘
10:41:06	7.22	0.01	55	39710	买盘
10:41:03	7.21	-0.01	9	6489	卖盘
10:40:57	7.22	--	301	217322	买盘
10:40:51	7.22	0.01	138	99636	买盘
10:40:48	7.21	-0.01	10	7210	卖盘
10:40:45	7.22	0.01	3	2166	买盘
10:40:36	7.21	-0.01	3	2163	卖盘
10:40:33	7.22	0.01	19	13718	买盘
10:40:30	7.21	-0.01	35	25235	卖盘
10:40:27	7.22	0.01	22	15884	买盘
10:40:24	7.21	--	64	46144	卖盘
10:40:12	7.21	-0.01	4	2884	卖盘
10:40:06	7.22	--	71	51262	买盘
10:40:00	7.22	0.01	10	7220	买盘
10:39:57	7.21	--	10	7210	卖盘
10:39:45	7.21	--	31	22351	卖盘
10:39:42	7.21	--	47	33887	卖盘
10:39:39	7.21	--	54	38934	卖盘
10:39:36	7.21	-0.01	230	165830	卖盘
10:39:33	7.22	0.01	50	36100	买盘
10:39:27	7.21	--	45	32445	卖盘
10:39:18	7.21	--	1	721	卖盘
10:39:03	7.21	-0.01	42	30282	卖盘
10:38:54	7.22	0.01	2	1444	买盘
10:38:51	7.21	--	32	23072	卖盘
10:38:45	7.21	-0.01	22	15862	卖盘
10:38:39	7.22	0.01	10	7220	买盘
10:38:36	7.21	-0.01	1507	1086547	卖盘
10:38:33	7.22	0.01	13	9386	买盘
10:38:24	7.21	--	3	2163	卖盘
10:38:21	7.21	-0.01	5	3605	卖盘
10:38:12	7.22	0.01	11	7942	买盘
10:38:09	7.21	-0.01	2	1442	卖盘
10:38:00	7.22	0.01	223	161006	买盘
10:37:57	7.21	--	2	1442	卖盘
10:37:54	7.21	--	23	16583	卖盘
10:37:48	7.21	--	100	72100	卖盘
10:37:45	7.21	--	20	14420	卖盘
10:37:42	7.21	--	1	721	卖盘
10:37:36	7.21	--	29	20909	卖盘
10:37:33	7.21	--	26	18746	卖盘
10:37:30	7.21	--	20	14420	卖盘
10:37:21	7.21	-0.01	1	721	卖盘
10:37:15	7.22	0.01	34	24548	买盘
10:37:12	7.21	-0.01	6	4326	卖盘
10:37:06	7.22	--	6	4332	买盘
10:37:00	7.22	--	55	39710	买盘
10:36:57	7.22	--	1	722	买盘
10:36:54	7.22	0.01	4	2888	买盘
10:36:51	7.21	-0.01	34	24514	卖盘
10:36:48	7.22	0.01	10	7220	买盘
10:36:45	7.21	--	66	47586	卖盘
10:36:42	7.21	--	60	43260	卖盘
10:36:39	7.21	--	319	229999	卖盘
10:36:36	7.21	-0.01	8	5768	卖盘
10:36:33	7.22	0.01	12	8664	买盘
10:36:30	7.21	--	254	183134	卖盘
10:36:24	7.21	--	16	11536	卖盘
10:36:21	7.21	-0.01	35	25235	卖盘
10:36:15	7.22	0.01	7	5054	买盘
10:36:12	7.21	--	18	12978	卖盘
10:36:06	7.21	-0.01	5	3605	卖盘
10:36:00	7.22	0.01	2	1444	买盘
10:35:57	7.21	--	44	31724	卖盘
10:35:54	7.21	-0.01	121	87241	卖盘
10:35:51	7.22	0.01	3	2166	买盘
10:35:45	7.21	--	120	86520	卖盘
10:35:30	7.21	-0.01	10	7210	卖盘
10:35:24	7.22	--	16	11552	买盘
10:35:18	7.22	--	130	93860	买盘
10:35:15	7.22	0.01	16	11552	买盘
10:35:09	7.21	-0.01	46	33166	卖盘
10:35:06	7.22	0.01	116	83752	买盘
10:35:03	7.21	-0.01	17	12257	卖盘
10:35:00	7.22	0.01	2	1444	买盘
10:34:51	7.21	--	32	23072	卖盘
10:34:48	7.21	--	30	21630	卖盘
10:34:45	7.21	-0.01	52	37492	卖盘
10:34:36	7.22	0.01	80	57760	买盘
10:34:33	7.21	-0.01	10	7210	卖盘
10:34:24	7.22	--	11	8086	卖盘
10:34:21	7.22	--	10	7220	卖盘
10:34:18	7.22	--	305	220210	卖盘
10:34:15	7.22	--	59	42598	卖盘
10:34:12	7.22	--	83	59926	卖盘
10:34:06	7.22	--	137	98914	卖盘
10:34:03	7.22	-0.01	10	7220	卖盘
10:33:57	7.23	0.01	2	1446	买盘
10:33:54	7.22	--	18	12996	卖盘
10:33:51	7.22	--	30	21660	卖盘
10:33:48	7.22	-0.01	10	7220	卖盘
10:33:42	7.23	0.01	100	72300	买盘
10:33:39	7.22	--	40	28880	卖盘
10:33:36	7.22	--	20	14440	卖盘
10:33:24	7.22	--	20	14440	卖盘
10:33:21	7.22	--	23	16606	卖盘
10:33:15	7.22	--	44	31768	卖盘
10:33:12	7.22	-0.01	10	7220	卖盘
10:33:09	7.23	--	60	43380	买盘
10:33:06	7.23	--	113	81699	买盘
10:33:03	7.23	--	53	38319	买盘
10:32:51	7.23	--	89	64347	买盘
10:32:42	7.23	--	30	21690	买盘
10:32:39	7.23	--	40	29527	卖盘
10:32:36	7.23	-0.01	20	14460	卖盘
10:32:30	7.24	0.01	134	97016	买盘
10:32:27	7.23	--	276	199548	卖盘
10:32:21	7.23	--	1	723	卖盘
10:32:15	7.23	-0.01	19	13737	卖盘
10:32:12	7.24	0.01	20	14480	买盘
10:32:09	7.23	--	20	14460	卖盘
10:32:06	7.23	--	22	15906	卖盘
10:32:00	7.23	--	57	41211	卖盘
10:31:45	7.23	-0.01	30	21690	卖盘
10:31:42	7.24	0.01	72	52128	买盘
10:31:36	7.23	--	14	10122	卖盘
10:31:33	7.23	-0.01	17	12291	卖盘
10:31:30	7.24	0.01	1	724	买盘
10:31:21	7.23	--	31	22528	卖盘
10:31:18	7.23	--	200	144600	卖盘
10:31:15	7.23	--	143	103779	买盘
10:31:12	7.23	--	200	144600	买盘
10:31:09	7.23	--	12	8676	买盘
10:31:06	7.23	--	20	14460	买盘
10:31:03	7.23	--	212	153276	买盘
10:30:54	7.23	--	312	225576	买盘
10:30:51	7.23	--	13	9399	买盘
10:30:48	7.23	--	2	1446	买盘
10:30:39	7.23	--	243	176021	卖盘
10:30:36	7.23	--	2	1446	卖盘
10:30:30	7.23	--	2	1446	卖盘
10:30:24	7.23	--	9	6507	卖盘
10:30:15	7.23	--	21	15183	卖盘
10:30:12	7.23	0.01	215	155835	买盘
10:30:03	7.22	--	30	21660	卖盘
10:30:00	7.22	--	53	38266	卖盘
10:29:57	7.22	--	11	7942	卖盘
10:29:48	7.22	-0.01	13	9386	卖盘
10:29:45	7.23	0.01	25	18075	买盘
10:29:39	7.22	-0.01	33	23826	卖盘
10:29:36	7.23	0.01	41	29643	买盘
10:29:27	7.22	-0.01	21	15162	卖盘
10:29:21	7.23	0.01	14	10122	买盘
10:29:18	7.22	-0.01	3	2743	卖盘
10:29:12	7.23	--	19	13737	买盘
10:29:06	7.23	0.01	5	3615	买盘
10:29:03	7.22	--	6	4332	卖盘
10:29:00	7.22	-0.01	3	2166	卖盘
10:28:48	7.23	--	4	2892	买盘
10:28:45	7.23	0.01	51	36873	买盘
10:28:42	7.22	-0.01	27	19494	卖盘
10:28:36	7.23	--	13	9399	买盘
10:28:30	7.23	--	5	3615	买盘
10:28:21	7.23	0.01	10	7230	买盘
10:28:18	7.22	--	10	7220	卖盘
10:28:12	7.22	-0.01	24	17328	卖盘
10:28:06	7.23	--	5	3615	买盘
10:28:03	7.23	--	20	14460	买盘
10:28:00	7.23	--	10	7230	买盘
10:27:57	7.23	0.01	3	2169	买盘
10:27:54	7.22	-0.01	22	15884	卖盘
10:27:39	7.23	--	13	9399	买盘
10:27:36	7.23	0.01	5	3615	买盘
10:27:30	7.22	-0.01	4	2888	卖盘
10:27:24	7.23	--	28	20244	买盘
10:27:21	7.23	0.01	38	27474	买盘
10:27:12	7.22	-0.01	20	14440	卖盘
10:27:09	7.23	--	1	723	买盘
10:27:06	7.23	0.01	939	678897	买盘
10:27:03	7.22	-0.01	2	1444	卖盘
10:27:00	7.23	0.01	62	44826	买盘
10:26:45	7.22	-0.01	39	28158	卖盘
10:26:39	7.23	0.01	13	9399	买盘
10:26:33	7.22	--	82	59204	卖盘
10:26:09	7.22	--	16	11552	卖盘
10:26:06	7.22	-0.01	17	12274	卖盘
10:26:00	7.23	0.01	3	2169	买盘
10:25:57	7.22	--	33	23826	卖盘
10:25:54	7.22	-0.01	45	32490	卖盘
10:25:48	7.23	0.01	35	25305	买盘
10:25:45	7.22	-0.01	18	12996	卖盘
10:25:42	7.23	0.01	92	66516	买盘
10:25:39	7.22	-0.01	32	23104	卖盘
10:25:36	7.23	--	22	15906	买盘
10:25:33	7.23	0.01	35	25305	买盘
10:25:21	7.22	--	50	36100	卖盘
10:25:18	7.22	--	35	25270	卖盘
10:25:12	7.22	--	39	28158	卖盘
10:25:09	7.22	--	189	136458	卖盘
10:25:06	7.22	-0.01	32	23104	卖盘
10:25:03	7.23	0.01	2	1446	买盘
10:25:00	7.22	-0.01	3	2166	卖盘
10:24:54	7.23	0.01	2	1446	买盘
10:24:51	7.22	--	10	7220	卖盘
10:24:42	7.22	--	1	722	卖盘
10:24:33	7.22	-0.01	52	37544	卖盘
10:24:27	7.23	--	4	2892	买盘
10:23:57	7.23	0.01	3	2169	买盘
10:23:54	7.22	-0.01	50	36100	卖盘
10:23:51	7.23	0.01	28	20244	买盘
10:23:48	7.22	--	3	2166	卖盘
10:23:45	7.22	-0.01	299	215878	卖盘
10:23:42	7.23	0.01	6	4338	买盘
10:23:36	7.22	--	13	9386	卖盘
10:23:27	7.22	--	19	13718	买盘
10:23:24	7.22	--	2	1444	卖盘
10:23:21	7.22	-0.01	10	7220	卖盘
10:23:18	7.23	0.01	4	2892	买盘
10:23:15	7.22	0.01	8	5776	买盘
10:23:12	7.21	-0.01	10	7210	卖盘
10:23:09	7.22	0.01	31	22382	买盘
10:23:06	7.21	-0.01	27	19467	卖盘
10:23:00	7.22	--	100	72200	买盘
10:22:57	7.22	--	21	15162	买盘
10:22:54	7.22	--	20	14440	买盘
10:22:48	7.22	--	3	2166	买盘
10:22:42	7.22	--	54	38988	卖盘
10:22:39	7.22	-0.01	50	36100	卖盘
10:22:36	7.23	--	31	22413	买盘
10:22:33	7.23	--	9	6507	买盘
10:22:30	7.23	0.01	8	5784	买盘
10:22:27	7.22	--	210	151620	卖盘
10:22:15	7.22	--	10	7220	卖盘
10:22:09	7.22	--	20	14440	卖盘
10:22:06	7.22	-0.01	1	722	卖盘
10:22:03	7.23	--	13	9399	买盘
10:22:00	7.23	--	30	21690	买盘
10:21:54	7.23	0.01	2	1446	买盘
10:21:45	7.22	--	12	8664	买盘
10:21:42	7.22	--	17	12274	卖盘
10:21:39	7.22	--	28	20216	卖盘
10:21:36	7.22	-0.01	21	15162	卖盘
10:21:33	7.23	0.01	121	87483	买盘
10:21:27	7.22	--	212	153280	买盘
10:21:24	7.22	--	31	22382	买盘
10:21:21	7.22	--	104	75088	买盘
10:21:15	7.22	0.01	13	9386	买盘
10:21:12	7.21	--	50	36050	卖盘
10:21:09	7.21	-0.01	3	2163	卖盘
10:21:06	7.22	0.01	64	46208	买盘
10:21:03	7.21	-0.01	39	28119	卖盘
10:21:00	7.22	--	50	36100	买盘
10:20:57	7.22	0.01	104	75088	买盘
10:20:54	7.21	--	129	93009	卖盘
10:20:51	7.21	--	40	28840	卖盘
10:20:30	7.21	--	100	72100	卖盘
10:20:24	7.21	--	53	38213	卖盘
10:20:18	7.21	--	15	10815	卖盘
10:20:12	7.21	--	10	7210	卖盘
10:20:06	7.21	--	68	49028	卖盘
10:20:00	7.21	-0.01	65	46865	卖盘
10:19:57	7.22	--	7	5054	买盘
10:19:54	7.22	0.01	25	18050	买盘
10:19:51	7.21	--	100	72100	卖盘
10:19:48	7.21	--	213	153573	卖盘
10:19:39	7.21	--	5	3605	卖盘
10:19:36	7.21	--	30	21630	卖盘
10:19:33	7.21	--	270	194670	卖盘
10:19:27	7.21	--	209	150689	卖盘
10:19:24	7.21	--	13	9373	卖盘
10:19:15	7.21	--	45	32445	卖盘
10:19:12	7.21	--	9	6489	卖盘
10:19:06	7.21	-0.01	16	11536	卖盘
10:19:03	7.22	--	5	3610	买盘
10:19:00	7.22	--	41	29602	买盘
10:18:57	7.22	--	146	105412	买盘
10:18:51	7.22	0.01	2	1444	买盘
10:18:48	7.21	--	15	10815	卖盘
10:18:42	7.21	-0.01	26	18746	卖盘
10:18:36	7.22	--	235	169670	买盘
10:18:30	7.22	0.01	6	4332	买盘
10:18:27	7.21	-0.01	8	5768	卖盘
10:18:24	7.22	0.01	31	22382	买盘
10:18:21	7.21	-0.01	4	2884	卖盘
10:18:15	7.22	--	112	80864	买盘
10:18:12	7.22	--	48	34656	买盘
10:18:03	7.22	--	12	9169	卖盘
10:18:00	7.22	-0.01	101	72922	卖盘
10:17:57	7.23	0.01	33	23859	买盘
10:17:48	7.22	--	2	1444	卖盘
10:17:45	7.22	--	30	21876	买盘
10:17:39	7.22	-0.01	60	43320	卖盘
10:17:33	7.23	--	22	15906	买盘
10:17:12	7.23	--	4	2892	卖盘
10:17:09	7.23	--	54	39042	卖盘
10:17:06	7.23	--	58	41934	卖盘
10:17:00	7.23	--	16	11568	买盘
10:16:57	7.23	0.02	2	1446	中性盘
10:16:51	7.21	-0.02	3752	2705192	卖盘
10:16:45	7.23	--	5	3615	卖盘
10:16:42	7.23	--	18	13014	卖盘
10:16:36	7.23	--	24	17352	卖盘
10:16:33	7.23	--	328	237144	卖盘
10:16:27	7.23	--	1	723	卖盘
10:16:18	7.23	--	5	3615	卖盘
10:16:15	7.23	--	70	50610	卖盘
10:16:12	7.23	--	65	46995	卖盘
10:16:06	7.23	--	41	29643	卖盘
10:16:03	7.23	--	261	188703	卖盘
10:16:00	7.23	-0.01	229	165567	卖盘
10:15:54	7.24	0.01	203	146972	买盘
10:15:51	7.23	-0.01	25	18075	卖盘
10:15:48	7.24	0.01	158	114392	买盘
10:15:45	7.23	--	120	86760	卖盘
10:15:42	7.23	-0.01	19	13737	卖盘
10:15:39	7.24	--	2	1448	买盘
10:15:33	7.24	--	21	15204	买盘
10:15:30	7.24	--	30	21720	买盘
10:15:24	7.24	--	14	10136	买盘
10:15:18	7.24	0.01	72	52128	买盘
10:15:15	7.23	-0.01	11	7953	卖盘
10:15:12	7.24	--	79	57196	买盘
10:15:06	7.24	--	10	7240	买盘
10:15:03	7.24	--	276	199824	买盘
10:14:54	7.24	--	52	37648	买盘
10:14:51	7.24	--	528	382272	卖盘
10:14:48	7.24	-0.01	20	14480	卖盘
10:14:45	7.25	0.01	2	1450	买盘
10:14:42	7.24	--	10	7240	卖盘
10:14:39	7.24	--	28	20272	卖盘
10:14:36	7.24	--	24	17376	卖盘
10:14:33	7.24	--	98	70952	卖盘
10:14:30	7.24	--	108	78192	买盘
10:14:27	7.24	--	47	34028	买盘
10:14:24	7.24	--	4	2896	买盘
10:14:21	7.24	--	18	13032	卖盘
10:14:18	7.24	--	11	7964	买盘
10:14:15	7.24	0.01	28	20272	买盘
10:14:12	7.23	-0.01	217	156891	卖盘
10:14:09	7.24	--	20	14480	卖盘
10:14:06	7.24	--	206	149144	买盘
10:14:03	7.24	--	20	14480	买盘
10:14:00	7.24	--	310	224440	买盘
10:13:54	7.24	--	5	3620	买盘
10:13:51	7.24	--	103	74572	买盘
10:13:48	7.24	--	81	58644	买盘
10:13:45	7.24	--	46	33304	买盘
10:13:42	7.24	--	34	24616	买盘
10:13:36	7.24	--	52	37648	买盘
10:13:27	7.24	--	21	15204	买盘
10:13:24	7.24	--	356	257744	买盘
10:13:21	7.24	--	57	41268	买盘
10:13:18	7.24	--	10	7240	买盘
10:13:15	7.24	--	100	72400	买盘
10:13:12	7.24	--	50	36200	买盘
10:13:09	7.24	0.01	201	145524	买盘
10:13:03	7.23	-0.01	140	101220	卖盘
10:13:00	7.24	--	63	45612	买盘
10:12:57	7.24	--	32	23168	买盘
10:12:51	7.24	--	3	2172	买盘
10:12:48	7.24	0.01	4	2896	买盘
10:12:45	7.23	--	12	8676	卖盘
10:12:42	7.23	-0.01	20	14460	卖盘
10:12:36	7.24	--	29	20996	买盘
10:12:33	7.24	--	44	31856	买盘
10:12:30	7.24	--	10	7240	买盘
10:12:15	7.24	--	26	18824	买盘
10:12:12	7.24	--	250	181000	买盘
10:12:09	7.24	0.01	20	14480	买盘
10:12:06	7.23	--	75	54225	卖盘
10:12:00	7.23	-0.01	3	2169	卖盘
10:11:54	7.24	--	200	144800	买盘
10:11:51	7.24	0.01	9	6516	买盘
10:11:48	7.23	-0.01	34	24582	卖盘
10:11:45	7.24	0.01	500	362000	买盘
10:11:42	7.23	-0.01	3	2169	卖盘
10:11:36	7.24	--	50	36200	买盘
10:11:33	7.24	--	190	137560	买盘
10:11:30	7.24	0.01	93	67332	买盘
10:11:24	7.23	-0.01	30	21690	卖盘
10:11:18	7.24	--	70	50680	买盘
10:11:15	7.24	0.01	74	53576	买盘
10:11:06	7.23	--	26	18798	卖盘
10:10:57	7.23	--	46	33258	卖盘
10:10:48	7.23	--	2	1446	卖盘
10:10:45	7.23	0.01	893	645639	买盘
10:10:42	7.22	--	47	33934	卖盘
10:10:39	7.22	--	114	82308	卖盘
10:10:36	7.22	-0.01	1	722	卖盘
10:10:27	7.23	--	58	41934	买盘
10:10:24	7.23	0.01	44	31812	买盘
10:10:06	7.22	--	149	107578	卖盘
10:10:03	7.22	-0.01	15	10830	卖盘
10:10:00	7.23	0.01	31	22413	买盘
10:09:57	7.22	-0.01	15	10830	卖盘
10:09:54	7.23	0.01	1	723	买盘
10:09:51	7.22	-0.01	60	43320	卖盘
10:09:48	7.23	--	62	44826	买盘
10:09:45	7.23	0.01	68	49164	买盘
10:09:42	7.22	--	4	2888	卖盘
10:09:39	7.22	-0.01	81	58482	卖盘
10:09:30	7.23	--	90	65070	买盘
10:09:24	7.23	0.01	22	15906	买盘
10:09:18	7.22	-0.01	90	64980	卖盘
10:09:15	7.23	0.01	15	10845	买盘
10:09:12	7.22	--	9	6498	卖盘
10:09:06	7.22	--	3	2166	卖盘
10:09:03	7.22	--	374	270028	买盘
10:09:00	7.22	--	106	76532	买盘
10:08:57	7.22	--	10	7220	买盘
10:08:54	7.22	--	85	61370	买盘
10:08:51	7.22	--	60	43320	买盘
10:08:48	7.22	--	34	24548	买盘
10:08:45	7.22	0.01	182	131404	买盘
10:08:42	7.21	-0.01	105	75705	卖盘
10:08:36	7.22	--	36	25992	买盘
10:08:33	7.22	--	63	45486	买盘
10:08:30	7.22	--	14	10108	买盘
10:08:27	7.22	--	20	14440	买盘
10:08:24	7.22	--	1	722	买盘
10:08:18	7.22	--	95	68590	买盘
10:08:15	7.22	--	273	197106	买盘
10:08:12	7.22	--	10	7220	买盘
10:08:09	7.22	0.01	12	8664	买盘
10:08:06	7.21	-0.01	4	2884	卖盘
10:08:03	7.22	--	202	145844	买盘
10:08:00	7.22	--	7	5054	买盘
10:07:57	7.22	--	20	14440	买盘
10:07:51	7.22	--	264	190608	买盘
10:07:48	7.22	--	35	25270	买盘
10:07:42	7.22	--	82	59204	买盘
10:07:33	7.22	0.01	6	4332	买盘
10:07:27	7.21	-0.01	4	2884	卖盘
10:07:21	7.22	--	34	24548	买盘
10:07:15	7.22	0.01	8	5776	买盘
10:07:12	7.21	--	70	50470	卖盘
10:07:09	7.21	--	23	16583	卖盘
10:07:06	7.21	-0.01	31	22351	卖盘
10:07:03	7.22	--	60	43320	买盘
10:06:57	7.22	0.01	15	10830	买盘
10:06:51	7.21	-0.01	8	5768	卖盘
10:06:48	7.22	0.01	2	1444	买盘
10:06:42	7.21	-0.01	49	35329	卖盘
10:06:39	7.22	0.01	10	7220	买盘
10:06:36	7.21	--	95	68495	卖盘
10:06:33	7.21	-0.01	150	108150	卖盘
10:06:30	7.22	--	217	156674	买盘
10:06:27	7.22	0.01	24	17328	买盘
10:06:21	7.21	--	223	160783	卖盘
10:06:18	7.21	-0.01	53	38213	卖盘
10:06:12	7.22	0.01	10	7220	买盘
10:06:09	7.21	-0.01	108	77868	卖盘
10:06:06	7.22	--	10	7220	买盘
10:06:03	7.22	--	20	14440	买盘
10:06:00	7.22	0.01	11	7942	买盘
10:05:57	7.21	-0.01	40	28840	卖盘
10:05:54	7.22	0.01	50	36100	买盘
10:05:51	7.21	-0.01	15	10815	卖盘
10:05:48	7.22	--	23	16606	买盘
10:05:45	7.22	--	3	2166	买盘
10:05:39	7.22	--	24	17328	买盘
10:05:36	7.22	--	46	33212	买盘
10:05:33	7.22	--	34	24548	买盘
10:05:30	7.22	--	30	21660	买盘
10:05:24	7.22	0.01	22	15884	买盘
10:05:21	7.21	-0.01	2	1442	卖盘
10:05:18	7.22	--	21	15162	买盘
10:05:12	7.22	--	1	722	买盘
10:05:09	7.22	--	3	2166	买盘
10:05:06	7.22	0.01	11	7942	买盘
10:05:03	7.21	-0.01	500	360500	卖盘
10:05:00	7.22	--	113	81586	买盘
10:04:51	7.22	--	2	1444	买盘
10:04:45	7.22	--	4	2888	买盘
10:04:39	7.22	--	13	9386	买盘
10:04:36	7.22	0.01	65	46930	买盘
10:04:33	7.21	--	6	4326	卖盘
10:04:30	7.21	-0.01	10	7210	卖盘
10:04:24	7.22	--	20	14440	买盘
10:04:21	7.22	0.01	15	10830	买盘
10:04:18	7.21	-0.01	51	36771	卖盘
10:04:15	7.22	--	30	21660	买盘
10:04:12	7.22	--	4	2888	买盘
10:04:09	7.22	--	20	14440	买盘
10:04:06	7.22	--	21	15162	买盘
10:04:03	7.22	0.01	100	72200	买盘
10:04:00	7.21	-0.01	157	113197	卖盘
10:03:51	7.22	0.01	17	12274	买盘
10:03:42	7.21	--	86	62078	买盘
10:03:39	7.21	--	360	259560	买盘
10:03:36	7.21	--	40	28840	买盘
10:03:30	7.21	--	20	14420	买盘
10:03:27	7.21	--	50	36050	买盘
10:03:24	7.21	0.01	100	72100	买盘
10:03:21	7.2	-0.01	31	22320	卖盘
10:03:18	7.21	--	119	85799	买盘
10:03:15	7.21	--	182	131222	买盘
10:03:09	7.21	0.01	214	154294	买盘
10:03:06	7.2	--	47	33840	卖盘
10:03:03	7.2	--	30	21600	卖盘
10:03:00	7.2	--	2	1440	卖盘
10:02:57	7.2	-0.01	45	32400	卖盘
10:02:54	7.21	--	84	60564	买盘
10:02:51	7.21	0.01	13	9373	买盘
10:02:48	7.2	--	141	101520	卖盘
10:02:45	7.2	--	30	21600	卖盘
10:02:39	7.2	--	34	24480	卖盘
10:02:36	7.2	-0.01	15	10800	卖盘
10:02:33	7.21	--	128	92288	买盘
10:02:27	7.21	0.01	20	14420	买盘
10:02:21	7.2	-0.01	90	64800	卖盘
10:02:15	7.21	0.01	5	3605	买盘
10:02:12	7.2	--	129	92880	卖盘
10:02:09	7.2	-0.01	60	43200	卖盘
10:02:00	7.21	0.01	1	721	买盘
10:01:57	7.2	-0.01	99	71280	卖盘
10:01:54	7.21	0.01	20	14420	买盘
10:01:51	7.2	-0.01	33	23760	卖盘
10:01:48	7.21	--	10	7210	买盘
10:01:45	7.21	--	36	25956	买盘
10:01:42	7.21	0.01	6	4326	买盘
10:01:39	7.2	-0.01	73	52560	卖盘
10:01:36	7.21	--	28	20188	买盘
10:01:33	7.21	0.01	70	50470	买盘
10:01:30	7.2	--	130	93600	卖盘
10:01:24	7.2	-0.01	90	64800	卖盘
10:01:21	7.21	0.01	55	39655	买盘
10:01:18	7.2	-0.01	83	59760	卖盘
10:01:15	7.21	--	74	53354	卖盘
10:01:12	7.21	--	1	721	买盘
10:01:09	7.21	--	30	21630	买盘
10:01:03	7.21	--	54	38934	买盘
10:01:00	7.21	--	25	18025	卖盘
10:00:57	7.21	--	6	4326	买盘
10:00:51	7.21	--	58	41818	卖盘
10:00:45	7.21	--	17	12257	卖盘
10:00:42	7.21	--	50	36050	卖盘
10:00:39	7.21	--	2	1442	卖盘
10:00:36	7.21	--	41	29561	买盘
10:00:33	7.21	0.01	1	721	买盘
10:00:30	7.2	-0.01	240	172800	卖盘
10:00:18	7.21	--	2	1442	买盘
10:00:12	7.21	--	23	16583	买盘
10:00:09	7.21	--	53	38213	买盘
10:00:06	7.21	--	78	56238	买盘
10:00:00	7.21	--	24	17304	买盘
09:59:57	7.21	--	3	2163	买盘
09:59:54	7.21	--	222	160062	买盘
09:59:51	7.21	--	209	150689	卖盘
09:59:48	7.21	--	14	10094	卖盘
09:59:45	7.21	-0.01	26	18746	卖盘
09:59:42	7.22	0.01	13	9386	买盘
09:59:30	7.21	--	3	2163	卖盘
09:59:27	7.21	0.01	248	178808	买盘
09:59:24	7.2	-0.01	10	7200	卖盘
09:59:21	7.21	--	5	3605	买盘
09:59:18	7.21	--	5	3605	买盘
09:59:15	7.21	--	19	13699	买盘
09:59:12	7.21	--	10	7210	买盘
09:59:09	7.21	--	28	20188	买盘
09:59:03	7.21	--	75	54075	卖盘
09:59:00	7.21	--	44	31724	卖盘
09:58:57	7.21	-0.01	120	86520	卖盘
09:58:54	7.22	0.01	403	290966	买盘
09:58:48	7.21	0.01	32	23072	买盘
09:58:45	7.2	-0.01	220	158400	卖盘
09:58:42	7.21	0.01	2	1442	买盘
09:58:39	7.2	-0.01	30	21600	卖盘
09:58:36	7.21	--	20	14420	买盘
09:58:33	7.21	0.01	8	5768	卖盘
09:58:30	7.2	-0.01	195	140400	卖盘
09:58:27	7.21	--	64	46144	卖盘
09:58:24	7.21	--	200	144200	卖盘
09:58:21	7.21	--	79	56959	卖盘
09:58:15	7.21	--	4	2884	卖盘
09:58:12	7.21	--	31	22351	卖盘
09:58:09	7.21	--	22	15862	卖盘
09:58:06	7.21	0.01	68	49028	买盘
09:58:03	7.2	-0.01	108	77760	卖盘
09:58:00	7.21	0.01	51	36771	买盘
09:57:57	7.2	--	7	5040	卖盘
09:57:54	7.2	-0.01	50	36000	卖盘
09:57:51	7.21	--	229	165109	买盘
09:57:45	7.21	0.01	118	85078	买盘
09:57:42	7.2	--	49	35280	卖盘
09:57:39	7.2	--	400	288000	卖盘
09:57:33	7.2	--	20	14400	卖盘
09:57:30	7.2	--	236	169920	卖盘
09:57:27	7.2	--	59	42480	卖盘
09:57:24	7.2	-0.01	400	288000	卖盘
09:57:18	7.21	--	7	5047	买盘
09:57:15	7.21	--	105	75705	买盘
09:57:12	7.21	--	30	21630	买盘
09:57:03	7.21	0.01	24	17304	买盘
09:57:00	7.2	--	100	72000	卖盘
09:56:54	7.2	--	111	79920	卖盘
09:56:48	7.2	--	456	328320	买盘
09:56:45	7.2	0.01	519	373680	买盘
09:56:42	7.19	-0.01	3	2157	卖盘
09:56:39	7.2	--	117	84240	买盘
09:56:36	7.2	--	412	296640	买盘
09:56:33	7.2	--	40	28800	买盘
09:56:30	7.2	--	35	25200	买盘
09:56:27	7.2	--	71	51120	买盘
09:56:24	7.2	--	311	223920	买盘
09:56:21	7.2	--	13	9360	买盘
09:56:18	7.2	0.01	569	409680	买盘
09:56:15	7.19	--	111	79809	卖盘
09:56:09	7.19	-0.01	2	1438	卖盘
09:56:06	7.2	--	10	7200	买盘
09:56:03	7.2	0.01	120	86400	买盘
09:56:00	7.19	--	118	84842	卖盘
09:55:57	7.19	-0.01	122	87718	卖盘
09:55:54	7.2	0.01	20	14400	买盘
09:55:51	7.19	-0.01	87	62553	卖盘
09:55:48	7.2	0.01	36	25920	买盘
09:55:45	7.19	-0.01	144	103536	卖盘
09:55:42	7.2	0.01	93	66960	买盘
09:55:39	7.19	--	40	28760	卖盘
09:55:36	7.19	--	363	260997	卖盘
09:55:33	7.19	-0.01	50	35950	卖盘
09:55:30	7.2	0.01	71	51120	买盘
09:55:27	7.19	--	7	5033	卖盘
09:55:24	7.19	--	11	7909	卖盘
09:55:21	7.19	--	48	34512	卖盘
09:55:18	7.19	--	65	46735	卖盘
09:55:15	7.19	-0.01	263	189097	卖盘
09:55:12	7.2	0.01	68	48960	买盘
09:55:09	7.19	--	69	49611	卖盘
09:55:06	7.19	--	28	20132	卖盘
09:55:03	7.19	-0.01	60	43140	卖盘
09:55:00	7.2	0.01	9	6480	买盘
09:54:54	7.19	-0.01	162	116478	卖盘
09:54:51	7.2	0.01	90	64800	买盘
09:54:48	7.19	--	344	247616	卖盘
09:54:45	7.19	--	32	23008	卖盘
09:54:42	7.19	--	27	19413	卖盘
09:54:39	7.19	-0.01	130	93470	卖盘
09:54:36	7.2	--	53	38160	买盘
09:54:33	7.2	0.01	66	47959	买盘
09:54:30	7.19	--	36	25884	卖盘
09:54:27	7.19	-0.01	28	20132	卖盘
09:54:24	7.2	--	548	394560	买盘
09:54:21	7.2	--	11	7920	买盘
09:54:18	7.2	--	64	46080	买盘
09:54:15	7.2	--	9	6480	买盘
09:54:12	7.2	--	34	24480	买盘
09:54:09	7.2	0.01	60	43200	买盘
09:54:06	7.19	--	7	5033	卖盘
09:54:03	7.19	-0.01	26	18694	卖盘
09:54:00	7.2	--	141	101520	买盘
09:53:54	7.2	--	26	18720	买盘
09:53:51	7.2	--	48	34560	买盘
09:53:48	7.2	-0.01	5	3600	卖盘
09:53:45	7.21	0.01	57	41097	买盘
09:53:42	7.2	--	39	28080	卖盘
09:53:39	7.2	--	1	720	卖盘
09:53:33	7.2	--	57	41040	买盘
09:53:30	7.2	--	6	4320	买盘
09:53:24	7.2	--	105	75600	买盘
09:53:21	7.2	--	144	103680	卖盘
09:53:18	7.2	-0.01	13	9360	卖盘
09:53:15	7.21	--	2	1442	买盘
09:53:12	7.21	--	15	10815	买盘
09:53:09	7.21	--	102	73542	买盘
09:53:06	7.21	--	57	41097	买盘
09:53:03	7.21	-0.01	3006	2167326	卖盘
09:53:00	7.22	--	34	24548	买盘
09:52:57	7.22	0.01	202	145844	买盘
09:52:54	7.21	-0.01	6	4326	卖盘
09:52:51	7.22	0.01	103	74366	买盘
09:52:48	7.21	-0.01	79	56959	卖盘
09:52:45	7.22	--	11	7942	买盘
09:52:42	7.22	--	86	62092	买盘
09:52:39	7.22	--	13	9386	买盘
09:52:33	7.22	--	110	79420	买盘
09:52:27	7.22	0.01	4	2888	买盘
09:52:24	7.21	--	21	15141	卖盘
09:52:18	7.21	--	30	21630	卖盘
09:52:15	7.21	--	56	40376	卖盘
09:52:12	7.21	--	82	59122	卖盘
09:52:09	7.21	--	9	6489	卖盘
09:52:06	7.21	-0.01	52	37492	卖盘
09:52:00	7.22	0.01	5	3610	买盘
09:51:57	7.21	-0.01	15	10815	卖盘
09:51:54	7.22	--	28	20216	买盘
09:51:51	7.22	--	37	26714	买盘
09:51:48	7.22	0.01	6	4332	买盘
09:51:45	7.21	-0.01	12	8652	卖盘
09:51:42	7.22	0.01	102	73644	买盘
09:51:39	7.21	-0.01	81	58401	卖盘
09:51:33	7.22	--	104	75088	买盘
09:51:30	7.22	0.01	1	722	买盘
09:51:24	7.21	-0.01	124	89404	卖盘
09:51:21	7.22	--	5	3610	买盘
09:51:15	7.22	--	155	111910	买盘
09:51:12	7.22	0.01	5	3610	买盘
09:51:09	7.21	-0.01	1	721	卖盘
09:51:03	7.22	0.01	20	14440	买盘
09:51:00	7.21	--	9	6489	卖盘
09:50:57	7.21	--	1	721	卖盘
09:50:51	7.21	-0.01	92	66332	卖盘
09:50:48	7.22	0.01	2	1444	买盘
09:50:45	7.21	--	29	20909	卖盘
09:50:42	7.21	--	20	14420	卖盘
09:50:39	7.21	--	15	10815	卖盘
09:50:36	7.21	0.01	30	21630	买盘
09:50:33	7.2	-0.01	260	187200	卖盘
09:50:30	7.21	--	50	36050	买盘
09:50:27	7.21	0.01	161	116081	买盘
09:50:24	7.2	-0.01	310	223200	卖盘
09:50:18	7.21	--	3	2163	买盘
09:50:15	7.21	--	25	18025	买盘
09:50:12	7.21	-0.01	15	10815	卖盘
09:50:09	7.22	0.01	41	29602	买盘
09:50:06	7.21	--	188	135548	卖盘
09:50:03	7.21	--	40	28840	卖盘
09:50:00	7.21	--	16	11536	卖盘
09:49:57	7.21	--	193	139153	卖盘
09:49:54	7.21	--	96	69216	卖盘
09:49:51	7.21	--	5	3605	卖盘
09:49:48	7.21	--	142	102382	卖盘
09:49:45	7.21	-0.01	39	28119	卖盘
09:49:42	7.22	0.01	2	1444	买盘
09:49:36	7.21	--	15	10815	卖盘
09:49:33	7.21	--	10	7210	卖盘
09:49:30	7.21	--	1	721	卖盘
09:49:27	7.21	--	130	93730	卖盘
09:49:24	7.21	--	79	56959	卖盘
09:49:21	7.21	-0.01	105	75705	卖盘
09:49:18	7.22	0.01	23	16606	买盘
09:49:15	7.21	-0.01	238	171598	卖盘
09:49:09	7.22	0.01	164	118408	买盘
09:49:06	7.21	--	3	2163	卖盘
09:49:03	7.21	--	17	12257	卖盘
09:49:00	7.21	-0.01	58	41818	卖盘
09:48:57	7.22	--	105	75810	买盘
09:48:54	7.22	--	10	7220	买盘
09:48:51	7.22	--	184	132848	买盘
09:48:48	7.22	--	12	8664	买盘
09:48:45	7.22	--	11	7942	买盘
09:48:42	7.22	--	2	1444	买盘
09:48:33	7.22	--	3	2166	买盘
09:48:30	7.22	-0.01	272	196384	卖盘
09:48:27	7.23	0.01	22	15906	买盘
09:48:24	7.22	--	104	75088	卖盘
09:48:21	7.22	--	43	31046	卖盘
09:48:18	7.22	--	146	105412	卖盘
09:48:15	7.22	-0.01	6	4332	卖盘
09:48:12	7.23	0.01	200	144600	买盘
09:48:09	7.22	-0.01	13	9386	卖盘
09:48:06	7.23	0.01	40	28920	买盘
09:48:03	7.22	--	486	350892	卖盘
09:48:00	7.22	--	12	8664	卖盘
09:47:57	7.22	--	14	10108	卖盘
09:47:51	7.22	-0.01	103	74366	卖盘
09:47:45	7.23	--	34	24582	买盘
09:47:42	7.23	0.01	11	7953	买盘
09:47:39	7.22	-0.01	97	70034	卖盘
09:47:33	7.23	--	18	13014	买盘
09:47:27	7.23	--	30	21690	买盘
09:47:24	7.23	--	5	3615	买盘
09:47:18	7.23	--	54	39042	卖盘
09:47:15	7.23	--	71	51333	卖盘
09:47:12	7.23	--	45	32535	卖盘
09:47:09	7.23	--	140	101220	卖盘
09:47:00	7.23	--	159	114957	卖盘
09:46:57	7.23	-0.01	20	14460	卖盘
09:46:54	7.24	0.01	110	79640	买盘
09:46:51	7.23	-0.01	61	44103	卖盘
09:46:48	7.24	0.01	60	43440	买盘
09:46:45	7.23	-0.01	77	55671	卖盘
09:46:42	7.24	0.01	104	75296	买盘
09:46:39	7.23	--	168	121464	卖盘
09:46:36	7.23	--	45	32535	卖盘
09:46:33	7.23	--	10	7230	卖盘
09:46:30	7.23	--	1	723	卖盘
09:46:27	7.23	-0.01	92	66516	卖盘
09:46:24	7.24	0.01	100	72400	买盘
09:46:18	7.23	--	56	40488	卖盘
09:46:12	7.23	-0.01	25	18075	卖盘
09:46:09	7.24	--	14	10136	买盘
09:46:06	7.24	0.01	17	12308	买盘
09:46:00	7.23	-0.01	144	104112	卖盘
09:45:57	7.24	--	7	5068	买盘
09:45:54	7.24	--	7	5068	买盘
09:45:51	7.24	--	294	212856	卖盘
09:45:48	7.24	--	17	12308	卖盘
09:45:45	7.24	--	34	24616	卖盘
09:45:39	7.24	--	478	346072	卖盘
09:45:33	7.24	--	10	7240	卖盘
09:45:30	7.24	--	89	64436	卖盘
09:45:27	7.24	--	14	10136	卖盘
09:45:24	7.24	--	30	21720	卖盘
09:45:21	7.24	--	59	42716	卖盘
09:45:18	7.24	-0.01	5	3620	卖盘
09:45:12	7.25	0.01	1	725	买盘
09:45:09	7.24	-0.01	80	57920	卖盘
09:45:06	7.25	--	2	1450	买盘
09:45:03	7.25	--	35	25375	买盘
09:44:57	7.25	--	80	58000	买盘
09:44:54	7.25	--	9	6525	买盘
09:44:51	7.25	--	10	7250	买盘
09:44:48	7.25	--	34	24650	买盘
09:44:42	7.25	--	5	3625	买盘
09:44:39	7.25	--	7	5075	买盘
09:44:36	7.25	--	4	2900	买盘
09:44:33	7.25	--	20	14500	买盘
09:44:30	7.25	--	94	68150	买盘
09:44:27	7.25	--	122	88450	买盘
09:44:24	7.25	--	423	306675	买盘
09:44:21	7.25	0.01	75	54375	买盘
09:44:18	7.24	--	75	54300	买盘
09:44:15	7.24	--	87	62988	卖盘
09:44:09	7.24	-0.01	7	5068	卖盘
09:44:06	7.25	-0.01	403	292175	卖盘
09:44:03	7.26	0.01	15	10890	买盘
09:44:00	7.25	0.01	187	135575	买盘
09:43:57	7.24	--	38	27512	卖盘
09:43:54	7.24	-0.01	655	474220	卖盘
09:43:51	7.25	--	24	17400	卖盘
09:43:48	7.25	--	381	276225	买盘
09:43:45	7.25	--	156	113100	买盘
09:43:42	7.25	--	161	116725	买盘
09:43:39	7.25	--	42	30450	买盘
09:43:36	7.25	--	31	22475	买盘
09:43:33	7.25	0.01	45	32625	买盘
09:43:30	7.24	-0.01	4	2896	卖盘
09:43:27	7.25	--	325	235625	买盘
09:43:24	7.25	--	1	725	买盘
09:43:21	7.25	--	38	27550	买盘
09:43:15	7.25	0.01	29	21025	买盘
09:43:12	7.24	--	290	209960	买盘
09:43:09	7.24	--	13	9412	买盘
09:43:06	7.24	--	28	20272	买盘
09:43:03	7.24	0.01	65	47060	买盘
09:42:57	7.23	-0.01	5	3615	卖盘
09:42:54	7.24	--	23	16652	买盘
09:42:51	7.24	--	70	50680	买盘
09:42:48	7.24	0.01	102	73848	买盘
09:42:42	7.23	--	23	16629	卖盘
09:42:36	7.23	--	17	12291	卖盘
09:42:33	7.23	--	10	7230	卖盘
09:42:15	7.23	0.01	221	159783	买盘
09:42:12	7.22	-0.01	11	7942	卖盘
09:42:09	7.23	--	76	54948	买盘
09:42:06	7.23	0.01	96	69408	买盘
09:42:03	7.22	-0.01	68	49096	卖盘
09:42:00	7.23	--	45	32535	买盘
09:41:57	7.23	--	20	14460	买盘
09:41:54	7.23	--	95	68685	买盘
09:41:51	7.23	0.01	24	17352	买盘
09:41:48	7.22	-0.01	21	15162	卖盘
09:41:45	7.23	--	176	127248	买盘
09:41:42	7.23	0.01	186	134478	买盘
09:41:39	7.22	--	9	6498	卖盘
09:41:36	7.22	--	38	27436	卖盘
09:41:30	7.22	-0.01	40	28880	卖盘
09:41:27	7.23	--	20	14460	买盘
09:41:24	7.23	0.01	179	129417	买盘
09:41:21	7.22	--	14	10108	卖盘
09:41:18	7.22	-0.01	70	50540	卖盘
09:41:15	7.23	0.01	100	72300	买盘
09:41:12	7.22	--	211	152342	卖盘
09:41:09	7.22	--	34	24548	卖盘
09:41:03	7.22	-0.01	67	48374	卖盘
09:41:00	7.23	0.01	105	75915	买盘
09:40:51	7.22	--	24	17328	卖盘
09:40:48	7.22	--	5	3610	卖盘
09:40:45	7.22	--	296	213712	买盘
09:40:42	7.22	0.01	22	15884	买盘
09:40:39	7.21	-0.01	30	21630	卖盘
09:40:36	7.22	--	4	2888	买盘
09:40:33	7.22	0.01	135	97470	买盘
09:40:30	7.21	-0.01	16	11536	卖盘
09:40:27	7.22	--	79	57038	买盘
09:40:24	7.22	0.01	46	33212	买盘
09:40:21	7.21	-0.01	61	43981	卖盘
09:40:18	7.22	0.01	91	65702	买盘
09:40:15	7.21	--	52	37492	买盘
09:40:12	7.21	--	317	228557	买盘
09:40:09	7.21	-0.01	50	36050	卖盘
09:40:06	7.22	0.01	556	401432	买盘
09:40:03	7.21	--	242	174482	卖盘
09:39:57	7.21	--	27	19467	买盘
09:39:54	7.21	--	11	7931	买盘
09:39:48	7.21	--	31	22351	买盘
09:39:45	7.21	-0.01	414	298494	卖盘
09:39:42	7.22	0.01	2	1444	买盘
09:39:39	7.21	--	69	49749	卖盘
09:39:36	7.21	--	243	175203	卖盘
09:39:33	7.21	0.01	14	10094	卖盘
09:39:30	7.2	--	500	360000	卖盘
09:39:24	7.2	--	600	432000	卖盘
09:39:21	7.2	-0.01	80	57600	卖盘
09:39:18	7.21	0.02	252	181692	买盘
09:39:15	7.19	-0.01	292	209948	卖盘
09:39:12	7.2	--	15	10800	卖盘
09:39:09	7.2	--	27	19440	卖盘
09:39:06	7.2	--	360	259200	卖盘
09:39:03	7.2	--	41	29520	卖盘
09:39:00	7.2	--	126	90720	买盘
09:38:57	7.2	0.01	56	40320	买盘
09:38:54	7.19	-0.01	169	121511	卖盘
09:38:51	7.2	0.01	58	41760	买盘
09:38:48	7.19	-0.01	53	38107	卖盘
09:38:45	7.2	0.01	93	66960	买盘
09:38:42	7.19	--	16	11504	卖盘
09:38:39	7.19	--	126	90594	卖盘
09:38:36	7.19	-0.01	396	284724	卖盘
09:38:33	7.2	0.01	451	324720	买盘
09:38:30	7.19	--	167	120073	卖盘
09:38:27	7.19	-0.01	39	28041	卖盘
09:38:21	7.2	0.01	402	289440	买盘
09:38:18	7.19	-0.01	130	93470	卖盘
09:38:15	7.2	--	59	42480	买盘
09:38:12	7.2	--	74	53280	买盘
09:38:09	7.2	--	4	2880	买盘
09:38:06	7.2	--	72	51840	买盘
09:38:03	7.2	--	78	56160	买盘
09:38:00	7.2	--	2557	1841040	卖盘
09:37:57	7.2	--	60	43200	卖盘
09:37:54	7.2	--	96	69120	卖盘
09:37:51	7.2	-0.01	178	128160	卖盘
09:37:48	7.21	0.01	26	18746	买盘
09:37:45	7.2	--	410	295200	卖盘
09:37:42	7.2	-0.01	83	59760	卖盘
09:37:39	7.21	0.01	109	78589	买盘
09:37:36	7.2	-0.01	424	305280	卖盘
09:37:33	7.21	--	22	15862	买盘
09:37:30	7.21	0.01	13	9373	买盘
09:37:27	7.2	-0.01	1	720	卖盘
09:37:24	7.21	--	61	44579	卖盘
09:37:21	7.21	--	50	36050	卖盘
09:37:18	7.21	--	145	104545	卖盘
09:37:15	7.21	--	30	21630	卖盘
09:37:09	7.21	--	15	10815	卖盘
09:37:06	7.21	--	21	15141	卖盘
09:37:03	7.21	--	298	214858	卖盘
09:37:00	7.21	-0.01	90	64890	卖盘
09:36:45	7.22	--	40	28880	买盘
09:36:42	7.22	--	21	15162	买盘
09:36:39	7.22	--	23	16606	买盘
09:36:36	7.22	-0.01	50	36100	卖盘
09:36:33	7.23	0.01	105	75915	买盘
09:36:30	7.22	--	1212	875186	卖盘
09:36:27	7.22	--	97	70034	卖盘
09:36:24	7.22	--	18	12996	卖盘
09:36:18	7.22	--	54	38988	卖盘
09:36:15	7.22	-0.01	273	197106	卖盘
09:36:12	7.23	0.01	49	35427	买盘
09:36:09	7.22	--	291	210102	卖盘
09:36:06	7.22	--	2	1444	卖盘
09:36:03	7.22	--	10	7220	卖盘
09:36:00	7.22	--	105	75810	卖盘
09:35:57	7.22	-0.01	19	13718	卖盘
09:35:54	7.23	0.01	46	33258	买盘
09:35:51	7.22	--	51	36822	卖盘
09:35:48	7.22	--	11	7942	卖盘
09:35:45	7.22	--	30	21660	卖盘
09:35:39	7.22	--	312	225264	买盘
09:35:36	7.22	0.01	28	20216	买盘
09:35:33	7.21	-0.01	45	32445	卖盘
09:35:30	7.22	--	64	46208	买盘
09:35:27	7.22	--	164	118408	买盘
09:35:24	7.22	--	12	8664	买盘
09:35:21	7.22	-0.01	932	672904	卖盘
09:35:18	7.23	--	19	13737	卖盘
09:35:15	7.23	--	2	1446	卖盘
09:35:09	7.23	--	20	14460	卖盘
09:35:06	7.23	0.01	74	53502	买盘
09:35:03	7.22	-0.01	10	7220	卖盘
09:35:00	7.23	0.01	20	14460	买盘
09:34:57	7.22	-0.01	500	361000	卖盘
09:34:54	7.23	--	7	5061	买盘
09:34:51	7.23	--	43	31089	买盘
09:34:48	7.23	0.01	30	21690	买盘
09:34:45	7.22	-0.01	25	18050	卖盘
09:34:42	7.23	--	10	7230	买盘
09:34:39	7.23	0.01	22	15906	买盘
09:34:36	7.22	--	75	54150	卖盘
09:34:33	7.22	--	35	25270	卖盘
09:34:30	7.22	-0.01	15	10830	卖盘
09:34:27	7.23	0.01	53	38319	买盘
09:34:24	7.22	-0.01	280	202160	卖盘
09:34:21	7.23	0.01	65	46995	买盘
09:34:18	7.22	-0.01	17	12274	卖盘
09:34:12	7.23	--	21	15183	买盘
09:34:09	7.23	0.01	3	2169	买盘
09:34:06	7.22	-0.01	398	287356	卖盘
09:34:00	7.23	--	21	15183	买盘
09:33:57	7.23	--	41	29643	买盘
09:33:54	7.23	--	10	7230	买盘
09:33:51	7.23	0.01	100	72300	买盘
09:33:48	7.22	-0.01	30	21660	卖盘
09:33:45	7.23	--	39	28197	买盘
09:33:36	7.23	--	81	58563	买盘
09:33:33	7.23	--	330	238590	买盘
09:33:30	7.23	--	156	112788	卖盘
09:33:27	7.23	--	5	3615	卖盘
09:33:21	7.23	--	62	44826	卖盘
09:33:18	7.23	--	2	1446	卖盘
09:33:12	7.23	--	1	723	卖盘
09:33:09	7.23	0.01	50	36150	买盘
09:33:06	7.22	-0.01	52	37544	卖盘
09:32:57	7.23	--	22	15906	卖盘
09:32:54	7.23	--	88	63624	买盘
09:32:51	7.23	0.01	21	15183	中性盘
09:32:45	7.22	-0.01	147	106134	卖盘
09:32:42	7.23	0.01	69	49887	买盘
09:32:39	7.22	-0.01	29	20938	卖盘
09:32:36	7.23	0.01	13	9399	买盘
09:32:33	7.22	-0.01	29	20938	卖盘
09:32:30	7.23	--	32	23136	买盘
09:32:27	7.23	0.01	60	43380	买盘
09:32:24	7.22	-0.01	15	10830	卖盘
09:32:18	7.23	--	6	4338	买盘
09:32:15	7.23	--	37	26751	卖盘
09:32:12	7.23	--	930	672390	买盘
09:32:09	7.23	0.01	25	18075	买盘
09:32:06	7.22	-0.02	62	44764	卖盘
09:32:03	7.24	0.01	318	230232	买盘
09:32:00	7.23	0.01	34	24582	买盘
09:31:54	7.22	-0.01	3	2166	卖盘
09:31:48	7.23	0.01	2	1446	中性盘
09:31:42	7.22	-0.02	266	192052	卖盘
09:31:39	7.24	0.01	104	75296	买盘
09:31:36	7.23	-0.01	190	137370	卖盘
09:31:33	7.24	0.01	1	724	买盘
09:31:27	7.23	-0.01	15	10845	卖盘
09:31:24	7.24	--	5	3620	买盘
09:31:21	7.24	--	153	110772	买盘
09:31:12	7.24	--	12	8688	卖盘
09:31:09	7.24	--	27	19548	卖盘
09:31:00	7.24	--	4	2896	卖盘
09:30:57	7.24	--	4	2896	卖盘
09:30:54	7.24	-0.01	105	76020	中性盘
09:30:51	7.25	0.02	20	14500	买盘
09:30:48	7.23	-0.02	50	36150	卖盘
09:30:45	7.25	0.02	115	83375	买盘
09:30:42	7.23	--	9	6507	卖盘
09:30:39	7.23	--	70	50610	卖盘
09:30:36	7.23	-0.02	57	41211	卖盘
09:30:27	7.25	0.02	10	7250	买盘
09:30:24	7.23	-0.02	5	3615	卖盘
09:30:18	7.25	--	6	4350	买盘
09:30:15	7.25	--	429	311025	买盘
09:30:12	7.25	--	51	36975	买盘
09:30:09	7.25	--	1248	904800	买盘
09:30:06	7.25	--	753	545925	卖盘
09:30:03	7.25	--	48	34800	卖盘
09:25:03	7.25	7.25	1294	938150	买盘
