成交时间	成交价	价格变动	成交量(手)	成交额(元)	性质
15:00:03	27.08	--	748	2026937	卖盘
14:57:03	27.08	--	1	2708	卖盘
14:57:00	27.08	--	41	111028	买盘
14:56:57	27.08	0.01	9	24372	买盘
14:56:54	27.07	--	45	121815	卖盘
14:56:48	27.07	-0.01	7	18949	卖盘
14:56:45	27.08	0.01	17	46036	买盘
14:56:39	27.07	--	3	8121	卖盘
14:56:36	27.07	-0.01	27	73089	中性盘
14:56:33	27.08	0.02	94	254551	买盘
14:56:30	27.06	-0.03	11	29766	卖盘
14:56:27	27.09	0.03	10	27090	买盘
14:56:24	27.06	-0.01	3	8118	卖盘
14:56:21	27.07	0.02	22	59554	中性盘
14:56:15	27.05	-0.05	6	16230	卖盘
14:56:12	27.1	0.05	70	189700	买盘
14:56:09	27.05	-0.05	2	5410	卖盘
14:56:06	27.1	0.02	147	398370	买盘
14:56:03	27.08	-0.01	3	8123	中性盘
14:56:00	27.09	-0.01	13	35217	中性盘
14:55:54	27.1	0.06	14	37940	买盘
14:55:51	27.04	-0.06	75	202800	卖盘
14:55:48	27.1	--	31	84010	买盘
14:55:45	27.1	--	42	113820	卖盘
14:55:42	27.1	--	8	21680	卖盘
14:55:39	27.1	--	50	135500	卖盘
14:55:36	27.1	-0.01	4	12384	卖盘
14:55:33	27.11	--	13	35243	卖盘
14:55:30	27.11	--	77	208747	卖盘
14:55:27	27.11	--	12	32532	卖盘
14:55:24	27.11	--	72	195192	卖盘
14:55:21	27.11	0.01	33	90628	买盘
14:55:18	27.1	--	10	28644	卖盘
14:55:15	27.1	--	35	94850	卖盘
14:55:12	27.1	--	20	54200	卖盘
14:55:06	27.1	--	15	40650	卖盘
14:55:03	27.1	-0.02	168	455280	卖盘
14:55:00	27.12	--	1	2712	卖盘
14:54:57	27.12	--	5	13560	卖盘
14:54:54	27.12	0.01	63	172564	买盘
14:54:48	27.11	-0.01	7	18977	卖盘
14:54:45	27.12	--	10	27120	买盘
14:54:42	27.12	--	2	5424	买盘
14:54:39	27.12	-0.01	512	1389547	卖盘
14:54:36	27.13	0.01	10	27130	买盘
14:54:33	27.12	-0.02	364	987168	卖盘
14:54:30	27.14	--	13	35282	买盘
14:54:27	27.14	--	29	78706	买盘
14:54:24	27.14	0.01	16	43424	买盘
14:54:21	27.13	--	5	13565	卖盘
14:54:18	27.13	--	5	13565	卖盘
14:54:12	27.13	--	102	276726	卖盘
14:54:09	27.13	--	25	67825	卖盘
14:54:06	27.13	--	14	37982	卖盘
14:54:00	27.13	--	10	27130	卖盘
14:53:57	27.13	--	6	16278	卖盘
14:53:54	27.13	--	5	13836	买盘
14:53:51	27.13	--	2	7867	卖盘
14:53:45	27.13	--	10	27130	卖盘
14:53:42	27.13	--	14	39338	卖盘
14:53:39	27.13	--	16	43408	卖盘
14:53:36	27.13	--	43	116659	卖盘
14:53:33	27.13	--	12	32556	卖盘
14:53:30	27.13	--	46	126425	卖盘
14:53:24	27.13	--	18	48834	卖盘
14:53:21	27.13	-0.01	14	37982	卖盘
14:53:18	27.14	0.01	14	37996	买盘
14:53:15	27.13	--	7	18991	卖盘
14:53:12	27.13	--	124	336412	卖盘
14:53:09	27.13	--	23	62399	卖盘
14:53:06	27.13	--	20	54260	卖盘
14:53:00	27.13	--	75	203475	卖盘
14:52:57	27.13	--	5	13565	卖盘
14:52:54	27.13	--	61	165493	买盘
14:52:42	27.13	--	15	40695	买盘
14:52:36	27.13	--	47	127511	卖盘
14:52:33	27.13	--	5	13565	卖盘
14:52:21	27.13	-0.01	10	27130	卖盘
14:52:15	27.14	--	8	21712	买盘
14:52:12	27.14	0.01	2	5428	买盘
14:52:09	27.13	--	17	46121	买盘
14:52:06	27.13	--	4	10852	买盘
14:52:03	27.13	-0.01	36	97668	卖盘
14:52:00	27.14	0.01	14	37996	买盘
14:51:57	27.13	-0.01	131	355403	卖盘
14:51:51	27.14	--	5	13570	买盘
14:51:48	27.14	--	17	46138	卖盘
14:51:39	27.14	-0.01	38	103132	卖盘
14:51:36	27.15	--	27	73305	买盘
14:51:33	27.15	0.01	20	54300	买盘
14:51:30	27.14	-0.01	3	8142	卖盘
14:51:27	27.15	0.02	10	27150	买盘
14:51:21	27.13	-0.02	25	67825	卖盘
14:51:18	27.15	-0.01	14	38010	卖盘
14:51:12	27.16	0.03	26	70616	买盘
14:51:06	27.13	-0.02	42	113946	卖盘
14:50:54	27.15	-0.02	10	27150	卖盘
14:50:51	27.17	0.02	20	54340	买盘
14:50:42	27.15	-0.01	40	108600	卖盘
14:50:36	27.16	-0.01	34	92344	卖盘
14:50:33	27.17	-0.01	1	2717	卖盘
14:50:30	27.18	0.01	2	5436	买盘
14:50:27	27.17	--	5	13585	卖盘
14:50:24	27.17	--	5	13585	卖盘
14:50:18	27.17	--	5	13585	卖盘
14:50:15	27.17	0.01	45	122265	买盘
14:50:12	27.16	-0.01	50	135800	卖盘
14:50:06	27.17	0.01	7	19019	买盘
14:50:03	27.16	--	1	2716	卖盘
14:49:51	27.16	-0.01	60	162960	卖盘
14:49:48	27.17	--	1	2717	买盘
14:49:45	27.17	--	30	81510	买盘
14:49:42	27.17	-0.01	1	2717	中性盘
14:49:27	27.18	0.01	10	27180	买盘
14:49:24	27.17	--	5	13585	卖盘
14:49:12	27.17	0.01	5	13585	中性盘
14:49:00	27.16	--	2	5432	卖盘
14:48:57	27.16	-0.01	3	8148	卖盘
14:48:54	27.17	0.01	10	27170	中性盘
14:48:39	27.16	--	11	29876	买盘
14:48:24	27.16	0.03	10	27160	买盘
14:48:18	27.13	-0.03	30	81390	卖盘
14:48:15	27.16	--	4	10864	买盘
14:48:09	27.16	-0.03	43	116788	卖盘
14:48:03	27.19	--	21	57099	中性盘
14:48:00	27.19	-0.01	10	27190	卖盘
14:47:57	27.2	0.02	300	816000	买盘
14:47:54	27.18	0.02	10	27180	买盘
14:47:51	27.16	-0.02	6	16296	中性盘
14:47:48	27.18	-0.01	10	27180	买盘
14:47:45	27.19	--	6	16314	买盘
14:47:42	27.19	0.01	24	65256	买盘
14:47:36	27.18	--	45	122310	卖盘
14:47:15	27.18	0.06	168	456624	买盘
14:47:12	27.12	--	39	105768	卖盘
14:47:09	27.12	--	38	103056	卖盘
14:47:06	27.12	-0.02	10	27120	卖盘
14:47:03	27.14	--	5	13570	买盘
14:46:57	27.14	0.02	6	16284	买盘
14:46:51	27.12	-0.01	29	78648	卖盘
14:46:48	27.13	-0.01	22	59686	卖盘
14:46:45	27.14	0.01	6	16284	中性盘
14:46:36	27.13	-0.01	32	86816	卖盘
14:46:33	27.14	--	20	54280	卖盘
14:46:24	27.14	0.01	39	105846	买盘
14:46:18	27.13	--	32	86816	卖盘
14:46:15	27.13	--	3	8139	卖盘
14:46:09	27.13	--	6	16278	卖盘
14:46:06	27.13	--	21	56973	卖盘
14:46:03	27.13	--	36	97668	卖盘
14:45:51	27.13	--	0	542	卖盘
14:45:39	27.13	0.01	31	86354	买盘
14:45:33	27.12	--	2	5424	卖盘
14:45:27	27.12	-0.01	17	46104	卖盘
14:45:24	27.13	--	52	141076	买盘
14:45:21	27.13	--	11	29843	买盘
14:45:18	27.13	--	4	10852	买盘
14:45:15	27.13	--	9	24417	买盘
14:45:12	27.13	--	2	5426	买盘
14:45:09	27.13	--	4	10852	买盘
14:45:06	27.13	--	10	27130	买盘
14:45:03	27.13	--	4	10852	买盘
14:45:00	27.13	--	49	132937	买盘
14:44:51	27.13	--	21	56973	买盘
14:44:48	27.13	--	30	81390	买盘
14:44:45	27.13	0.01	2	5426	买盘
14:44:42	27.12	-0.01	40	108480	卖盘
14:44:39	27.13	--	5	13565	买盘
14:44:36	27.13	0.01	32	86816	买盘
14:44:24	27.12	--	5	13560	卖盘
14:44:21	27.12	0.02	89	242724	买盘
14:44:18	27.1	-0.01	16	45528	卖盘
14:44:15	27.11	-0.01	4	10844	卖盘
14:44:06	27.12	--	33	89496	买盘
14:44:03	27.12	-0.01	4	10848	卖盘
14:44:00	27.13	--	4	10852	买盘
14:43:57	27.13	--	5	13565	买盘
14:43:51	27.13	--	6	16278	买盘
14:43:39	27.13	--	4	10852	买盘
14:43:18	27.13	--	26	72355	卖盘
14:43:15	27.13	--	3	8139	卖盘
14:43:03	27.13	0.03	38	103989	买盘
14:42:57	27.1	-0.04	10	27100	卖盘
14:42:51	27.14	0.01	130	352820	买盘
14:42:45	27.13	0.02	9	24417	买盘
14:42:39	27.11	-0.02	52	142788	卖盘
14:42:36	27.13	--	21	56973	卖盘
14:42:30	27.13	--	24	65112	卖盘
14:42:27	27.13	--	12	32556	卖盘
14:42:21	27.13	0.02	70	189910	买盘
14:42:12	27.11	-0.01	2	5422	卖盘
14:42:06	27.12	0.01	4	10848	买盘
14:42:03	27.11	-0.01	33	89463	卖盘
14:41:57	27.12	--	2	5424	卖盘
14:41:51	27.12	-0.01	3	8136	卖盘
14:41:48	27.13	0.01	3	8139	买盘
14:41:45	27.12	-0.01	15	40680	买盘
14:41:39	27.13	0.01	70	189910	买盘
14:41:30	27.12	-0.01	18	48816	中性盘
14:41:27	27.13	--	34	92242	买盘
14:41:18	27.13	--	1	2713	买盘
14:41:12	27.13	-0.01	14	37982	中性盘
14:41:03	27.14	0.02	30	81420	买盘
14:40:51	27.12	-0.03	37	100344	卖盘
14:40:42	27.15	0.01	5	13575	买盘
14:40:39	27.14	0.01	2	5428	中性盘
14:40:36	27.13	-0.01	3	9034	买盘
14:40:24	27.14	-0.02	16	45242	卖盘
14:40:21	27.16	0.01	2	5432	买盘
14:40:18	27.15	0.04	45	123070	买盘
14:40:15	27.11	-0.03	24	65064	卖盘
14:40:06	27.14	-0.01	15	42528	卖盘
14:39:54	27.15	0.01	17	47050	买盘
14:39:51	27.14	0.01	11	29854	卖盘
14:39:42	27.13	--	28	75964	卖盘
14:39:39	27.13	--	3	8139	卖盘
14:39:36	27.13	--	30	81390	卖盘
14:39:30	27.13	0.02	13	35269	买盘
14:39:27	27.11	0.01	3	8133	卖盘
14:39:21	27.1	--	16	43360	买盘
14:39:15	27.1	--	5	13550	买盘
14:39:03	27.1	-0.05	39	105690	中性盘
14:39:00	27.15	0.05	42	114030	买盘
14:38:51	27.1	-0.05	96	260160	卖盘
14:38:48	27.15	--	20	54300	买盘
14:38:18	27.15	0.01	4	10860	买盘
14:38:15	27.14	--	31	85952	卖盘
14:38:12	27.14	-0.01	17	46138	卖盘
14:38:09	27.15	--	9	24435	买盘
14:38:03	27.15	--	15	40725	买盘
14:38:00	27.15	-0.03	51	138465	卖盘
14:37:57	27.18	0.03	5	13590	中性盘
14:37:51	27.15	-0.03	123	333945	卖盘
14:37:48	27.18	-0.01	4	10872	卖盘
14:37:45	27.19	0.01	9	24471	买盘
14:37:33	27.18	--	57	154926	买盘
14:37:27	27.18	--	2	5436	买盘
14:37:18	27.18	0.03	5	13590	买盘
14:37:12	27.15	--	6	16290	卖盘
14:37:03	27.15	-0.03	1	2715	卖盘
14:36:54	27.18	0.04	5	13590	买盘
14:36:39	27.14	-0.04	13	35282	卖盘
14:36:36	27.18	0.04	1	2718	中性盘
14:36:27	27.14	-0.04	57	154698	卖盘
14:36:21	27.18	-0.01	3	8154	卖盘
14:36:12	27.19	--	21	57099	买盘
14:36:06	27.19	--	20	54380	买盘
14:36:03	27.19	0.01	5	13595	买盘
14:35:57	27.18	-0.01	9	24462	中性盘
14:35:48	27.19	0.02	107	290933	买盘
14:35:42	27.17	-0.01	2	5434	买盘
14:35:39	27.18	--	1	2718	买盘
14:35:33	27.18	--	34	92412	买盘
14:35:15	27.18	--	5	13590	买盘
14:35:12	27.18	--	4	10872	买盘
14:35:06	27.18	0.02	10	27180	买盘
14:35:00	27.16	-0.02	27	73332	卖盘
14:34:45	27.18	0.03	5	13590	买盘
14:34:18	27.15	-0.01	42	114030	卖盘
14:34:15	27.16	--	4	10864	卖盘
14:34:00	27.16	--	1	2716	卖盘
14:33:51	27.16	--	5	13580	卖盘
14:33:45	27.16	0.01	18	48888	中性盘
14:33:42	27.15	--	1	2715	卖盘
14:33:27	27.15	-0.01	10	27150	卖盘
14:33:24	27.16	-0.01	2	5432	卖盘
14:33:21	27.17	-0.01	20	54340	中性盘
14:33:15	27.18	--	3	8154	买盘
14:33:06	27.18	--	37	100566	卖盘
14:33:03	27.18	--	2	5436	卖盘
14:33:00	27.18	--	5	13590	卖盘
14:32:54	27.18	--	10	27180	卖盘
14:32:51	27.18	--	10	27180	卖盘
14:32:48	27.18	0.02	189	513702	买盘
14:32:42	27.16	-0.02	22	59752	卖盘
14:32:39	27.18	--	11	29898	买盘
14:32:30	27.18	--	8	21744	卖盘
14:32:21	27.18	--	44	119592	中性盘
14:32:12	27.18	--	5	13590	中性盘
14:31:51	27.18	0.03	1	2718	买盘
14:31:48	27.15	-0.03	2	5430	卖盘
14:31:45	27.18	-0.01	11	29898	卖盘
14:31:30	27.19	0.04	12	32628	买盘
14:31:15	27.15	-0.03	31	84165	卖盘
14:31:12	27.18	--	10	28430	买盘
14:31:00	27.18	--	4	10872	买盘
14:30:54	27.18	-0.01	6	17775	卖盘
14:30:45	27.19	0.01	2	5438	买盘
14:30:36	27.18	-0.01	1	3968	卖盘
14:30:21	27.19	--	1	2719	买盘
14:30:18	27.19	--	9	24471	卖盘
14:30:15	27.19	-0.01	1	2719	中性盘
14:30:12	27.2	--	42	114240	买盘
14:29:57	27.2	0.04	5	13600	买盘
14:29:51	27.16	-0.04	30	81480	卖盘
14:29:48	27.2	--	10	27200	买盘
14:29:42	27.2	--	26	70720	买盘
14:29:33	27.2	-0.02	4	10880	买盘
14:29:24	27.22	-0.01	1	2722	卖盘
14:29:00	27.23	-0.02	2	5446	中性盘
14:28:51	27.25	0.09	100	272500	买盘
14:28:45	27.16	-0.08	42	114072	卖盘
14:28:42	27.24	0.07	30	81720	买盘
14:28:39	27.17	0.01	6	16302	中性盘
14:28:33	27.16	-0.07	36	97776	卖盘
14:28:21	27.23	0.06	95	258685	买盘
14:28:12	27.17	-0.03	7	19019	卖盘
14:28:06	27.2	0.02	100	272000	买盘
14:28:00	27.18	0.01	93	252774	买盘
14:27:57	27.17	--	10	27170	买盘
14:27:54	27.17	0.01	71	192907	中性盘
14:27:42	27.16	--	25	70208	卖盘
14:27:39	27.16	-0.01	46	124936	卖盘
14:27:36	27.17	0.01	8	21736	买盘
14:27:33	27.16	--	10	29604	卖盘
14:27:30	27.16	--	3	8148	卖盘
14:27:27	27.16	-0.01	20	54320	卖盘
14:27:21	27.17	0.01	8	21736	买盘
14:27:09	27.16	--	5	13580	卖盘
14:27:00	27.16	--	38	103208	卖盘
14:26:57	27.16	-0.01	2	5432	卖盘
14:26:54	27.17	--	7	19019	买盘
14:26:36	27.17	--	1	2717	买盘
14:26:33	27.17	--	2	5434	买盘
14:26:27	27.17	--	2	5434	买盘
14:26:21	27.17	-0.01	11	31109	卖盘
14:25:57	27.18	0.01	11	29898	中性盘
14:25:51	27.17	-0.01	32	86944	卖盘
14:25:45	27.18	--	1	2718	卖盘
14:25:39	27.18	0.01	6	16308	卖盘
14:25:36	27.17	--	5	13585	卖盘
14:25:33	27.17	-0.01	82	222794	卖盘
14:25:30	27.18	0.01	16	44982	买盘
14:25:27	27.17	-0.01	13	35321	卖盘
14:25:24	27.18	--	37	100566	买盘
14:25:21	27.18	0.01	11	29898	买盘
14:25:15	27.17	-0.01	10	27170	卖盘
14:25:12	27.18	0.01	16	43488	买盘
14:25:09	27.17	--	5	13585	卖盘
14:25:03	27.17	--	10	27170	卖盘
14:24:42	27.17	0.01	31	84227	买盘
14:24:36	27.16	--	40	108640	卖盘
14:24:33	27.16	-0.01	35	96146	卖盘
14:24:30	27.17	0.01	2	5434	买盘
14:24:27	27.16	--	23	62468	卖盘
14:24:18	27.16	-0.02	3	8148	卖盘
14:24:09	27.18	0.02	5	13590	买盘
14:24:06	27.16	-0.01	12	32592	卖盘
14:24:03	27.17	--	8	22822	卖盘
14:24:00	27.17	-0.05	58	157586	卖盘
14:23:57	27.22	0.04	10	27220	买盘
14:23:48	27.18	-0.04	45	122310	卖盘
14:23:45	27.22	--	12	32664	卖盘
14:23:42	27.22	--	6	16332	卖盘
14:23:39	27.22	--	47	127934	卖盘
14:23:33	27.22	--	2	5444	卖盘
14:23:30	27.22	--	18	49867	卖盘
14:23:27	27.22	0.02	158	430076	买盘
14:23:24	27.2	--	3	8160	卖盘
14:23:21	27.2	--	1	2720	卖盘
14:23:18	27.2	--	32	87040	卖盘
14:23:15	27.2	-0.01	2	5440	卖盘
14:23:09	27.21	-0.01	118	321078	卖盘
14:22:57	27.22	-0.01	91	247702	卖盘
14:22:54	27.23	0.01	21	57183	买盘
14:22:51	27.22	--	10	27220	卖盘
14:22:48	27.22	-0.01	10	27220	卖盘
14:22:45	27.23	--	6	16338	买盘
14:22:42	27.23	0.01	50	136150	买盘
14:22:39	27.22	--	20	54440	卖盘
14:22:33	27.22	--	12	32664	卖盘
14:22:24	27.22	--	9	24498	卖盘
14:22:21	27.22	-0.01	17	46274	中性盘
14:22:15	27.23	--	10	27230	买盘
14:21:57	27.23	--	38	103474	买盘
14:21:54	27.23	0.01	2	5446	买盘
14:21:51	27.22	--	19	51718	卖盘
14:21:42	27.22	--	5	13610	卖盘
14:21:39	27.22	-0.01	5	13610	中性盘
14:21:36	27.23	0.02	1	2723	买盘
14:21:30	27.21	-0.01	48	130608	卖盘
14:21:27	27.22	0.02	102	277644	买盘
14:21:21	27.2	-0.01	145	396793	卖盘
14:21:12	27.21	--	10	27210	买盘
14:21:09	27.21	0.01	5	13605	买盘
14:21:06	27.2	--	9	24480	卖盘
14:21:00	27.2	--	44	120006	买盘
14:20:57	27.2	0.01	36	97920	买盘
14:20:51	27.19	--	23	64929	卖盘
14:20:39	27.19	--	6	16314	卖盘
14:20:36	27.19	--	12	32954	买盘
14:20:30	27.19	--	7	21425	卖盘
14:20:27	27.19	0.01	2	5764	买盘
14:20:18	27.18	--	5	13590	买盘
14:20:15	27.18	-0.01	5	13590	卖盘
14:20:09	27.19	--	11	29909	买盘
14:20:06	27.19	0.03	30	81570	买盘
14:20:00	27.16	--	18	51278	卖盘
14:19:45	27.16	-0.04	0	325	卖盘
14:19:33	27.2	--	15	40800	卖盘
14:19:30	27.2	0.02	3	8160	卖盘
14:19:21	27.18	--	8	21744	买盘
14:19:18	27.18	0.03	2	5436	买盘
14:19:15	27.15	-0.02	28	76020	卖盘
14:19:12	27.17	-0.02	72	195624	中性盘
14:18:57	27.19	0.02	36	97884	买盘
14:18:54	27.17	-0.03	17	46189	卖盘
14:18:48	27.2	0.04	10	27200	买盘
14:18:42	27.16	--	2	5432	卖盘
14:18:39	27.16	-0.01	23	62468	卖盘
14:18:36	27.17	--	19	51623	卖盘
14:18:33	27.17	--	7	19019	买盘
14:18:27	27.17	-0.04	6	16302	中性盘
14:18:21	27.21	--	17	46257	买盘
14:18:18	27.21	0.04	1	2721	买盘
14:18:15	27.17	-0.01	30	81510	卖盘
14:18:12	27.18	-0.03	36	97848	卖盘
14:18:09	27.21	-0.01	7	19047	中性盘
14:18:06	27.22	0.01	3	8166	买盘
14:18:03	27.21	-0.01	1	2721	买盘
14:18:00	27.22	--	3	8166	买盘
14:17:54	27.22	--	134	364748	买盘
14:17:51	27.22	0.01	10	27220	中性盘
14:17:48	27.21	-0.01	10	27210	中性盘
14:17:45	27.22	--	36	97992	买盘
14:17:42	27.22	0.01	1	2722	买盘
14:17:39	27.21	--	31	84351	卖盘
14:17:36	27.21	0.01	32	87072	中性盘
14:17:24	27.2	0.01	2	5440	卖盘
14:17:21	27.19	-0.03	5	13595	卖盘
14:17:18	27.22	0.04	10	27220	买盘
14:17:15	27.18	-0.01	133	361494	卖盘
14:17:12	27.19	--	1	2719	买盘
14:17:09	27.19	--	2	5438	卖盘
14:17:06	27.19	--	8	21752	买盘
14:16:57	27.19	0.01	12	32628	买盘
14:16:51	27.18	--	12	32616	买盘
14:16:48	27.18	0.01	2	5436	买盘
14:16:45	27.17	0.01	29	78793	买盘
14:16:42	27.16	--	34	92344	卖盘
14:16:36	27.16	--	5	13580	卖盘
14:16:30	27.16	--	2	5432	卖盘
14:16:27	27.16	--	117	317772	买盘
14:16:24	27.16	--	53	143948	买盘
14:16:21	27.16	--	81	219996	买盘
14:16:18	27.16	--	39	105924	买盘
14:16:12	27.16	0.01	4	10864	买盘
14:16:09	27.15	-0.01	135	366525	卖盘
14:16:06	27.16	--	4	10864	买盘
14:16:03	27.16	--	15	40740	买盘
14:16:00	27.16	--	66	179256	买盘
14:15:57	27.16	0.01	35	95060	买盘
14:15:54	27.15	-0.01	7	19005	卖盘
14:15:48	27.16	0.01	89	241724	买盘
14:15:42	27.15	0.01	5	13575	买盘
14:15:39	27.14	--	42	113988	买盘
14:15:36	27.14	--	97	263258	卖盘
14:15:33	27.14	--	3	8142	买盘
14:15:27	27.14	--	19	51566	买盘
14:15:15	27.14	0.01	1	2714	买盘
14:15:12	27.13	-0.01	3	8139	卖盘
14:15:09	27.14	--	9	24426	买盘
14:15:03	27.14	0.01	61	165554	买盘
14:15:00	27.13	--	10	27130	卖盘
14:14:57	27.13	0.01	35	94955	中性盘
14:14:54	27.12	-0.02	10	27120	卖盘
14:14:51	27.14	0.02	23	62422	买盘
14:14:48	27.12	--	32	86784	卖盘
14:14:33	27.12	--	39	105768	卖盘
14:14:30	27.12	--	4	10848	买盘
14:14:24	27.12	--	39	105768	买盘
14:14:21	27.12	--	6	16272	买盘
14:14:18	27.12	0.01	55	149160	买盘
14:14:15	27.11	--	5	13555	卖盘
14:14:06	27.11	--	4	10844	卖盘
14:14:03	27.11	-0.01	1	2711	卖盘
14:14:00	27.12	0.01	5	13560	买盘
14:13:51	27.11	--	3	8133	买盘
14:13:48	27.11	0.07	3	8133	买盘
14:13:45	27.04	-0.07	8	21632	卖盘
14:13:42	27.11	0.03	63	170793	买盘
14:13:39	27.08	0.04	12	32495	买盘
14:13:36	27.04	--	30	81120	买盘
14:13:30	27.04	--	2	5408	买盘
14:13:27	27.04	-0.01	4	10816	卖盘
14:13:21	27.05	0.02	26	70330	买盘
14:13:18	27.03	-0.02	21	56763	卖盘
14:13:15	27.05	--	10	27050	买盘
14:13:12	27.05	0.02	5	13525	买盘
14:13:00	27.03	--	36	97308	卖盘
14:12:51	27.03	--	6	16218	卖盘
14:12:42	27.03	0.01	8	21624	中性盘
14:12:24	27.02	--	35	94570	卖盘
14:12:21	27.02	--	10	27020	卖盘
14:12:15	27.02	--	1	2702	买盘
14:12:03	27.02	0.01	12	32424	买盘
14:11:57	27.01	--	65	175565	卖盘
14:11:48	27.01	-0.01	48	129648	卖盘
14:11:45	27.02	--	55	148610	卖盘
14:11:39	27.02	--	17	45934	卖盘
14:11:33	27.02	-0.03	10	27020	卖盘
14:11:30	27.05	0.03	1	2705	买盘
14:11:18	27.02	-0.03	34	91868	卖盘
14:11:12	27.05	0.03	3	8115	买盘
14:11:09	27.02	--	15	40530	卖盘
14:10:57	27.02	-0.03	3	8106	卖盘
14:10:51	27.05	0.03	72	194760	买盘
14:10:45	27.02	--	10	27020	卖盘
14:10:42	27.02	--	29	78358	卖盘
14:10:33	27.02	0.01	38	102676	中性盘
14:10:12	27.01	-0.04	29	78329	卖盘
14:10:06	27.05	0.04	3	8115	买盘
14:10:03	27.01	-0.02	361	975061	卖盘
14:09:42	27.03	--	42	113526	卖盘
14:09:39	27.03	-0.05	58	156774	卖盘
14:09:30	27.08	0.05	14	37912	买盘
14:09:12	27.03	--	20	54060	卖盘
14:09:09	27.03	--	10	27030	卖盘
14:09:03	27.03	--	44	118932	卖盘
14:08:57	27.03	-0.01	37	100011	卖盘
14:08:48	27.04	--	27	73008	卖盘
14:08:36	27.04	--	41	110864	卖盘
14:08:33	27.04	--	12	32448	卖盘
14:08:18	27.04	--	34	91936	卖盘
14:08:09	27.04	-0.07	72	194688	卖盘
14:08:00	27.11	0.05	12	32532	买盘
14:07:51	27.06	0.01	1	2706	买盘
14:07:48	27.05	--	7	18935	卖盘
14:07:45	27.05	0.01	7	18935	卖盘
14:07:42	27.04	-0.02	29	78416	卖盘
14:07:39	27.06	0.02	3	8118	买盘
14:07:33	27.04	-0.02	5	13520	卖盘
14:07:21	27.06	0.02	3	8118	买盘
14:07:12	27.04	-0.02	34	91936	卖盘
14:07:09	27.06	0.02	5	13530	买盘
14:07:03	27.04	--	44	118976	卖盘
14:06:51	27.04	-0.02	15	40560	卖盘
14:06:45	27.06	0.01	5	13530	买盘
14:06:36	27.05	--	31	83855	卖盘
14:06:30	27.05	-0.05	34	91970	卖盘
14:06:27	27.1	0.04	9	24390	买盘
14:06:09	27.06	0.01	2	5412	买盘
14:06:06	27.05	--	1	2705	卖盘
14:06:03	27.05	-0.01	65	175825	卖盘
14:06:00	27.06	--	6	16236	买盘
14:05:54	27.06	--	1	2706	买盘
14:05:51	27.06	--	31	83886	卖盘
14:05:15	27.06	--	31	83886	卖盘
14:05:12	27.06	--	1	2706	卖盘
14:05:06	27.06	--	5	13530	卖盘
14:04:42	27.06	-0.03	32	86592	卖盘
14:04:39	27.09	-0.01	28	75852	卖盘
14:04:33	27.1	-0.02	5	13550	卖盘
14:04:15	27.12	--	49	132888	卖盘
14:04:12	27.12	-0.01	62	168144	卖盘
14:04:09	27.13	--	20	54260	买盘
14:04:00	27.13	0.01	12	32556	买盘
14:03:57	27.12	--	18	48816	卖盘
14:03:48	27.12	--	5	13560	卖盘
14:03:45	27.12	--	1	2712	卖盘
14:03:42	27.12	--	5	13560	卖盘
14:03:39	27.12	0.02	155	420360	买盘
14:03:36	27.1	0.01	2	5420	中性盘
14:03:30	27.09	-0.01	100	270900	卖盘
14:03:12	27.1	--	6	16260	买盘
14:03:03	27.1	0.01	21	56910	买盘
14:03:00	27.09	--	4	10836	卖盘
14:02:54	27.09	--	31	83979	卖盘
14:02:51	27.09	--	10	27090	卖盘
14:02:45	27.09	0.03	2	5418	买盘
14:02:36	27.06	0.01	6	16236	中性盘
14:02:24	27.05	--	4	10820	卖盘
14:02:21	27.05	--	31	83855	卖盘
14:02:12	27.05	--	11	29755	卖盘
14:01:57	27.05	--	20	54100	卖盘
14:01:51	27.05	0.01	2	5410	买盘
14:01:48	27.04	-0.06	29	78416	卖盘
14:01:39	27.1	--	2	5420	买盘
14:01:21	27.1	0.06	5	13550	买盘
14:01:18	27.04	-0.05	48	129792	卖盘
14:01:09	27.09	--	50	135450	卖盘
14:01:03	27.09	-0.02	1	2709	卖盘
14:00:54	27.11	0.02	8	21688	买盘
14:00:45	27.09	-0.01	35	94815	卖盘
14:00:42	27.1	--	98	265580	买盘
14:00:36	27.1	--	20	54200	买盘
14:00:33	27.1	0.01	20	54200	买盘
14:00:27	27.09	-0.01	30	81270	卖盘
14:00:21	27.1	0.01	25	67750	中性盘
14:00:15	27.09	-0.01	31	83979	卖盘
14:00:09	27.1	-0.01	1	2710	卖盘
14:00:06	27.11	0.01	10	27110	中性盘
13:59:42	27.1	--	29	78590	卖盘
13:59:39	27.1	-0.02	8	21680	卖盘
13:59:33	27.12	-0.01	41	111192	卖盘
13:59:21	27.13	0.01	31	84103	买盘
13:59:12	27.12	--	1	2712	卖盘
13:59:00	27.12	--	15	40680	卖盘
13:58:54	27.12	-0.01	10	27120	卖盘
13:58:48	27.13	0.01	10	27130	买盘
13:58:42	27.12	--	29	78648	卖盘
13:58:39	27.12	--	3	8136	卖盘
13:58:33	27.12	0.03	202	547824	买盘
13:58:12	27.09	-0.03	40	108360	卖盘
13:58:09	27.12	--	3	8136	买盘
13:58:06	27.12	0.01	10	27120	买盘
13:58:03	27.11	--	5	13555	卖盘
13:57:51	27.11	-0.01	12	32532	卖盘
13:57:45	27.12	0.01	3	8136	买盘
13:57:39	27.11	--	43	116573	卖盘
13:57:36	27.11	-0.01	35	94885	卖盘
13:57:30	27.12	--	9	24408	买盘
13:57:06	27.12	0.03	5	13560	买盘
13:56:57	27.09	--	5	13545	卖盘
13:56:54	27.09	-0.01	31	83979	卖盘
13:56:45	27.1	0.01	8	21680	买盘
13:56:42	27.09	--	59	159831	卖盘
13:56:21	27.09	--	54	146286	卖盘
13:56:18	27.09	0.04	99	268191	买盘
13:56:12	27.05	0.02	2	5410	中性盘
13:55:42	27.03	-0.06	46	124338	卖盘
13:55:36	27.09	--	2	5418	买盘
13:55:33	27.09	0.05	1	2709	中性盘
13:55:30	27.04	--	31	83824	卖盘
13:55:24	27.04	-0.05	48	129792	卖盘
13:55:15	27.09	-0.01	2	5418	中性盘
13:54:45	27.1	0.03	11	29810	买盘
13:54:39	27.07	-0.02	36	97452	卖盘
13:54:27	27.09	-0.01	30	81270	卖盘
13:54:18	27.1	0.01	20	54200	买盘
13:54:00	27.09	-0.01	32	86688	卖盘
13:53:51	27.1	--	1	2710	买盘
13:53:48	27.1	0.01	5	13550	买盘
13:53:36	27.09	0.01	1	2709	买盘
13:53:33	27.08	0.01	2	5416	买盘
13:53:30	27.07	-0.01	35	94745	卖盘
13:53:27	27.08	0.01	1	2708	买盘
13:53:21	27.07	-0.01	50	135350	卖盘
13:53:18	27.08	--	2	5416	买盘
13:53:12	27.08	0.03	1	2708	买盘
13:53:00	27.05	0.02	34	91970	买盘
13:52:57	27.03	-0.01	36	97308	卖盘
13:52:54	27.04	--	25	67600	卖盘
13:52:48	27.04	--	46	124384	买盘
13:52:42	27.04	-0.01	20	54080	中性盘
13:52:33	27.05	0.03	3	8115	买盘
13:52:24	27.02	-0.03	31	83762	卖盘
13:52:21	27.05	0.02	5	13525	买盘
13:52:18	27.03	-0.01	15	40545	卖盘
13:52:15	27.04	--	5	13520	卖盘
13:52:09	27.04	0.02	20	54080	卖盘
13:51:51	27.02	-0.02	47	126994	卖盘
13:51:45	27.04	--	2	5408	买盘
13:51:42	27.04	-0.01	35	94640	中性盘
13:51:18	27.05	0.04	8	21640	买盘
13:51:15	27.01	-0.02	56	151256	卖盘
13:51:03	27.03	0.02	40	109390	买盘
13:50:57	27.01	-0.01	299	807599	卖盘
13:50:54	27.02	-0.01	20	54040	卖盘
13:50:51	27.03	--	535	1447537	卖盘
13:50:48	27.03	-0.04	2	5406	卖盘
13:50:42	27.07	0.04	14	37898	买盘
13:50:36	27.03	--	32	86496	卖盘
13:50:33	27.03	--	56	151368	卖盘
13:50:24	27.03	-0.02	303	819009	卖盘
13:50:21	27.05	0.01	2	5410	卖盘
13:50:12	27.04	--	31	83824	卖盘
13:50:09	27.04	--	23	62192	卖盘
13:50:00	27.04	--	25	67600	卖盘
13:49:57	27.04	-0.01	26	70574	卖盘
13:49:54	27.05	--	11	32189	卖盘
13:49:51	27.05	--	5	13525	卖盘
13:49:45	27.05	--	37	100085	卖盘
13:49:39	27.05	--	43	116315	卖盘
13:49:30	27.05	-0.03	45	121995	卖盘
13:49:24	27.08	0.03	17	46036	买盘
13:49:21	27.05	-0.03	30	81150	卖盘
13:49:15	27.08	0.03	8	21664	买盘
13:49:12	27.05	--	35	94675	卖盘
13:49:09	27.05	-0.01	20	54100	卖盘
13:48:57	27.06	-0.02	30	81180	卖盘
13:48:48	27.08	--	50	135400	卖盘
13:48:45	27.08	--	5	13540	卖盘
13:48:39	27.08	--	26	70408	卖盘
13:48:36	27.08	0.01	7	18956	买盘
13:48:27	27.07	--	17	46019	卖盘
13:48:21	27.07	--	5	13535	卖盘
13:47:54	27.07	0.01	2	5414	买盘
13:47:45	27.06	--	1	2706	卖盘
13:47:36	27.06	--	19	51414	卖盘
13:47:33	27.06	--	7	18942	卖盘
13:47:30	27.06	--	20	54120	卖盘
13:47:27	27.06	-0.01	7	18942	卖盘
13:47:12	27.07	--	6	16242	卖盘
13:47:09	27.07	--	1	2707	卖盘
13:47:03	27.07	--	5	13535	卖盘
13:46:54	27.07	-0.03	2	5414	卖盘
13:46:51	27.1	0.03	13	35230	买盘
13:46:48	27.07	0.01	32	86624	中性盘
13:46:39	27.06	-0.01	54	146124	卖盘
13:46:33	27.07	--	21	56847	卖盘
13:46:24	27.07	-0.03	37	100159	卖盘
13:46:06	27.1	0.03	10	27100	买盘
13:45:54	27.07	--	2	5414	卖盘
13:45:48	27.07	--	1	2707	卖盘
13:45:45	27.07	0.02	15	40605	买盘
13:45:36	27.05	-0.01	3	8115	卖盘
13:45:33	27.06	-0.01	4	10824	中性盘
13:45:27	27.07	0.02	30	81210	买盘
13:45:21	27.05	-0.01	10	27050	卖盘
13:45:12	27.06	--	1	2706	买盘
13:45:06	27.06	-0.01	2	5412	卖盘
13:44:57	27.07	0.03	3	8121	卖盘
13:44:42	27.04	-0.02	37	100048	卖盘
13:44:30	27.06	0.01	0	1623	买盘
13:44:27	27.05	-0.01	2	5410	卖盘
13:44:24	27.06	0.01	17	46002	买盘
13:44:21	27.05	--	38	102790	卖盘
13:44:18	27.05	--	10	27050	卖盘
13:43:51	27.05	--	3	8115	卖盘
13:43:42	27.05	--	2	5410	卖盘
13:43:36	27.05	--	16	43280	卖盘
13:43:27	27.05	-0.01	10	27050	卖盘
13:43:24	27.06	--	9	24354	买盘
13:43:21	27.06	0.01	2	5412	买盘
13:43:18	27.05	-0.01	5	13525	卖盘
13:43:12	27.06	0.01	16	43296	买盘
13:43:06	27.05	-0.01	22	59510	卖盘
13:42:51	27.06	--	2	5412	买盘
13:42:45	27.06	--	1	2706	买盘
13:42:42	27.06	0.01	10	27060	买盘
13:42:39	27.05	-0.01	6	16230	卖盘
13:42:33	27.06	--	5	13530	买盘
13:42:30	27.06	0.01	1	2706	买盘
13:42:27	27.05	-0.01	6	16230	卖盘
13:42:21	27.06	--	1	2706	买盘
13:42:15	27.06	--	1	2706	买盘
13:42:09	27.06	--	1	2706	买盘
13:42:00	27.06	--	6	16236	买盘
13:41:54	27.06	0.01	1	2706	买盘
13:41:51	27.05	-0.01	101	273205	卖盘
13:41:48	27.06	0.01	4	10824	买盘
13:41:45	27.05	--	20	54100	卖盘
13:41:42	27.05	--	2	5410	卖盘
13:41:39	27.05	--	4	10820	卖盘
13:41:33	27.05	-0.01	32	86560	卖盘
13:41:30	27.06	--	2	5412	买盘
13:41:24	27.06	--	1	2706	买盘
13:41:15	27.06	--	1	2706	买盘
13:41:12	27.06	-0.02	17	47084	卖盘
13:41:09	27.08	0.02	61	165188	买盘
13:40:57	27.06	-0.02	12	32472	卖盘
13:40:54	27.08	--	1	2708	卖盘
13:40:45	27.08	0.02	10	27080	中性盘
13:40:30	27.06	-0.04	19	51414	卖盘
13:40:21	27.1	0.04	2	5420	买盘
13:40:18	27.06	--	10	27060	卖盘
13:40:15	27.06	-0.01	84	228115	卖盘
13:40:12	27.07	--	8	23550	卖盘
13:40:09	27.07	-0.03	19	51433	卖盘
13:40:06	27.1	--	48	130080	买盘
13:40:03	27.1	0.03	2	5420	买盘
13:40:00	27.07	-0.01	12	32484	卖盘
13:39:54	27.08	--	4	10832	卖盘
13:39:48	27.08	--	20	54160	买盘
13:39:45	27.08	--	5	13540	买盘
13:39:42	27.08	--	11	29787	卖盘
13:39:36	27.08	-0.01	50	135400	卖盘
13:39:21	27.09	0.01	8	21672	买盘
13:39:12	27.08	--	11	29787	卖盘
13:39:00	27.08	--	37	100196	买盘
13:38:57	27.08	--	3	8123	买盘
13:38:54	27.08	--	1	2708	买盘
13:38:51	27.08	--	2	5416	买盘
13:38:48	27.08	-0.02	27	73116	卖盘
13:38:36	27.1	--	5	13550	买盘
13:38:33	27.1	-0.02	106	287260	卖盘
13:38:27	27.12	0.02	12	32544	买盘
13:38:18	27.1	-0.02	40	108400	卖盘
13:38:12	27.12	--	1	2712	买盘
13:37:57	27.12	--	1	2712	买盘
13:37:39	27.12	--	1	2712	买盘
13:37:30	27.12	--	60	162720	卖盘
13:37:00	27.12	0.02	32	86784	买盘
13:36:51	27.1	0.01	2	5420	卖盘
13:36:45	27.09	--	180	487620	买盘
13:36:33	27.09	--	2	5418	买盘
13:36:30	27.09	--	100	270900	买盘
13:36:24	27.09	--	4	10836	买盘
13:36:18	27.09	0.01	8	21672	买盘
13:36:15	27.08	-0.01	1	2708	中性盘
13:36:12	27.09	--	20	54180	买盘
13:36:09	27.09	0.01	47	127323	中性盘
13:35:54	27.08	-0.01	10	27080	卖盘
13:35:45	27.09	--	2	5418	卖盘
13:35:42	27.09	0.01	3	8127	买盘
13:35:36	27.08	--	10	27080	卖盘
13:35:33	27.08	--	2	5416	买盘
13:35:30	27.08	--	10	27080	买盘
13:35:27	27.08	0.01	10	27080	买盘
13:35:21	27.07	-0.01	11	29777	卖盘
13:35:15	27.08	--	26	70408	买盘
13:35:09	27.08	-0.01	42	113736	卖盘
13:34:54	27.09	--	3	8127	买盘
13:34:51	27.09	--	5	13545	买盘
13:34:45	27.09	0.02	12	32508	买盘
13:34:39	27.07	-0.01	20	54140	卖盘
13:34:36	27.08	-0.01	49	132692	卖盘
13:34:27	27.09	--	5	13545	买盘
13:34:18	27.09	--	46	124614	卖盘
13:34:03	27.09	0.01	25	67725	买盘
13:33:51	27.08	--	1	2708	卖盘
13:33:36	27.08	0.01	5	13540	中性盘
13:33:33	27.07	-0.05	31	83917	卖盘
13:33:21	27.12	0.04	8	21696	买盘
13:33:06	27.08	-0.05	0	812	卖盘
13:32:57	27.13	--	101	274013	买盘
13:32:51	27.13	--	1	2713	买盘
13:32:45	27.13	--	5	13565	买盘
13:32:42	27.13	0.06	1	2713	买盘
13:32:39	27.07	-0.01	58	157006	卖盘
13:32:36	27.08	--	1	2708	买盘
13:32:33	27.08	--	5	13540	买盘
13:32:30	27.08	--	20	54160	买盘
13:32:27	27.08	--	9	24372	卖盘
13:32:24	27.08	-0.05	33	89364	卖盘
13:32:12	27.13	--	10	27130	买盘
13:32:00	27.13	--	3	8139	中性盘
13:31:39	27.13	--	1	2713	买盘
13:31:36	27.13	--	5	13565	买盘
13:31:24	27.13	0.06	1	2713	买盘
13:31:09	27.07	--	16	43312	买盘
13:31:06	27.07	--	17	46019	卖盘
13:31:00	27.07	-0.01	25	67675	卖盘
13:30:57	27.08	--	16	43328	买盘
13:30:48	27.08	--	2	5416	买盘
13:30:42	27.08	-0.05	2	5416	中性盘
13:30:21	27.13	0.07	10	27130	买盘
13:30:18	27.06	-0.07	27	73062	卖盘
13:30:09	27.13	-0.01	5	13565	中性盘
13:29:54	27.14	0.08	10	27140	中性盘
13:29:45	27.06	-0.01	45	121770	卖盘
13:29:36	27.07	-0.07	45	121815	卖盘
13:29:30	27.14	--	7	18998	买盘
13:29:21	27.14	-0.01	54	146556	卖盘
13:29:12	27.15	0.01	8	21720	买盘
13:29:03	27.14	-0.01	30	81420	卖盘
13:29:00	27.15	0.01	14	38010	买盘
13:28:57	27.14	-0.01	10	27140	卖盘
13:28:54	27.15	0.01	20	54300	买盘
13:28:51	27.14	--	23	62422	卖盘
13:28:48	27.14	-0.02	3	8142	卖盘
13:28:36	27.16	0.02	10	27160	买盘
13:28:30	27.14	--	78	211692	卖盘
13:27:57	27.14	-0.02	4	10856	卖盘
13:27:54	27.16	--	10	27160	买盘
13:27:36	27.16	0.01	26	70616	买盘
13:27:30	27.15	0.01	1	2715	买盘
13:27:27	27.14	-0.01	10	27140	卖盘
13:27:24	27.15	0.01	3	8145	卖盘
13:27:21	27.14	-0.02	10	27140	卖盘
13:27:18	27.16	0.02	199	540484	买盘
13:27:15	27.14	--	5	13570	卖盘
13:27:12	27.14	--	0	814	卖盘
13:27:09	27.14	--	5	13570	卖盘
13:27:03	27.14	--	3	8142	卖盘
13:26:54	27.14	0.03	40	108560	买盘
13:26:51	27.11	--	4	10844	买盘
13:26:48	27.11	--	2	5422	卖盘
13:26:24	27.11	--	7	18977	买盘
13:26:12	27.11	0.04	25	67775	买盘
13:25:57	27.07	-0.02	40	108280	卖盘
13:25:54	27.09	0.05	2	5418	中性盘
13:23:30	27.04	--	7	18928	卖盘
13:23:24	27.04	0.01	11	29744	中性盘
13:23:15	27.03	-0.07	233	629799	卖盘
13:23:12	27.1	-0.01	10	27100	卖盘
13:23:00	27.11	-0.01	13	35243	卖盘
13:22:57	27.12	0.01	50	135600	买盘
13:22:51	27.11	--	6	16266	卖盘
13:22:48	27.11	-0.01	24	65064	卖盘
13:22:39	27.12	--	8	21696	卖盘
13:22:33	27.12	0.01	9	24408	中性盘
13:22:09	27.11	-0.02	5	13555	卖盘
13:21:57	27.13	-0.01	1	2713	买盘
13:21:51	27.14	0.03	8	21712	卖盘
13:21:45	27.11	--	510	1382610	卖盘
13:21:42	27.11	-0.03	4	10844	卖盘
13:21:33	27.14	--	10	27140	买盘
13:21:24	27.14	--	20	54280	买盘
13:21:21	27.14	-0.01	65	176410	卖盘
13:21:15	27.15	0.01	30	81450	买盘
13:21:12	27.14	--	10	27140	卖盘
13:21:09	27.14	--	12	32568	卖盘
13:21:03	27.14	--	9	24426	卖盘
13:21:00	27.14	--	3	8142	买盘
13:20:57	27.14	--	5	13570	买盘
13:20:54	27.14	--	12	32568	卖盘
13:20:51	27.14	0.01	19	51566	买盘
13:20:48	27.13	-0.01	5	13565	卖盘
13:20:45	27.14	0.01	28	75992	买盘
13:20:42	27.13	--	11	29843	卖盘
13:20:30	27.13	--	3	8139	卖盘
13:20:27	27.13	--	10	27130	买盘
13:20:24	27.13	0.01	28	75964	买盘
13:20:21	27.12	--	38	103056	卖盘
13:20:18	27.12	-0.01	2	5424	卖盘
13:20:15	27.13	-0.01	13	35269	中性盘
13:20:03	27.14	--	10	27140	卖盘
13:20:00	27.14	--	8	21712	买盘
13:19:57	27.14	0.01	36	97704	买盘
13:19:54	27.13	--	12	32556	卖盘
13:19:45	27.13	0.01	3	8139	买盘
13:19:42	27.12	0.01	34	92208	买盘
13:19:39	27.11	-0.01	59	159949	卖盘
13:19:36	27.12	--	9	24408	买盘
13:19:33	27.12	--	11	29832	买盘
13:19:30	27.12	-0.01	9	24408	卖盘
13:19:27	27.13	0.01	2	5426	买盘
13:19:24	27.12	--	1	2712	买盘
13:19:21	27.12	0.01	12	32544	买盘
13:19:12	27.11	--	4	10844	买盘
13:18:57	27.11	0.01	1	2711	买盘
13:18:54	27.1	--	2	5420	卖盘
13:18:51	27.1	0.01	24	65040	买盘
13:18:48	27.09	-0.01	15	40635	中性盘
13:18:42	27.1	0.06	9	24390	买盘
13:18:39	27.04	-0.05	51	137904	卖盘
13:18:33	27.09	0.06	85	230265	买盘
13:18:21	27.03	-0.06	92	248676	卖盘
13:18:18	27.09	0.03	47	127323	买盘
13:18:03	27.06	0.02	20	54120	买盘
13:18:00	27.04	--	50	135200	卖盘
13:17:57	27.04	--	71	191984	卖盘
13:17:45	27.04	--	11	29744	买盘
13:17:42	27.04	--	4	10816	买盘
13:17:39	27.04	--	5	13520	买盘
13:17:30	27.04	--	10	27040	买盘
13:17:24	27.04	--	15	40560	买盘
13:17:21	27.04	--	39	105456	买盘
13:17:15	27.04	--	46	124384	卖盘
13:17:00	27.04	--	2	5408	中性盘
13:16:54	27.04	--	22	59488	买盘
13:16:51	27.04	0.01	16	43264	买盘
13:16:48	27.03	-0.01	10	27030	卖盘
13:16:45	27.04	0.01	2	5408	买盘
13:16:42	27.03	-0.01	12	32436	卖盘
13:16:36	27.04	-0.01	4	10816	中性盘
13:16:24	27.05	0.01	3	8115	买盘
13:16:21	27.04	--	18	48672	卖盘
13:16:18	27.04	--	33	89232	卖盘
13:16:06	27.04	-0.04	5	13520	卖盘
13:16:03	27.08	--	1	2708	买盘
13:15:57	27.08	0.03	13	35204	买盘
13:15:54	27.05	-0.03	10	27050	卖盘
13:15:48	27.08	--	3	8123	买盘
13:15:45	27.08	--	2	5416	买盘
13:15:36	27.08	--	5	13540	买盘
13:15:12	27.08	0.05	2	5416	中性盘
13:15:03	27.03	-0.05	605	1636585	卖盘
13:15:00	27.08	--	1	4143	卖盘
13:14:51	27.08	--	8	22936	买盘
13:14:48	27.08	-0.01	20	54160	中性盘
13:14:39	27.09	0.04	15	40635	买盘
13:14:36	27.05	-0.03	18	48690	卖盘
13:14:30	27.08	0.03	3	8123	买盘
13:14:27	27.05	-0.03	7	18935	卖盘
13:14:15	27.08	0.03	1	2708	买盘
13:14:12	27.05	--	11	30566	买盘
13:14:09	27.05	--	9	24345	买盘
13:14:06	27.05	--	10	27050	买盘
13:13:57	27.05	0.01	5	13525	买盘
13:13:54	27.04	-0.01	8	21632	中性盘
13:13:48	27.05	--	1	2705	买盘
13:13:42	27.05	--	7	18935	买盘
13:13:39	27.05	--	1	2705	买盘
13:13:30	27.05	0.01	2	5410	买盘
13:13:27	27.04	0.03	5	13520	中性盘
13:13:18	27.01	-0.04	42	113442	卖盘
13:13:06	27.05	--	2	5410	买盘
13:13:03	27.05	0.02	1	2705	买盘
13:12:51	27.03	-0.02	1	2703	卖盘
13:12:48	27.05	0.01	5	13525	买盘
13:12:45	27.04	--	2	5408	买盘
13:12:42	27.04	-0.01	7	18928	卖盘
13:12:39	27.05	--	1	2705	买盘
13:12:36	27.05	--	3	8115	买盘
13:12:33	27.05	0.01	53	143365	买盘
13:12:30	27.04	-0.01	6	16224	卖盘
13:12:27	27.05	--	2	5410	买盘
13:12:24	27.05	--	10	27050	买盘
13:12:21	27.05	--	13	35165	买盘
13:12:15	27.05	-0.04	56	153373	卖盘
13:12:12	27.09	0.01	10	27090	买盘
13:11:54	27.08	0.02	1	2708	买盘
13:11:51	27.06	--	20	54120	卖盘
13:11:42	27.06	--	20	54120	卖盘
13:11:30	27.06	--	36	98227	买盘
13:11:15	27.06	--	4	10824	买盘
13:11:12	27.06	-0.01	39	107428	卖盘
13:11:09	27.07	--	4	10828	买盘
13:11:06	27.07	--	18	48726	买盘
13:11:03	27.07	--	25	67675	买盘
13:11:00	27.07	--	5	13535	买盘
13:10:57	27.07	--	150	406050	买盘
13:10:51	27.07	--	5	13535	买盘
13:10:45	27.07	0.01	13	35191	买盘
13:10:42	27.06	--	54	146124	卖盘
13:10:39	27.06	-0.01	1	3517	卖盘
13:10:36	27.07	--	12	32484	买盘
13:10:30	27.07	0.01	30	81210	买盘
13:10:24	27.06	--	12	32472	卖盘
13:10:21	27.06	--	17	46002	买盘
13:10:03	27.06	--	2	5412	买盘
13:09:57	27.06	0.02	3	8118	买盘
13:09:51	27.04	-0.01	28	75712	卖盘
13:09:48	27.05	0.01	1	2705	买盘
13:09:42	27.04	--	9	24336	卖盘
13:09:39	27.04	--	4	10816	买盘
13:09:36	27.04	0.03	6	16224	中性盘
13:09:30	27.01	-0.04	10	27010	卖盘
13:09:24	27.05	0.01	21	56805	买盘
13:09:18	27.04	0.04	1	2704	买盘
13:09:15	27.0	-0.03	50	135000	卖盘
13:09:09	27.03	--	2	7027	买盘
13:09:06	27.03	--	1	2703	买盘
13:09:03	27.03	--	2	5406	买盘
13:08:54	27.03	--	10	27030	买盘
13:08:42	27.03	0.03	1	2703	买盘
13:08:36	27.0	0.01	50	135000	中性盘
13:08:06	26.99	-0.04	41	110659	卖盘
13:08:03	27.03	0.03	30	81090	买盘
13:08:00	27.0	-0.03	1	2700	中性盘
13:07:36	27.03	0.04	1	2703	买盘
13:07:33	26.99	-0.04	42	113358	卖盘
13:07:24	27.03	-0.01	31	83793	卖盘
13:07:12	27.04	--	1	2704	买盘
13:06:57	27.04	0.03	11	29744	买盘
13:06:54	27.01	-0.01	25	67525	卖盘
13:06:51	27.02	-0.02	10	27020	中性盘
13:06:39	27.04	0.02	5	13520	中性盘
13:06:30	27.02	0.02	10	27020	中性盘
13:06:18	27.0	-0.05	28	75600	卖盘
13:06:15	27.05	0.03	23	62215	买盘
13:06:06	27.02	--	5	13510	买盘
13:05:57	27.02	--	1	2702	买盘
13:05:51	27.02	0.01	1	2702	买盘
13:05:45	27.01	-0.01	10	27010	卖盘
13:05:42	27.02	0.01	5	13510	买盘
13:05:24	27.01	-0.01	20	54020	卖盘
13:05:21	27.02	0.02	1	2702	买盘
13:04:45	27.0	--	1	2700	买盘
13:04:36	27.0	-0.02	5	13500	卖盘
13:04:27	27.02	0.07	1	2702	中性盘
13:04:21	26.95	-0.08	107	288365	卖盘
13:04:18	27.03	--	1	2703	买盘
13:04:15	27.03	0.03	10	27030	买盘
13:04:12	27.0	--	2	5400	买盘
13:04:09	27.0	--	1	2700	买盘
13:04:03	27.0	--	1	2700	买盘
13:03:57	27.0	--	1	2700	买盘
13:03:54	27.0	--	1	2700	买盘
13:03:51	27.0	-0.03	63	170100	卖盘
13:03:42	27.03	0.03	9	24327	买盘
13:03:36	27.0	-0.02	9	24300	卖盘
13:03:33	27.02	--	1	2702	买盘
13:03:24	27.02	--	1	2702	买盘
13:03:21	27.02	-0.01	5	13510	卖盘
13:03:12	27.03	--	1	2703	买盘
13:03:06	27.03	-0.01	100	270300	卖盘
13:03:03	27.04	0.01	1	2704	买盘
13:03:00	27.03	--	6	16218	卖盘
13:02:51	27.03	--	11	29733	卖盘
13:02:48	27.03	0.08	33	89199	买盘
13:02:42	26.95	-0.08	23	61985	卖盘
13:02:36	27.03	--	2	5406	买盘
13:02:21	27.03	--	5	13515	买盘
13:02:18	27.03	0.03	2	5406	买盘
13:02:09	27.0	--	1	2700	卖盘
13:01:57	27.0	--	8	21600	买盘
13:01:48	27.0	--	30	81000	买盘
13:01:36	27.0	-0.03	12	32400	卖盘
13:01:30	27.03	--	9	24327	买盘
13:01:27	27.03	0.03	4	10812	中性盘
13:00:57	27.0	0.05	4	10800	中性盘
13:00:36	26.95	-0.05	29	78155	卖盘
13:00:30	27.0	0.01	10	27000	买盘
13:00:15	26.99	--	0	971	卖盘
13:00:12	26.99	--	1	2699	卖盘
13:00:09	26.99	0.02	1	2699	卖盘
13:00:06	26.97	-0.01	294	792918	卖盘
13:00:03	26.98	--	2	5396	买盘
11:30:03	26.98	--	0	0	买盘
11:30:00	26.98	-0.01	10	26980	中性盘
11:29:48	26.99	--	3	8096	卖盘
11:29:45	26.99	--	54	145746	买盘
11:29:33	26.99	0.02	155	418345	买盘
11:29:24	26.97	0.02	1	2697	买盘
11:29:18	26.95	-0.02	20	53900	卖盘
11:29:15	26.97	0.01	1	2697	买盘
11:29:09	26.96	0.01	17	45832	买盘
11:29:00	26.95	0.03	12	32340	买盘
11:28:48	26.92	--	29	78068	卖盘
11:28:39	26.92	--	27	72684	卖盘
11:28:15	26.92	--	2	5384	买盘
11:28:12	26.92	--	21	56532	买盘
11:28:09	26.92	--	5	13460	买盘
11:28:06	26.92	--	1	2692	买盘
11:28:03	26.92	--	13	34996	买盘
11:27:54	26.92	-0.04	59	158828	卖盘
11:27:51	26.96	-0.01	2	5392	买盘
11:27:42	26.97	--	20	53940	买盘
11:27:36	26.97	--	1	2697	买盘
11:27:30	26.97	--	10	26970	买盘
11:27:27	26.97	-0.01	18	48546	买盘
11:27:21	26.98	0.01	40	107920	买盘
11:27:12	26.97	--	6	16182	卖盘
11:27:09	26.97	-0.02	15	40455	卖盘
11:27:06	26.99	0.01	1	2699	买盘
11:27:03	26.98	0.07	2	5396	买盘
11:27:00	26.91	-0.06	600	1614600	卖盘
11:26:39	26.97	0.01	3	8091	卖盘
11:26:36	26.96	--	6	16176	买盘
11:26:33	26.96	--	1	2696	买盘
11:26:30	26.96	--	20	53920	买盘
11:26:24	26.96	--	73	196808	卖盘
11:26:18	26.96	-0.03	15	40440	卖盘
11:26:15	26.99	--	6	16193	买盘
11:26:09	26.99	0.02	20	53980	买盘
11:26:06	26.97	--	6	16182	买盘
11:26:03	26.97	-0.01	2	5394	买盘
11:26:00	26.98	--	1	2698	卖盘
11:25:57	26.98	--	50	134900	买盘
11:25:51	26.98	0.01	1	2698	买盘
11:25:48	26.97	-0.01	3	8091	卖盘
11:25:45	26.98	0.01	17	45866	买盘
11:25:42	26.97	0.01	2	5394	买盘
11:25:36	26.96	-0.01	25	67400	卖盘
11:25:30	26.97	0.02	1	2697	买盘
11:25:24	26.95	0.02	4	10780	买盘
11:25:21	26.93	0.01	22	59246	中性盘
11:25:18	26.92	-0.04	52	139984	卖盘
11:25:15	26.96	--	16	43136	买盘
11:25:09	26.96	0.04	10	26960	买盘
11:25:06	26.92	-0.04	21	56532	卖盘
11:25:03	26.96	0.05	5	13480	买盘
11:24:57	26.91	0.01	35	94185	中性盘
11:24:54	26.9	-0.01	30	80700	卖盘
11:24:51	26.91	0.01	5	13455	买盘
11:24:42	26.9	0.01	18	49765	买盘
11:24:39	26.89	--	1	2689	卖盘
11:24:36	26.89	-0.01	39	104871	卖盘
11:24:33	26.9	0.01	441	1186290	买盘
11:24:30	26.89	--	115	309235	买盘
11:24:27	26.89	0.01	29	77981	买盘
11:24:24	26.88	-0.01	16	43008	卖盘
11:24:21	26.89	0.01	15	40335	买盘
11:24:18	26.88	--	10	26880	买盘
11:24:15	26.88	--	26	69888	买盘
11:24:12	26.88	--	116	311808	买盘
11:24:09	26.88	--	8	21504	买盘
11:24:06	26.88	-0.01	309	830592	卖盘
11:24:03	26.89	--	90	242010	买盘
11:24:00	26.89	--	16	43024	买盘
11:23:57	26.89	--	14	37646	买盘
11:23:54	26.89	--	226	607714	买盘
11:23:51	26.89	0.01	46	123694	买盘
11:23:48	26.88	-0.01	10	26880	卖盘
11:23:45	26.89	--	19	51091	买盘
11:23:42	26.89	0.01	85	228565	买盘
11:23:39	26.88	-0.01	2	5376	卖盘
11:23:36	26.89	--	26	69914	买盘
11:23:33	26.89	--	42	112938	买盘
11:23:30	26.89	--	8	21512	买盘
11:23:27	26.89	--	52	139828	买盘
11:23:24	26.89	--	75	201675	卖盘
11:23:18	26.89	0.01	23	61847	买盘
11:23:15	26.88	-0.01	62	166656	卖盘
11:23:12	26.89	--	9	24201	买盘
11:23:09	26.89	-0.01	3	8067	卖盘
11:23:06	26.9	0.01	15	40350	买盘
11:23:03	26.89	--	86	231254	卖盘
11:23:00	26.89	-0.01	87	233943	卖盘
11:22:57	26.9	0.01	30	80700	买盘
11:22:54	26.89	-0.01	52	139828	卖盘
11:22:51	26.9	--	28	75320	买盘
11:22:45	26.9	--	14	37660	买盘
11:22:42	26.9	--	10	26900	买盘
11:22:39	26.9	--	10	26900	买盘
11:22:36	26.9	--	15	40350	买盘
11:22:33	26.9	--	67	180230	卖盘
11:22:30	26.9	-0.01	30	80700	卖盘
11:22:27	26.91	--	22	59202	买盘
11:22:21	26.91	--	10	26910	买盘
11:22:18	26.91	--	56	150696	买盘
11:22:15	26.91	-0.01	62	166842	卖盘
11:22:12	26.92	--	38	102296	卖盘
11:22:03	26.92	0.02	11	29612	中性盘
11:21:57	26.9	-0.03	97	260930	卖盘
11:21:54	26.93	-0.03	15	40395	卖盘
11:21:48	26.96	-0.01	20	53920	卖盘
11:21:45	26.97	0.01	10	26970	买盘
11:21:42	26.96	--	2	5392	卖盘
11:21:33	26.96	-0.01	32	86272	卖盘
11:21:30	26.97	-0.01	1	2697	卖盘
11:21:21	26.98	--	3	8094	买盘
11:21:18	26.98	--	15	40470	卖盘
11:21:12	26.98	--	63	169974	卖盘
11:21:09	26.98	--	10	26980	卖盘
11:21:06	26.98	--	8	21584	卖盘
11:21:03	26.98	-0.01	26	70148	卖盘
11:20:57	26.99	0.01	4	10796	买盘
11:20:54	26.98	-0.02	101	272498	卖盘
11:20:51	27.0	--	113	305100	卖盘
11:20:48	27.0	--	188	507600	卖盘
11:20:45	27.0	--	81	218700	卖盘
11:20:42	27.0	--	16	43200	卖盘
11:20:39	27.0	--	378	1020600	卖盘
11:20:36	27.0	--	12	32400	卖盘
11:20:33	27.0	--	27	72900	卖盘
11:20:30	27.0	--	6	16200	卖盘
11:20:27	27.0	--	14	37800	卖盘
11:20:21	27.0	-0.02	20	54000	卖盘
11:20:18	27.02	0.02	5	13510	卖盘
11:20:09	27.0	-0.03	534	1441800	卖盘
11:20:06	27.03	0.01	8	21624	买盘
11:19:57	27.02	-0.01	66	178332	卖盘
11:19:54	27.03	-0.01	37	100011	卖盘
11:19:45	27.04	--	1	2704	买盘
11:19:39	27.04	0.01	14	37856	买盘
11:19:33	27.03	-0.01	1	2703	卖盘
11:19:30	27.04	--	5	13520	买盘
11:19:27	27.04	0.01	4	10816	买盘
11:19:18	27.03	--	5	13515	卖盘
11:19:09	27.03	-0.01	10	27030	卖盘
11:19:06	27.04	0.01	50	135200	买盘
11:19:03	27.03	-0.01	40	108120	卖盘
11:18:57	27.04	0.01	13	35152	买盘
11:18:51	27.03	-0.01	3	8109	卖盘
11:18:45	27.04	0.01	5	13520	买盘
11:18:33	27.03	--	40	108120	卖盘
11:18:27	27.03	--	5	13515	卖盘
11:18:21	27.03	--	16	43248	卖盘
11:18:18	27.03	--	11	29733	卖盘
11:18:09	27.03	--	1	2703	卖盘
11:17:51	27.03	--	3	8109	卖盘
11:17:48	27.03	--	4	10812	买盘
11:17:42	27.03	--	1	2703	买盘
11:17:39	27.03	0.01	2	5406	中性盘
11:17:36	27.02	-0.01	33	89166	卖盘
11:17:33	27.03	--	24	64872	卖盘
11:17:30	27.03	--	5	13515	卖盘
11:17:27	27.03	--	2	5406	卖盘
11:17:24	27.03	--	50	135150	卖盘
11:17:21	27.03	-0.01	20	54060	卖盘
11:17:18	27.04	0.01	17	45968	买盘
11:17:15	27.03	-0.01	8	21624	卖盘
11:17:12	27.04	0.01	30	81120	买盘
11:17:09	27.03	--	100	270300	卖盘
11:17:03	27.03	-0.01	7	18921	卖盘
11:16:54	27.04	--	7	18928	买盘
11:16:45	27.04	--	15	41641	卖盘
11:16:39	27.04	-0.01	22	59488	卖盘
11:16:30	27.05	0.01	2	5410	买盘
11:16:27	27.04	--	8	21632	卖盘
11:16:24	27.04	--	10	27040	卖盘
11:16:18	27.04	-0.01	24	64896	卖盘
11:16:15	27.05	-0.01	5	13525	买盘
11:16:06	27.06	--	58	156948	买盘
11:16:00	27.06	--	10	27060	买盘
11:15:48	27.06	-0.02	15	40590	卖盘
11:15:39	27.08	0.02	5	13540	中性盘
11:15:27	27.06	-0.02	33	89298	卖盘
11:15:24	27.08	--	4	10832	买盘
11:15:21	27.08	-0.02	26	70408	卖盘
11:15:12	27.1	0.02	10	27100	买盘
11:15:06	27.08	--	16	43328	卖盘
11:14:45	27.08	0.03	5	13540	中性盘
11:14:39	27.05	-0.02	83	224515	卖盘
11:14:36	27.07	0.01	31	83917	卖盘
11:14:30	27.06	-0.01	20	54120	卖盘
11:14:21	27.07	--	4	10828	买盘
11:14:18	27.07	--	3	8121	买盘
11:14:15	27.07	0.01	1	2707	买盘
11:14:09	27.06	-0.01	15	40590	卖盘
11:14:06	27.07	0.02	10	27070	买盘
11:13:54	27.05	-0.01	25	67625	卖盘
11:13:51	27.06	--	1	2706	卖盘
11:13:48	27.06	0.01	32	86592	买盘
11:13:39	27.05	--	19	51395	买盘
11:13:33	27.05	0.01	78	210990	买盘
11:13:27	27.04	-0.01	10	27040	卖盘
11:13:21	27.05	--	20	54100	买盘
11:13:18	27.05	0.01	155	419275	买盘
11:13:09	27.04	-0.01	10	27040	卖盘
11:13:03	27.05	0.01	54	146070	买盘
11:13:00	27.04	0.01	1	4326	卖盘
11:12:51	27.03	--	2	5406	卖盘
11:12:48	27.03	-0.01	40	108120	卖盘
11:12:42	27.04	0.01	6	16224	买盘
11:12:39	27.03	-0.01	50	135150	卖盘
11:12:36	27.04	--	4	10816	买盘
11:12:33	27.04	--	10	27040	买盘
11:12:30	27.04	-0.01	12	32448	中性盘
11:12:27	27.05	--	8	21640	买盘
11:12:24	27.05	0.02	9	24345	买盘
11:12:21	27.03	-0.01	7	18921	卖盘
11:12:18	27.04	--	2	5408	买盘
11:12:15	27.04	-0.01	35	94640	卖盘
11:12:12	27.05	0.01	60	162300	买盘
11:12:09	27.04	--	60	162240	卖盘
11:12:06	27.04	-0.01	1	2704	卖盘
11:12:00	27.05	0.01	40	108200	买盘
11:11:57	27.04	--	1	2704	卖盘
11:11:48	27.04	--	29	78416	买盘
11:11:42	27.04	0.01	26	70304	买盘
11:11:36	27.03	-0.01	30	81090	卖盘
11:11:33	27.04	-0.01	2	5408	卖盘
11:11:30	27.05	0.01	53	143365	买盘
11:11:24	27.04	--	24	64896	卖盘
11:11:18	27.04	0.01	1	2704	中性盘
11:11:00	27.03	-0.02	27	72981	卖盘
11:10:54	27.05	--	57	154185	卖盘
11:10:51	27.05	0.03	17	48419	买盘
11:10:48	27.02	-0.03	35	94570	卖盘
11:10:42	27.05	0.01	28	75740	买盘
11:10:39	27.04	-0.01	44	119516	中性盘
11:10:33	27.05	0.02	2	5410	买盘
11:10:30	27.03	-0.01	204	551412	卖盘
11:10:27	27.04	0.01	4	10816	中性盘
11:10:24	27.03	-0.02	10	27030	卖盘
11:10:18	27.05	0.01	18	48690	买盘
11:10:15	27.04	-0.01	16	43264	卖盘
11:10:09	27.05	0.01	12	32460	买盘
11:10:06	27.04	-0.01	7	18928	卖盘
11:10:00	27.05	0.01	57	154185	买盘
11:09:57	27.04	--	3	8112	买盘
11:09:54	27.04	-0.01	2	5408	卖盘
11:09:51	27.05	0.02	5	13525	买盘
11:09:48	27.03	-0.02	64	172992	卖盘
11:09:45	27.05	0.01	97	262385	买盘
11:09:42	27.04	-0.01	54	146016	卖盘
11:09:39	27.05	--	2	5410	买盘
11:09:36	27.05	0.01	18	48690	买盘
11:09:33	27.04	-0.01	5	13520	卖盘
11:09:30	27.05	0.01	5	13525	买盘
11:09:27	27.04	-0.01	5	13520	卖盘
11:09:21	27.05	0.01	5	13525	买盘
11:09:18	27.04	--	52	140608	卖盘
11:09:15	27.04	-0.01	105	283920	卖盘
11:09:09	27.05	--	11	29755	买盘
11:09:06	27.05	--	5	13525	买盘
11:08:57	27.05	--	1	2705	买盘
11:08:54	27.05	0.02	22	61674	买盘
11:08:51	27.03	--	2	5406	卖盘
11:08:48	27.03	-0.01	35	94605	卖盘
11:08:42	27.04	-0.01	3	8112	卖盘
11:08:39	27.05	0.02	3	8115	买盘
11:08:36	27.03	-0.02	100	270300	卖盘
11:08:30	27.05	0.02	5	13525	买盘
11:08:27	27.03	-0.01	8	21624	卖盘
11:08:21	27.04	--	2	5408	买盘
11:08:15	27.04	-0.01	10	27040	卖盘
11:08:12	27.05	--	3	8115	买盘
11:08:06	27.05	--	10	27050	买盘
11:08:00	27.05	0.03	99	267795	中性盘
11:07:51	27.02	-0.01	200	540400	卖盘
11:07:42	27.03	-0.04	38	102714	卖盘
11:07:33	27.07	0.04	3	8121	买盘
11:07:27	27.03	-0.02	123	332469	卖盘
11:07:12	27.05	--	10	27050	买盘
11:07:09	27.05	0.01	4	10820	买盘
11:07:06	27.04	-0.01	10	27040	卖盘
11:07:03	27.05	--	31	83855	买盘
11:07:00	27.05	--	6	16230	买盘
11:06:57	27.05	0.01	2	5410	中性盘
11:06:51	27.04	-0.01	94	254176	卖盘
11:06:48	27.05	--	18	48690	卖盘
11:06:39	27.05	-0.02	50	135250	卖盘
11:06:36	27.07	0.02	43	116401	中性盘
11:06:27	27.05	-0.03	222	600510	卖盘
11:06:24	27.08	--	3	8123	卖盘
11:06:21	27.08	-0.04	53	143524	卖盘
11:06:15	27.12	0.03	14	37968	买盘
11:06:12	27.09	0.01	5	13545	买盘
11:06:03	27.08	-0.01	12	32495	卖盘
11:06:00	27.09	-0.03	19	51471	卖盘
11:05:54	27.12	0.03	5	13560	买盘
11:05:48	27.09	-0.02	29	78561	卖盘
11:05:45	27.11	0.01	10	27110	买盘
11:05:42	27.1	-0.01	14	37940	卖盘
11:05:39	27.11	--	3	8133	卖盘
11:05:33	27.11	--	51	138261	卖盘
11:05:30	27.11	0.01	3	8133	中性盘
11:05:27	27.1	-0.04	12	32520	卖盘
11:05:24	27.14	0.03	13	35282	买盘
11:05:21	27.11	-0.03	12	32532	卖盘
11:05:18	27.14	--	6	16284	买盘
11:05:15	27.14	--	1	2714	买盘
11:04:57	27.14	-0.01	10	27140	卖盘
11:04:45	27.15	-0.01	1	2715	中性盘
11:04:33	27.16	0.02	18	48888	买盘
11:04:27	27.14	-0.01	1	2714	卖盘
11:04:24	27.15	0.01	1	2715	买盘
11:04:09	27.14	--	10	27140	买盘
11:03:48	27.14	0.03	13	35282	买盘
11:03:39	27.11	-0.03	22	59642	卖盘
11:03:27	27.14	--	3	8142	卖盘
11:03:24	27.14	--	10	27140	卖盘
11:03:21	27.14	-0.01	29	78706	卖盘
11:03:09	27.15	-0.01	7	19005	卖盘
11:03:00	27.16	--	16	43456	买盘
11:02:30	27.16	0.01	17	46172	买盘
11:02:27	27.15	--	5	13575	卖盘
11:02:18	27.15	-0.01	29	78735	卖盘
11:02:15	27.16	--	5	13580	买盘
11:02:09	27.16	--	13	35308	买盘
11:01:57	27.16	-0.02	186	507620	卖盘
11:01:45	27.18	0.02	6	16308	买盘
11:01:42	27.16	-0.01	10	27160	卖盘
11:01:39	27.17	-0.01	34	92378	卖盘
11:01:36	27.18	--	24	65232	卖盘
11:01:30	27.18	-0.01	1	2718	卖盘
11:01:27	27.19	0.01	10	27190	买盘
11:01:24	27.18	--	8	21744	卖盘
11:01:21	27.18	--	34	92412	卖盘
11:01:06	27.18	--	5	13590	卖盘
11:01:03	27.18	--	10	27180	卖盘
11:01:00	27.18	-0.01	24	65232	卖盘
11:00:54	27.19	--	5	13595	买盘
11:00:51	27.19	--	13	35347	买盘
11:00:39	27.19	--	3	8157	买盘
11:00:30	27.19	0.01	9	24471	买盘
11:00:21	27.18	-0.01	5	13590	卖盘
11:00:12	27.19	0.01	1	2719	买盘
11:00:06	27.18	--	20	54360	卖盘
11:00:00	27.18	-0.01	5	13590	卖盘
10:59:57	27.19	0.01	9	24471	买盘
10:59:54	27.18	--	2	5436	卖盘
10:59:45	27.18	--	27	73386	买盘
10:59:36	27.18	--	20	54360	买盘
10:59:30	27.18	--	14	38052	买盘
10:59:27	27.18	--	9	24462	买盘
10:59:21	27.18	--	8	21744	买盘
10:59:00	27.18	0.01	21	57078	买盘
10:58:57	27.17	-0.01	38	103246	卖盘
10:58:51	27.18	0.01	2	5436	买盘
10:58:48	27.17	-0.01	20	54340	卖盘
10:58:42	27.18	--	5	13590	买盘
10:58:39	27.18	--	17	46206	买盘
10:58:33	27.18	--	4	10872	买盘
10:58:30	27.18	0.01	22	59796	买盘
10:58:27	27.17	--	1	2717	卖盘
10:58:24	27.17	--	38	103246	卖盘
10:58:18	27.17	--	10	27170	卖盘
10:58:06	27.17	--	8	21736	卖盘
10:58:03	27.17	-0.01	37	100529	卖盘
10:57:57	27.18	0.01	13	35334	买盘
10:57:51	27.17	-0.01	24	65208	卖盘
10:57:48	27.18	0.01	9	24462	买盘
10:57:39	27.17	--	24	65208	买盘
10:57:30	27.17	-0.01	12	32604	卖盘
10:57:27	27.18	0.01	4	10872	买盘
10:57:24	27.17	-0.01	19	51623	卖盘
10:57:00	27.18	0.02	14	38052	买盘
10:56:57	27.16	-0.01	6	16296	卖盘
10:56:45	27.17	--	4	10868	买盘
10:56:33	27.17	--	11	29887	买盘
10:56:30	27.17	--	5	13585	买盘
10:56:27	27.17	-0.01	10	27170	卖盘
10:56:15	27.18	--	35	95130	买盘
10:56:12	27.18	0.01	18	48924	买盘
10:56:06	27.17	-0.01	20	54340	卖盘
10:56:03	27.18	0.01	4	10872	买盘
10:56:00	27.17	-0.01	30	81510	卖盘
10:55:57	27.18	--	28	76104	买盘
10:55:51	27.18	--	5	13590	买盘
10:55:48	27.18	--	5	13590	买盘
10:55:39	27.18	--	1	2718	买盘
10:55:36	27.18	0.01	15	40770	买盘
10:55:33	27.17	-0.01	4	10868	卖盘
10:55:27	27.18	--	6	16308	买盘
10:55:24	27.18	0.01	13	35334	买盘
10:55:21	27.17	-0.01	70	190190	卖盘
10:55:18	27.18	--	10	27180	买盘
10:55:15	27.18	--	18	48924	买盘
10:55:12	27.18	--	5	13590	买盘
10:55:00	27.18	--	28	76104	买盘
10:54:57	27.18	0.01	77	209286	买盘
10:54:51	27.17	0.01	3	8151	买盘
10:54:39	27.16	--	37	100763	买盘
10:54:33	27.16	0.01	14	38024	买盘
10:54:30	27.15	-0.01	1	2715	卖盘
10:54:27	27.16	--	15	40740	买盘
10:54:24	27.16	0.03	10	27160	买盘
10:54:21	27.13	-0.02	40	108520	卖盘
10:54:15	27.15	-0.01	2	5430	中性盘
10:54:12	27.16	0.03	5	13580	买盘
10:53:48	27.13	-0.03	2	5426	卖盘
10:53:45	27.16	0.04	14	38024	买盘
10:53:24	27.12	-0.03	39	105768	卖盘
10:53:21	27.15	--	10	27150	买盘
10:53:18	27.15	--	2	5430	买盘
10:53:15	27.15	--	5	13575	买盘
10:53:12	27.15	--	20	54300	买盘
10:53:06	27.15	--	5	13575	买盘
10:52:57	27.15	--	18	48870	买盘
10:52:54	27.15	--	6	16290	买盘
10:52:51	27.15	--	20	54300	买盘
10:52:42	27.15	--	10	27150	买盘
10:52:27	27.15	--	3	8145	买盘
10:52:24	27.15	--	12	32580	买盘
10:52:15	27.15	--	50	135750	买盘
10:52:12	27.15	0.01	6	16290	买盘
10:52:09	27.14	-0.01	11	29854	中性盘
10:52:03	27.15	--	16	43440	买盘
10:52:00	27.15	0.01	137	371955	买盘
10:51:54	27.14	0.05	12	32568	买盘
10:51:51	27.09	--	2	5418	买盘
10:51:48	27.09	0.02	1	2709	中性盘
10:51:33	27.07	-0.01	30	81210	卖盘
10:51:30	27.08	-0.06	31	83948	卖盘
10:51:24	27.14	--	8	21712	买盘
10:51:21	27.14	0.05	8	21712	买盘
10:51:15	27.09	--	5	13545	买盘
10:51:06	27.09	--	5	13545	卖盘
10:51:03	27.09	--	3	8127	买盘
10:50:48	27.09	0.02	1	2709	买盘
10:50:42	27.07	-0.02	21	56847	卖盘
10:50:39	27.09	-0.05	23	62307	卖盘
10:50:33	27.14	0.04	50	135700	买盘
10:50:24	27.1	-0.02	51	138210	卖盘
10:50:18	27.12	--	3	8136	买盘
10:50:03	27.12	--	7	18984	卖盘
10:49:48	27.12	-0.03	19	51528	卖盘
10:49:36	27.15	0.05	7	19005	买盘
10:49:30	27.1	--	10	27100	卖盘
10:49:27	27.1	-0.05	40	108400	卖盘
10:49:18	27.15	0.02	22	59730	买盘
10:49:15	27.13	--	2	5426	买盘
10:49:12	27.13	--	82	222466	卖盘
10:49:09	27.13	-0.02	19	51547	卖盘
10:48:57	27.15	0.02	14	38010	买盘
10:48:48	27.13	-0.01	11	29843	卖盘
10:48:42	27.14	0.01	38	103132	买盘
10:48:39	27.13	--	11	29843	买盘
10:48:30	27.13	--	1	2713	中性盘
10:48:21	27.13	-0.01	1	2713	买盘
10:48:09	27.14	0.03	10	27140	买盘
10:48:06	27.11	--	50	135550	卖盘
10:47:51	27.11	-0.02	20	54220	卖盘
10:47:42	27.13	--	8	21704	买盘
10:47:36	27.13	0.02	13	35269	买盘
10:47:30	27.11	--	20	54220	卖盘
10:47:03	27.11	-0.04	20	54220	卖盘
10:46:48	27.15	--	2	5430	买盘
10:46:45	27.15	--	19	51585	买盘
10:46:39	27.15	-0.01	6	16290	买盘
10:46:33	27.16	-0.01	59	160244	卖盘
10:46:30	27.17	--	20	54340	买盘
10:46:27	27.17	--	2	5434	买盘
10:46:18	27.17	--	20	54340	买盘
10:46:00	27.17	--	14	38038	买盘
10:45:54	27.17	0.01	9	24453	买盘
10:45:42	27.16	0.01	3	8148	卖盘
10:45:39	27.15	--	19	51585	买盘
10:45:33	27.15	--	2	5430	买盘
10:45:30	27.15	--	4	10860	买盘
10:45:24	27.15	0.01	54	146610	买盘
10:45:00	27.14	0.01	103	279542	买盘
10:44:54	27.13	--	1	2713	买盘
10:44:51	27.13	--	26	70538	卖盘
10:44:39	27.13	-0.01	1	2713	卖盘
10:44:36	27.14	0.01	10	27140	买盘
10:44:30	27.13	-0.01	2	5426	卖盘
10:44:27	27.14	0.03	17	46138	买盘
10:44:21	27.11	0.01	1	2711	卖盘
10:44:15	27.1	-0.01	90	243900	卖盘
10:44:09	27.11	--	5	13555	买盘
10:44:06	27.11	0.01	15	40665	买盘
10:44:00	27.1	--	30	81300	卖盘
10:43:51	27.1	--	9	24390	卖盘
10:43:45	27.1	0.01	10	27100	买盘
10:43:39	27.09	-0.02	1	2709	卖盘
10:43:33	27.11	--	2	5422	买盘
10:43:24	27.11	0.01	20	54220	买盘
10:43:18	27.1	--	47	127370	卖盘
10:43:09	27.1	--	42	113820	卖盘
10:43:00	27.1	--	9	24390	卖盘
10:42:51	27.1	--	10	27100	卖盘
10:42:48	27.1	0.01	8	21680	买盘
10:42:42	27.09	-0.01	26	70434	卖盘
10:42:39	27.1	--	10	27100	买盘
10:42:36	27.1	--	2	5420	买盘
10:42:33	27.1	--	7	18970	买盘
10:42:30	27.1	--	5	13550	买盘
10:42:27	27.1	-0.01	13	35230	卖盘
10:42:06	27.11	0.03	3	8133	买盘
10:42:03	27.08	-0.02	121	327668	卖盘
10:41:57	27.1	0.02	2	5420	买盘
10:41:54	27.08	--	9	24372	卖盘
10:41:51	27.08	-0.02	2	5416	卖盘
10:41:48	27.1	0.01	20	54200	买盘
10:41:45	27.09	--	3	8127	买盘
10:41:42	27.09	--	14	37926	买盘
10:41:39	27.09	0.03	5	13545	中性盘
10:41:33	27.06	-0.02	42	113652	卖盘
10:41:27	27.08	0.01	20	54160	卖盘
10:41:18	27.07	-0.01	3	8121	卖盘
10:41:15	27.08	0.01	2	5416	买盘
10:41:09	27.07	--	10	27070	卖盘
10:41:06	27.07	--	8	21656	卖盘
10:41:00	27.07	0.01	19	51433	卖盘
10:40:54	27.06	--	2	5412	买盘
10:40:51	27.06	-0.02	2	5412	中性盘
10:40:48	27.08	0.02	11	29787	买盘
10:40:45	27.06	-0.02	4	10824	卖盘
10:40:42	27.08	--	19	51452	买盘
10:40:36	27.08	0.01	10	27080	买盘
10:40:33	27.07	--	1	2707	卖盘
10:40:30	27.07	--	25	67675	卖盘
10:40:21	27.07	-0.01	25	67675	中性盘
10:40:15	27.08	--	51	138108	卖盘
10:40:12	27.08	0.01	28	75824	买盘
10:40:03	27.07	--	14	37898	买盘
10:39:54	27.07	--	2	5414	买盘
10:39:51	27.07	0.02	5	13535	中性盘
10:39:45	27.05	-0.02	180	486900	卖盘
10:39:42	27.07	0.05	5	13535	中性盘
10:39:30	27.02	-0.03	117	316134	卖盘
10:39:24	27.05	-0.05	41	110905	卖盘
10:39:21	27.1	0.04	10	27100	买盘
10:39:18	27.06	0.01	6	16236	买盘
10:39:15	27.05	-0.04	76	205580	卖盘
10:39:12	27.09	0.02	21	56889	买盘
10:39:09	27.07	0.02	50	135350	买盘
10:39:06	27.05	-0.01	100	270500	卖盘
10:39:00	27.06	-0.01	5	13530	中性盘
10:38:57	27.07	--	44	119108	买盘
10:38:54	27.07	0.01	3	8121	买盘
10:38:51	27.06	--	10	27060	卖盘
10:38:48	27.06	-0.01	12	32472	卖盘
10:38:42	27.07	0.01	6	16242	买盘
10:38:39	27.06	--	4	10824	卖盘
10:38:33	27.06	-0.03	110	297660	卖盘
10:38:27	27.09	--	5	13545	买盘
10:38:24	27.09	0.02	11	29799	买盘
10:38:21	27.07	--	28	75796	卖盘
10:38:18	27.07	--	10	27070	卖盘
10:38:15	27.07	-0.02	160	433120	卖盘
10:38:12	27.09	--	12	32508	卖盘
10:38:06	27.09	-0.01	12	32508	卖盘
10:37:57	27.1	--	79	214090	卖盘
10:37:51	27.1	-0.01	352	953920	卖盘
10:37:48	27.11	--	11	29821	卖盘
10:37:45	27.11	--	20	54220	卖盘
10:37:42	27.11	--	40	108440	卖盘
10:37:39	27.11	--	9	24399	卖盘
10:37:36	27.11	--	11	29821	卖盘
10:37:33	27.11	--	3	8133	卖盘
10:37:27	27.11	-0.01	11	29821	卖盘
10:37:24	27.12	--	48	130176	买盘
10:37:21	27.12	0.01	5	13560	买盘
10:37:15	27.11	-0.01	29	78619	卖盘
10:37:12	27.12	--	10	27120	卖盘
10:37:09	27.12	--	5	13560	卖盘
10:37:06	27.12	-0.02	8	21696	卖盘
10:37:03	27.14	0.01	18	48852	买盘
10:36:57	27.13	-0.01	5	13565	卖盘
10:36:54	27.14	--	30	81420	卖盘
10:36:48	27.14	--	18	48852	卖盘
10:36:39	27.14	--	1	2714	买盘
10:36:21	27.14	-0.01	32	86848	卖盘
10:36:18	27.15	--	5	13575	买盘
10:36:15	27.15	--	19	51585	买盘
10:36:09	27.15	0.01	41	111315	买盘
10:36:00	27.14	-0.01	9	24426	卖盘
10:35:54	27.15	--	7	19005	买盘
10:35:51	27.15	0.01	3	8145	买盘
10:35:36	27.14	0.03	40	108560	买盘
10:35:27	27.11	-0.03	52	140972	卖盘
10:35:24	27.14	0.01	8	21712	买盘
10:35:21	27.13	--	3	8139	买盘
10:35:18	27.13	0.02	4	10852	中性盘
10:35:12	27.11	-0.03	22	59642	卖盘
10:35:09	27.14	0.01	11	29854	买盘
10:35:06	27.13	0.01	15	40695	中性盘
10:35:03	27.12	-0.02	12	32544	卖盘
10:35:00	27.14	0.02	2	5428	买盘
10:34:57	27.12	-0.02	22	59664	卖盘
10:34:54	27.14	0.02	5	13570	买盘
10:34:36	27.12	--	5	13560	卖盘
10:34:33	27.12	--	10	27120	卖盘
10:34:30	27.12	0.01	5	13560	卖盘
10:34:27	27.11	--	8	21688	卖盘
10:34:24	27.11	-0.03	1	2711	卖盘
10:34:12	27.14	0.03	1	2714	中性盘
10:34:06	27.11	-0.03	8	21688	卖盘
10:34:03	27.14	0.03	1	2714	买盘
10:33:54	27.11	-0.03	69	187059	卖盘
10:33:48	27.14	--	4	10856	买盘
10:33:42	27.14	0.03	5	13570	买盘
10:33:27	27.11	--	2	5422	买盘
10:33:24	27.11	0.01	2	5422	卖盘
10:33:21	27.1	-0.01	20	54200	卖盘
10:33:18	27.11	--	10	27110	卖盘
10:33:15	27.11	--	5	13555	卖盘
10:33:12	27.11	--	10	27110	卖盘
10:33:03	27.11	--	9	24399	卖盘
10:32:57	27.11	0.01	10	27110	中性盘
10:32:51	27.1	--	24	65040	卖盘
10:32:45	27.1	--	10	27100	卖盘
10:32:39	27.1	-0.01	30	81300	卖盘
10:32:33	27.11	--	1	2711	买盘
10:32:30	27.11	-0.04	64	173504	卖盘
10:32:21	27.15	-0.01	2	5430	卖盘
10:32:15	27.16	-0.01	9	24444	卖盘
10:32:12	27.17	--	16	43472	卖盘
10:32:09	27.17	--	35	95095	卖盘
10:32:03	27.17	--	8	21736	卖盘
10:32:00	27.17	--	38	103246	买盘
10:31:42	27.17	-0.01	15	40755	卖盘
10:31:36	27.18	--	2	5436	买盘
10:31:24	27.18	0.01	17	46206	中性盘
10:31:21	27.17	-0.01	55	149435	卖盘
10:31:09	27.18	--	12	32616	卖盘
10:31:06	27.18	0.01	11	29898	买盘
10:31:03	27.17	-0.01	3	8151	卖盘
10:30:51	27.18	0.01	22	59796	买盘
10:30:48	27.17	-0.01	10	27170	卖盘
10:30:45	27.18	--	5	13590	买盘
10:30:36	27.18	--	40	108720	卖盘
10:30:33	27.18	--	8	21744	卖盘
10:30:27	27.18	--	17	46206	卖盘
10:30:18	27.18	-0.01	23	62514	卖盘
10:30:15	27.19	0.01	3	8157	买盘
10:30:09	27.18	--	5	13590	卖盘
10:30:03	27.18	-0.01	1	2718	卖盘
10:30:00	27.19	--	14	38066	卖盘
10:29:57	27.19	0.01	26	70694	买盘
10:29:51	27.18	-0.01	3	8154	卖盘
10:29:45	27.19	--	5	13595	买盘
10:29:39	27.19	--	2	5438	买盘
10:29:36	27.19	0.01	2	5438	买盘
10:29:33	27.18	-0.01	18	48924	卖盘
10:29:27	27.19	--	5	13595	卖盘
10:29:24	27.19	--	5	13595	卖盘
10:29:21	27.19	--	12	32628	卖盘
10:29:12	27.19	--	19	51661	卖盘
10:29:09	27.19	0.01	18	48942	买盘
10:29:03	27.18	-0.01	18	48924	卖盘
10:29:00	27.19	--	4	10876	买盘
10:28:54	27.19	0.01	4	10876	买盘
10:28:48	27.18	--	16	43488	卖盘
10:28:45	27.18	--	1	2718	卖盘
10:28:42	27.18	0.01	54	146772	买盘
10:28:33	27.17	-0.01	22	59774	卖盘
10:28:27	27.18	0.01	10	27180	买盘
10:28:24	27.17	-0.01	12	32604	卖盘
10:28:21	27.18	0.01	10	27180	买盘
10:28:18	27.17	--	1	2717	卖盘
10:28:15	27.17	--	9	24453	卖盘
10:28:06	27.17	-0.01	43	116831	卖盘
10:28:00	27.18	--	7	19026	卖盘
10:27:57	27.18	--	51	138618	卖盘
10:27:51	27.18	--	37	100566	卖盘
10:27:48	27.18	--	5	13590	卖盘
10:27:42	27.18	--	10	27180	卖盘
10:27:39	27.18	-0.01	7	19026	卖盘
10:27:36	27.19	--	5	13595	买盘
10:27:33	27.19	--	8	21752	买盘
10:27:30	27.19	--	15	40785	卖盘
10:27:21	27.19	--	30	81570	卖盘
10:27:18	27.19	--	16	43504	卖盘
10:27:09	27.19	--	8	21752	卖盘
10:27:06	27.19	-0.01	10	27190	卖盘
10:27:00	27.2	--	2	5440	买盘
10:26:45	27.2	-0.01	18	48960	卖盘
10:26:42	27.21	0.01	10	27210	中性盘
10:26:33	27.2	--	14	38080	卖盘
10:26:27	27.2	--	5	13600	卖盘
10:26:18	27.2	0.01	2	5440	买盘
10:26:09	27.19	-0.01	9	24471	卖盘
10:26:03	27.2	0.01	1	2720	买盘
10:25:57	27.19	-0.01	1	2719	卖盘
10:25:42	27.2	--	1	2720	买盘
10:25:39	27.2	-0.02	34	92480	卖盘
10:25:36	27.22	0.01	4	10888	买盘
10:25:27	27.21	-0.01	8	21768	卖盘
10:25:24	27.22	0.01	34	92548	买盘
10:25:18	27.21	--	1	2721	卖盘
10:25:12	27.21	-0.01	9	24489	中性盘
10:25:03	27.22	0.02	10	27220	买盘
10:25:00	27.2	-0.02	21	57120	卖盘
10:24:45	27.22	0.03	35	95270	买盘
10:24:30	27.19	-0.02	47	127793	卖盘
10:24:27	27.21	0.01	11	29931	买盘
10:24:21	27.2	--	2	5440	买盘
10:24:18	27.2	-0.01	1	2720	卖盘
10:24:09	27.21	0.01	4	10884	买盘
10:23:57	27.2	--	8	21760	买盘
10:23:45	27.2	0.01	2	5440	买盘
10:23:39	27.19	--	9	24471	买盘
10:23:27	27.19	--	10	27190	买盘
10:23:24	27.19	0.01	3	8157	买盘
10:23:12	27.18	--	9	24462	卖盘
10:23:06	27.18	--	13	35334	买盘
10:23:03	27.18	--	20	54360	买盘
10:23:00	27.18	0.01	40	108720	买盘
10:22:57	27.17	-0.01	4	10868	卖盘
10:22:54	27.18	--	2	5436	买盘
10:22:51	27.18	--	37	100566	买盘
10:22:48	27.18	--	8	21744	买盘
10:22:42	27.18	0.01	8	21744	买盘
10:22:36	27.17	--	10	27170	卖盘
10:22:30	27.17	--	11	29887	卖盘
10:22:27	27.17	0.03	54	146718	买盘
10:22:21	27.14	-0.01	10	27140	卖盘
10:22:18	27.15	-0.02	10	27150	卖盘
10:22:15	27.17	--	10	27170	买盘
10:22:12	27.17	--	29	78793	买盘
10:21:57	27.17	0.01	60	163020	买盘
10:21:54	27.16	0.02	8	21728	买盘
10:21:51	27.14	--	2	5428	卖盘
10:21:42	27.14	--	1	2714	买盘
10:21:39	27.14	--	1	2714	卖盘
10:21:33	27.14	--	5	13570	买盘
10:21:27	27.14	0.01	17	46138	买盘
10:21:21	27.13	--	8	21704	卖盘
10:21:18	27.13	0.01	20	54260	买盘
10:21:06	27.12	0.03	12	32544	中性盘
10:21:00	27.09	--	14	37926	卖盘
10:20:57	27.09	0.01	21	56889	卖盘
10:20:54	27.08	-0.02	135	365580	卖盘
10:20:48	27.1	--	17	46070	卖盘
10:20:45	27.1	--	6	16260	卖盘
10:20:42	27.1	0.01	11	29810	买盘
10:20:39	27.09	--	5	13545	卖盘
10:20:33	27.09	-0.01	8	21672	卖盘
10:20:30	27.1	--	100	271000	卖盘
10:20:18	27.1	--	10	27100	卖盘
10:20:15	27.1	--	12	32520	卖盘
10:20:09	27.1	-0.03	292	791320	卖盘
10:20:06	27.13	0.02	13	35269	买盘
10:20:03	27.11	-0.02	33	89463	卖盘
10:19:57	27.13	--	2	5426	卖盘
10:19:54	27.13	0.02	5	13565	买盘
10:19:51	27.11	--	5	13555	卖盘
10:19:48	27.11	-0.02	38	103018	卖盘
10:19:42	27.13	-0.01	1	2713	中性盘
10:19:24	27.14	--	1	2714	买盘
10:19:21	27.14	0.03	2	5428	买盘
10:19:18	27.11	-0.03	300	813300	卖盘
10:19:06	27.14	--	0	814	卖盘
10:19:00	27.14	--	130	352820	买盘
10:18:57	27.14	--	35	94990	买盘
10:18:48	27.14	--	12	32568	买盘
10:18:39	27.14	--	45	122130	买盘
10:18:33	27.14	--	7	18998	买盘
10:18:30	27.14	-0.02	2	5428	中性盘
10:18:27	27.16	0.03	2	5432	买盘
10:18:24	27.13	-0.01	24	65112	卖盘
10:18:18	27.14	0.01	9	24426	中性盘
10:18:06	27.13	-0.03	49	132937	卖盘
10:18:03	27.16	--	5	13580	买盘
10:17:54	27.16	0.02	20	54320	买盘
10:17:33	27.14	--	6	16284	买盘
10:17:27	27.14	--	3	8142	买盘
10:17:24	27.14	--	20	54280	卖盘
10:17:18	27.14	-0.02	8	21712	中性盘
10:17:15	27.16	0.03	1	2716	买盘
10:17:09	27.13	-0.03	45	122085	卖盘
10:17:06	27.16	0.03	1	2716	买盘
10:16:54	27.13	-0.03	27	73251	卖盘
10:16:51	27.16	--	5	13580	卖盘
10:16:48	27.16	--	5	13580	卖盘
10:16:42	27.16	0.03	5	13580	买盘
10:16:36	27.13	-0.02	30	81390	卖盘
10:16:33	27.15	--	2	6244	买盘
10:16:27	27.15	--	20	54300	买盘
10:16:21	27.15	0.02	13	35295	买盘
10:16:12	27.13	--	4	10852	卖盘
10:16:09	27.13	--	36	97668	买盘
10:15:54	27.13	--	10	27130	买盘
10:15:48	27.13	0.01	3	8139	买盘
10:15:45	27.12	-0.01	49	132888	卖盘
10:15:42	27.13	--	21	56973	卖盘
10:15:36	27.13	-0.01	1	2713	卖盘
10:15:33	27.14	--	7	18998	买盘
10:15:27	27.14	0.01	4	10856	买盘
10:15:24	27.13	--	6	16278	买盘
10:15:21	27.13	--	2	5426	卖盘
10:15:03	27.13	0.01	5	13565	买盘
10:14:57	27.12	--	8	21696	卖盘
10:14:54	27.12	--	7	18984	卖盘
10:14:51	27.12	-0.01	30	81360	卖盘
10:14:48	27.13	0.01	10	27130	买盘
10:14:45	27.12	--	13	35256	卖盘
10:14:33	27.12	--	44	119328	卖盘
10:14:27	27.12	-0.01	8	21696	卖盘
10:14:24	27.13	--	7	18991	买盘
10:14:18	27.13	--	1	2713	买盘
10:14:12	27.13	--	8	21704	买盘
10:14:09	27.13	--	2	5426	卖盘
10:14:03	27.13	--	15	40695	卖盘
10:13:57	27.13	--	19	51547	卖盘
10:13:48	27.13	--	6	16278	卖盘
10:13:42	27.13	--	2	5426	卖盘
10:13:39	27.13	--	4	10852	买盘
10:13:33	27.13	0.01	5	13565	买盘
10:13:30	27.12	-0.01	29	78648	卖盘
10:13:27	27.13	-0.02	1	2713	卖盘
10:13:18	27.15	--	20	54300	买盘
10:13:15	27.15	-0.02	79	214485	卖盘
10:13:12	27.17	0.02	3	8151	买盘
10:13:09	27.15	--	36	97740	卖盘
10:13:06	27.15	--	8	21720	卖盘
10:12:57	27.15	0.03	16	43440	买盘
10:12:48	27.12	-0.03	1	2712	卖盘
10:12:45	27.15	0.03	5	13575	买盘
10:12:42	27.12	-0.03	10	27120	卖盘
10:12:39	27.15	--	54	146610	买盘
10:12:33	27.15	0.03	38	103170	买盘
10:12:30	27.12	--	9	24408	买盘
10:12:27	27.12	0.02	1	2712	买盘
10:12:24	27.1	-0.01	93	252030	卖盘
10:12:15	27.11	--	9	24399	卖盘
10:12:12	27.11	-0.01	17	46087	卖盘
10:12:06	27.12	-0.02	25	67800	卖盘
10:12:03	27.14	0.03	10	27140	买盘
10:12:00	27.11	-0.03	42	113862	卖盘
10:11:45	27.14	0.03	10	27140	中性盘
10:11:39	27.11	--	10	27110	卖盘
10:11:33	27.11	--	4	10844	卖盘
10:11:30	27.11	--	38	103018	卖盘
10:11:15	27.11	--	5	14368	买盘
10:11:12	27.11	-0.03	14	39851	卖盘
10:11:09	27.14	0.03	8	21712	买盘
10:11:06	27.11	--	10	27923	买盘
10:11:03	27.11	-0.02	89	243176	卖盘
10:11:00	27.13	0.02	66	179871	买盘
10:10:57	27.11	-0.01	33	89463	卖盘
10:10:54	27.12	0.01	20	54240	买盘
10:10:48	27.11	--	79	216066	卖盘
10:10:45	27.11	--	1	2711	卖盘
10:10:36	27.11	-0.01	6	17079	卖盘
10:10:30	27.12	0.01	10	27120	买盘
10:10:27	27.11	--	35	94885	卖盘
10:10:24	27.11	-0.02	5	13555	卖盘
10:10:21	27.13	--	3	8139	买盘
10:10:15	27.13	--	5	13565	中性盘
10:10:12	27.13	-0.01	10	27130	中性盘
10:10:03	27.14	0.03	5	13570	买盘
10:10:00	27.11	-0.03	16	43376	卖盘
10:09:57	27.14	-0.01	2	5428	中性盘
10:09:51	27.15	0.04	1	2715	买盘
10:09:48	27.11	--	13	35243	卖盘
10:09:42	27.11	--	40	108440	买盘
10:09:36	27.11	0.01	10	27110	中性盘
10:09:30	27.1	-0.01	200	542000	卖盘
10:09:27	27.11	0.01	42	113862	卖盘
10:09:12	27.1	-0.01	13	35230	卖盘
10:09:09	27.11	0.01	4	10844	买盘
10:09:06	27.1	-0.01	3	8130	卖盘
10:09:03	27.11	0.01	1	2711	买盘
10:09:00	27.1	--	17	47587	买盘
10:08:57	27.1	--	18	48780	买盘
10:08:54	27.1	--	11	29810	买盘
10:08:51	27.1	0.02	9	24390	买盘
10:08:48	27.08	-0.02	7	18956	卖盘
10:08:45	27.1	0.02	8	21680	买盘
10:08:39	27.08	0.01	43	116443	中性盘
10:08:33	27.07	--	10	27070	卖盘
10:08:30	27.07	-0.01	34	92038	卖盘
10:08:27	27.08	-0.02	9	24372	中性盘
10:08:24	27.1	0.03	68	184280	买盘
10:08:21	27.07	--	20	54140	卖盘
10:08:18	27.07	-0.02	21	56847	卖盘
10:08:15	27.09	--	27	73143	卖盘
10:08:12	27.09	--	115	311535	买盘
10:08:09	27.09	0.02	12	32508	买盘
10:08:06	27.07	--	40	108280	买盘
10:08:03	27.07	--	42	113694	卖盘
10:08:00	27.07	--	28	75796	卖盘
10:07:57	27.07	-0.02	5	13535	卖盘
10:07:54	27.09	0.02	67	181503	买盘
10:07:51	27.07	-0.01	20	54140	卖盘
10:07:48	27.08	-0.01	3	8123	卖盘
10:07:45	27.09	--	5	13545	买盘
10:07:42	27.09	--	22	59598	买盘
10:07:39	27.09	0.02	22	59598	买盘
10:07:36	27.07	-0.01	37	100159	卖盘
10:07:33	27.08	-0.02	29	78532	卖盘
10:07:30	27.1	0.01	14	37940	买盘
10:07:27	27.09	-0.01	15	40635	卖盘
10:07:24	27.1	--	10	27100	买盘
10:07:21	27.1	--	13	35230	买盘
10:07:18	27.1	--	32	87478	卖盘
10:07:15	27.1	--	108	292680	卖盘
10:07:12	27.1	--	133	360430	卖盘
10:07:09	27.1	-0.01	144	390240	卖盘
10:07:06	27.11	0.01	32	86752	买盘
10:07:03	27.1	-0.01	62	168020	卖盘
10:07:00	27.11	--	55	149105	买盘
10:06:54	27.11	--	16	43376	买盘
10:06:51	27.11	-0.01	10	27110	中性盘
10:06:48	27.12	--	55	149160	卖盘
10:06:45	27.12	-0.01	50	135600	卖盘
10:06:42	27.13	0.01	9	24417	买盘
10:06:39	27.12	--	104	282048	买盘
10:06:30	27.12	-0.07	78	211536	卖盘
10:06:24	27.19	0.08	23	62537	中性盘
10:06:18	27.11	-0.08	150	406650	卖盘
10:06:15	27.19	0.01	8	21752	卖盘
10:06:12	27.18	-0.01	14	38052	卖盘
10:06:09	27.19	--	48	132469	买盘
10:06:06	27.19	0.07	18	48942	买盘
10:06:00	27.12	-0.07	512	1388544	卖盘
10:05:51	27.19	-0.01	23	63298	卖盘
10:05:48	27.2	-0.01	10	27200	中性盘
10:05:42	27.21	--	22	59862	买盘
10:05:36	27.21	0.01	7	19047	买盘
10:05:33	27.2	--	20	54400	卖盘
10:05:30	27.2	--	9	24480	卖盘
10:05:27	27.2	--	1	2720	卖盘
10:05:21	27.2	-0.01	10	27200	卖盘
10:05:15	27.21	0.01	9	26448	买盘
10:05:12	27.2	-0.01	1	2720	卖盘
10:05:06	27.21	-0.01	11	30692	卖盘
10:05:03	27.22	0.01	25	70009	买盘
10:05:00	27.21	0.01	5	13605	买盘
10:04:57	27.2	-0.01	22	59840	卖盘
10:04:54	27.21	-0.01	3	8163	卖盘
10:04:48	27.22	0.02	1	2722	买盘
10:04:45	27.2	-0.01	25	68000	卖盘
10:04:42	27.21	0.01	12	32652	买盘
10:04:36	27.2	-0.01	12	32640	卖盘
10:04:33	27.21	-0.01	50	136050	卖盘
10:04:30	27.22	--	8	21776	卖盘
10:04:24	27.22	0.01	2	5444	中性盘
10:04:21	27.21	--	1	2721	卖盘
10:04:18	27.21	-0.01	6	16326	卖盘
10:04:15	27.22	0.02	4	10888	买盘
10:04:09	27.2	-0.01	52	141440	卖盘
10:04:06	27.21	--	18	48978	卖盘
10:04:00	27.21	0.01	1	2721	买盘
10:03:57	27.2	-0.01	7	19040	卖盘
10:03:54	27.21	--	15	40815	买盘
10:03:45	27.21	--	1	2721	买盘
10:03:42	27.21	--	8	21768	买盘
10:03:39	27.21	0.01	1	2721	买盘
10:03:36	27.2	--	6	16320	卖盘
10:03:33	27.2	--	18	48960	卖盘
10:03:30	27.2	-0.01	4	10880	卖盘
10:03:27	27.21	--	34	92514	买盘
10:03:24	27.21	--	1	2721	买盘
10:03:21	27.21	--	5	13605	买盘
10:03:18	27.21	--	27	73467	买盘
10:03:15	27.21	--	2	5442	买盘
10:03:12	27.21	0.01	4	10884	买盘
10:03:09	27.2	-0.01	40	108800	卖盘
10:03:06	27.21	0.01	16	43536	买盘
10:03:03	27.2	-0.01	10	27200	卖盘
10:03:00	27.21	0.01	3	8163	买盘
10:02:54	27.2	-0.08	124	337280	卖盘
10:02:45	27.28	0.06	53	144584	买盘
10:02:42	27.22	--	1	2722	买盘
10:02:39	27.22	--	20	54440	买盘
10:02:36	27.22	--	2	5444	买盘
10:02:33	27.22	-0.03	14	38108	卖盘
10:02:30	27.25	0.03	14	38150	买盘
10:02:24	27.22	-0.01	10	27220	卖盘
10:02:21	27.23	0.01	1	2723	买盘
10:02:18	27.22	-0.01	1	2722	卖盘
10:02:15	27.23	0.03	59	160657	买盘
10:02:12	27.2	--	11	29920	卖盘
10:02:03	27.2	--	26	70720	卖盘
10:02:00	27.2	--	42	114240	买盘
10:01:57	27.2	--	1	2720	买盘
10:01:54	27.2	--	32	87040	买盘
10:01:51	27.2	--	2	5440	买盘
10:01:48	27.2	-0.02	18	48960	卖盘
10:01:42	27.22	--	4	10888	买盘
10:01:39	27.22	0.02	4	10888	买盘
10:01:36	27.2	--	5	13600	卖盘
10:01:33	27.2	-0.02	10	27200	卖盘
10:01:27	27.22	--	99	269478	买盘
10:01:24	27.22	0.03	22	59884	买盘
10:01:18	27.19	-0.04	20	54380	卖盘
10:01:03	27.23	0.05	1	2723	买盘
10:01:00	27.18	--	27	73386	卖盘
10:00:57	27.18	-0.01	8	21744	卖盘
10:00:54	27.19	--	22	59818	买盘
10:00:48	27.19	--	1	2719	买盘
10:00:45	27.19	0.01	1	2719	中性盘
10:00:42	27.18	0.03	1	2718	卖盘
10:00:39	27.15	-0.03	367	996405	卖盘
10:00:36	27.18	0.01	29	78822	中性盘
10:00:33	27.17	-0.01	46	124982	卖盘
10:00:30	27.18	--	37	100566	卖盘
10:00:27	27.18	--	18	48924	卖盘
10:00:24	27.18	--	8	21744	买盘
10:00:21	27.18	--	11	29898	买盘
10:00:18	27.18	--	23	62514	卖盘
10:00:15	27.18	-0.01	3	8154	卖盘
10:00:12	27.19	0.01	1	2719	买盘
10:00:09	27.18	-0.01	1	2718	中性盘
10:00:06	27.19	0.02	18	48942	买盘
10:00:03	27.17	-0.02	50	135850	卖盘
10:00:00	27.19	0.01	31	84289	买盘
09:59:57	27.18	--	3	8154	买盘
09:59:54	27.18	0.01	38	103284	买盘
09:59:51	27.17	-0.02	119	323323	卖盘
09:59:48	27.19	--	1	2719	买盘
09:59:45	27.19	--	5	13595	买盘
09:59:42	27.19	--	15	40785	买盘
09:59:36	27.19	--	13	35347	买盘
09:59:33	27.19	--	10	27190	买盘
09:59:30	27.19	--	7	19033	买盘
09:59:27	27.19	-0.01	3	8157	卖盘
09:59:24	27.2	--	51	138720	买盘
09:59:21	27.2	0.02	44	119680	买盘
09:59:18	27.18	-0.02	22	59796	卖盘
09:59:15	27.2	--	1	2720	买盘
09:59:12	27.2	--	21	57120	买盘
09:59:09	27.2	0.01	27	73440	买盘
09:59:06	27.19	0.01	9	24471	买盘
09:59:03	27.18	-0.01	2	5436	卖盘
09:59:00	27.19	--	29	78851	买盘
09:58:57	27.19	--	3	8157	卖盘
09:58:54	27.19	--	31	84289	卖盘
09:58:51	27.19	-0.01	30	81570	卖盘
09:58:48	27.2	--	2	5440	买盘
09:58:45	27.2	0.02	62	168640	买盘
09:58:42	27.18	-0.02	105	285390	卖盘
09:58:39	27.2	--	20	54400	买盘
09:58:36	27.2	0.01	5	13600	买盘
09:58:27	27.19	-0.01	26	70694	卖盘
09:58:24	27.2	-0.02	364	990080	卖盘
09:58:21	27.22	--	5	13610	买盘
09:58:18	27.22	-0.01	63	173391	卖盘
09:58:12	27.23	--	81	220563	买盘
09:58:09	27.23	0.01	3	8169	买盘
09:58:06	27.22	-0.03	90	244980	卖盘
09:57:54	27.25	0.01	3	8175	卖盘
09:57:51	27.24	--	56	153361	买盘
09:57:48	27.24	--	30	81720	买盘
09:57:42	27.24	--	3	8171	买盘
09:57:39	27.24	-0.05	13	35412	卖盘
09:57:36	27.29	0.05	10	27290	买盘
09:57:33	27.24	-0.01	23	62652	卖盘
09:57:30	27.25	--	7	19075	买盘
09:57:27	27.25	0.01	7	19075	买盘
09:57:24	27.24	-0.01	12	32687	卖盘
09:57:21	27.25	-0.04	5	13625	卖盘
09:57:18	27.29	0.03	70	191030	买盘
09:57:15	27.26	0.01	77	211810	买盘
09:57:12	27.25	-0.01	27	73575	卖盘
09:57:09	27.26	0.01	1	2726	买盘
09:57:06	27.25	--	7	19075	卖盘
09:56:57	27.25	--	8	21800	卖盘
09:56:54	27.25	-0.02	12	32700	卖盘
09:56:51	27.27	0.01	1	2727	买盘
09:56:48	27.26	0.01	1	2726	买盘
09:56:42	27.25	--	2	6267	买盘
09:56:39	27.25	0.01	35	95375	买盘
09:56:36	27.24	-0.01	8	21792	卖盘
09:56:27	27.25	0.01	1	2725	买盘
09:56:24	27.24	0.01	6	16343	卖盘
09:56:15	27.23	--	6	16338	卖盘
09:56:12	27.23	--	26	70798	卖盘
09:56:09	27.23	-0.02	10	27230	卖盘
09:56:03	27.25	--	21	57225	买盘
09:56:00	27.25	--	7	19075	买盘
09:55:57	27.25	0.02	5	13625	买盘
09:55:54	27.23	-0.02	43	117089	卖盘
09:55:48	27.25	--	2	7357	卖盘
09:55:45	27.25	--	4	10900	卖盘
09:55:42	27.25	--	2	5450	卖盘
09:55:39	27.25	--	9	24525	卖盘
09:55:24	27.25	--	12	33517	买盘
09:55:21	27.25	0.04	20	54500	买盘
09:55:18	27.21	-0.04	55	149655	卖盘
09:55:12	27.25	--	7	19075	买盘
09:55:09	27.25	0.03	32	87200	买盘
09:55:03	27.22	-0.03	10	27220	卖盘
09:55:00	27.25	0.04	7	19075	买盘
09:54:57	27.21	-0.04	22	59862	卖盘
09:54:54	27.25	--	1	2725	买盘
09:54:48	27.25	--	1	2725	买盘
09:54:45	27.25	0.05	3	8175	买盘
09:54:42	27.2	-0.05	29	78880	卖盘
09:54:39	27.25	0.05	1	2725	买盘
09:54:36	27.2	--	1	2720	卖盘
09:54:33	27.2	--	36	97920	卖盘
09:54:30	27.2	-0.02	46	125120	卖盘
09:54:27	27.22	0.03	6	16332	中性盘
09:54:24	27.19	--	5	13595	买盘
09:54:21	27.19	-0.01	80	217520	卖盘
09:54:18	27.2	0.02	5	13600	买盘
09:54:15	27.18	-0.02	33	89694	卖盘
09:54:12	27.2	-0.02	100	272000	卖盘
09:54:09	27.22	0.01	7	19054	买盘
09:54:06	27.21	-0.02	25	68025	卖盘
09:54:03	27.23	--	13	35399	买盘
09:54:00	27.23	0.03	80	217840	买盘
09:53:57	27.2	-0.02	11	29920	卖盘
09:53:54	27.22	-0.01	1	2722	卖盘
09:53:51	27.23	--	9	24507	买盘
09:53:48	27.23	--	10	27230	买盘
09:53:45	27.23	--	25	68075	买盘
09:53:39	27.23	-0.02	283	770609	卖盘
09:53:36	27.25	0.02	1	2725	买盘
09:53:33	27.23	-0.01	19	51737	卖盘
09:53:27	27.24	0.01	9	24516	买盘
09:53:24	27.23	-0.01	29	78967	卖盘
09:53:21	27.24	0.01	1	2724	买盘
09:53:15	27.23	-0.02	20	54460	卖盘
09:53:12	27.25	--	3	8175	买盘
09:53:09	27.25	--	6	16350	买盘
09:53:06	27.25	-0.05	70	190750	买盘
09:53:03	27.3	--	127	348621	卖盘
09:53:00	27.3	0.06	70	191919	买盘
09:52:57	27.24	-0.01	5	13620	卖盘
09:52:54	27.25	--	60	165407	卖盘
09:52:51	27.25	-0.05	14	38150	卖盘
09:52:42	27.3	0.05	11	30030	买盘
09:52:39	27.25	-0.04	54	147150	卖盘
09:52:36	27.29	0.01	10	27290	买盘
09:52:33	27.28	-0.02	38	103664	卖盘
09:52:30	27.3	-0.01	5	13650	买盘
09:52:27	27.31	0.02	82	223942	买盘
09:52:24	27.29	-0.01	6	16374	卖盘
09:52:21	27.3	--	17	46410	卖盘
09:52:18	27.3	--	35	95550	卖盘
09:52:15	27.3	--	7	19110	卖盘
09:52:12	27.3	--	5	13650	卖盘
09:52:09	27.3	--	55	150150	卖盘
09:52:06	27.3	--	5	13650	卖盘
09:51:57	27.3	-0.02	116	316680	卖盘
09:51:51	27.32	-0.03	17	46444	卖盘
09:51:45	27.35	--	4	10940	买盘
09:51:42	27.35	-0.01	127	347345	卖盘
09:51:39	27.36	--	120	328320	买盘
09:51:27	27.36	--	7	19152	卖盘
09:51:24	27.36	--	4	10944	卖盘
09:51:21	27.36	-0.01	5	13680	卖盘
09:51:18	27.37	0.01	31	84847	中性盘
09:51:12	27.36	-0.01	12	32832	卖盘
09:51:09	27.37	0.01	23	62951	中性盘
09:51:03	27.36	-0.03	7	19152	卖盘
09:51:00	27.39	0.03	32	87648	买盘
09:50:57	27.36	0.01	60	164160	买盘
09:50:48	27.35	-0.01	8	21880	卖盘
09:50:39	27.36	--	111	303696	中性盘
09:50:36	27.36	-0.04	10	27360	中性盘
09:50:18	27.4	0.03	72	197280	买盘
09:50:15	27.37	-0.01	28	76636	卖盘
09:50:09	27.38	-0.02	51	139638	卖盘
09:50:03	27.4	0.02	36	98640	买盘
09:50:00	27.38	-0.01	22	60236	卖盘
09:49:54	27.39	0.01	10	27390	中性盘
09:49:51	27.38	-0.01	60	164280	卖盘
09:49:48	27.39	--	5	13695	买盘
09:49:45	27.39	0.01	45	123255	买盘
09:49:42	27.38	-0.01	107	292966	卖盘
09:49:39	27.39	0.01	63	172557	买盘
09:49:33	27.38	--	73	199874	卖盘
09:49:30	27.38	-0.01	10	27380	卖盘
09:49:27	27.39	--	6	16434	买盘
09:49:24	27.39	--	25	68475	卖盘
09:49:18	27.39	--	5	13695	卖盘
09:49:15	27.39	0.01	8	21912	买盘
09:49:12	27.38	--	4	10952	卖盘
09:49:09	27.38	-0.01	15	41070	卖盘
09:49:00	27.39	0.02	4	10956	中性盘
09:48:57	27.37	--	7	19159	卖盘
09:48:54	27.37	-0.03	8	21896	卖盘
09:48:51	27.4	0.02	10	27400	买盘
09:48:48	27.38	0.01	2	5476	卖盘
09:48:45	27.37	-0.01	12	32844	卖盘
09:48:42	27.38	--	8	21904	卖盘
09:48:39	27.38	-0.01	168	459984	卖盘
09:48:36	27.39	--	38	104082	买盘
09:48:33	27.39	0.02	40	109560	买盘
09:48:30	27.37	-0.02	47	128639	卖盘
09:48:27	27.39	--	10	27390	买盘
09:48:15	27.39	--	127	347853	卖盘
09:48:12	27.39	--	243	665577	卖盘
09:48:03	27.39	--	31	84909	买盘
09:48:00	27.39	0.02	9	24651	买盘
09:47:54	27.37	-0.02	9	24633	卖盘
09:47:51	27.39	0.02	12	32868	买盘
09:47:42	27.37	--	33	90321	卖盘
09:47:39	27.37	0.01	13	35581	买盘
09:47:36	27.36	--	50	136800	卖盘
09:47:33	27.36	--	3	8208	卖盘
09:47:27	27.36	--	1	2736	卖盘
09:47:21	27.36	0.02	114	312451	买盘
09:47:15	27.34	--	8	21872	卖盘
09:47:12	27.34	-0.01	10	27340	卖盘
09:47:06	27.35	--	19	51965	买盘
09:47:03	27.35	0.01	11	30085	买盘
09:47:00	27.34	--	5	13670	买盘
09:46:57	27.34	0.01	11	30074	买盘
09:46:54	27.33	-0.01	14	38262	卖盘
09:46:36	27.34	0.01	2	5468	中性盘
09:46:33	27.33	--	12	32796	卖盘
09:46:24	27.33	-0.02	28	76524	卖盘
09:46:21	27.35	0.03	26	71110	买盘
09:46:09	27.32	--	7	19124	卖盘
09:46:06	27.32	--	111	303252	卖盘
09:46:00	27.32	-0.01	14	38248	卖盘
09:45:57	27.33	0.01	1	2733	中性盘
09:45:51	27.32	--	8	21856	卖盘
09:45:48	27.32	-0.01	5	13660	卖盘
09:45:45	27.33	0.01	1	2733	买盘
09:45:39	27.32	0.01	8	21856	中性盘
09:45:33	27.31	-0.04	18	49158	卖盘
09:45:27	27.35	0.03	1	2735	买盘
09:45:21	27.32	-0.04	34	92888	卖盘
09:45:18	27.36	--	10	27360	买盘
09:45:15	27.36	0.04	5	13680	买盘
09:45:12	27.32	-0.04	20	54640	卖盘
09:45:09	27.36	0.01	30	82080	买盘
09:45:06	27.35	--	1	2735	买盘
09:45:03	27.35	0.03	3	8205	买盘
09:45:00	27.32	--	11	30052	买盘
09:44:57	27.32	--	11	30052	买盘
09:44:54	27.32	--	80	218560	买盘
09:44:51	27.32	--	3	8196	卖盘
09:44:45	27.32	-0.04	15	40980	卖盘
09:44:42	27.36	--	4	10944	卖盘
09:44:39	27.36	--	3	8208	卖盘
09:44:33	27.36	--	16	43776	卖盘
09:44:27	27.36	--	2	5472	卖盘
09:44:24	27.36	0.05	76	207936	买盘
09:44:21	27.31	--	53	144743	卖盘
09:44:09	27.31	--	28	76468	卖盘
09:44:06	27.31	--	7	19117	卖盘
09:44:03	27.31	-0.04	10	27310	卖盘
09:44:00	27.35	--	5	13675	卖盘
09:43:54	27.35	-0.01	8	21880	卖盘
09:43:51	27.36	0.04	1	2736	买盘
09:43:48	27.32	0.01	6	16392	中性盘
09:43:42	27.31	-0.04	55	150205	卖盘
09:43:39	27.35	0.03	63	172305	买盘
09:43:30	27.32	-0.03	27	73764	卖盘
09:43:27	27.35	0.03	1	2735	买盘
09:43:21	27.32	-0.01	65	177580	卖盘
09:43:18	27.33	0.01	11	30062	买盘
09:43:15	27.32	-0.01	9	24588	卖盘
09:43:09	27.33	0.03	1	2733	买盘
09:43:03	27.3	-0.03	34	92820	卖盘
09:43:00	27.33	0.02	3	8199	中性盘
09:42:57	27.31	-0.02	200	546200	卖盘
09:42:54	27.33	--	10	27330	卖盘
09:42:51	27.33	-0.02	3	8199	卖盘
09:42:45	27.35	0.02	2	5470	买盘
09:42:39	27.33	-0.02	10	27330	卖盘
09:42:33	27.35	0.02	10	27350	中性盘
09:42:30	27.33	-0.04	109	297897	卖盘
09:42:27	27.37	0.02	103	281911	买盘
09:42:24	27.35	--	77	210595	买盘
09:42:21	27.35	--	3	8205	卖盘
09:42:18	27.35	--	1	2735	卖盘
09:42:15	27.35	-0.01	9	24615	买盘
09:42:12	27.36	0.03	30	82080	买盘
09:42:06	27.33	-0.02	63	172179	卖盘
09:42:03	27.35	--	100	273500	卖盘
09:42:00	27.35	--	15	41025	卖盘
09:41:54	27.35	--	9	24615	卖盘
09:41:51	27.35	0.01	37	101195	买盘
09:41:48	27.34	-0.01	48	131232	卖盘
09:41:45	27.35	-0.01	3	8205	卖盘
09:41:39	27.36	--	7	19152	买盘
09:41:36	27.36	0.01	22	60192	买盘
09:41:33	27.35	-0.01	3	8205	卖盘
09:41:27	27.36	0.02	20	54720	买盘
09:41:21	27.34	-0.01	80	219540	卖盘
09:41:15	27.35	--	10	27350	卖盘
09:41:12	27.35	--	5	13675	卖盘
09:41:09	27.35	--	92	251620	买盘
09:41:03	27.35	--	8	21880	买盘
09:41:00	27.35	0.01	14	38290	买盘
09:40:57	27.34	-0.01	10	27340	卖盘
09:40:54	27.35	--	21	57435	卖盘
09:40:51	27.35	--	31	84785	卖盘
09:40:45	27.35	--	36	98460	卖盘
09:40:39	27.35	--	26	71110	卖盘
09:40:36	27.35	--	10	27350	卖盘
09:40:33	27.35	--	21	57435	卖盘
09:40:27	27.35	-0.01	20	54700	卖盘
09:40:21	27.36	--	10	27360	买盘
09:40:12	27.36	--	110	300960	卖盘
09:40:09	27.36	-0.01	7	19152	卖盘
09:40:03	27.37	--	1	2737	买盘
09:40:00	27.37	--	2	5474	买盘
09:39:57	27.37	--	5	13685	买盘
09:39:54	27.37	--	39	106743	卖盘
09:39:51	27.37	--	2	5474	卖盘
09:39:45	27.37	--	3	8211	卖盘
09:39:39	27.37	--	8	21896	卖盘
09:39:36	27.37	--	4	10948	卖盘
09:39:30	27.37	--	22	60214	卖盘
09:39:24	27.37	-0.03	83	227171	卖盘
09:39:18	27.4	0.03	172	471280	买盘
09:39:12	27.37	-0.03	69	188853	卖盘
09:39:06	27.4	0.01	1	2740	买盘
09:39:03	27.39	--	9	24651	卖盘
09:39:00	27.39	--	6	16434	卖盘
09:38:57	27.39	--	10	27390	卖盘
09:38:54	27.39	0.02	17	46563	买盘
09:38:45	27.37	--	10	27370	卖盘
09:38:39	27.37	-0.02	10	27370	卖盘
09:38:30	27.39	0.02	10	27390	买盘
09:38:27	27.37	-0.03	56	153272	卖盘
09:38:18	27.4	--	8	21920	买盘
09:38:12	27.4	0.02	19	52060	买盘
09:38:09	27.38	-0.05	6	16428	中性盘
09:38:06	27.43	0.05	50	137150	买盘
09:38:03	27.38	--	4	10952	买盘
09:38:00	27.38	-0.04	224	613312	卖盘
09:37:54	27.42	--	1	2742	买盘
09:37:51	27.42	0.02	2	5484	买盘
09:37:48	27.4	--	16	43840	卖盘
09:37:45	27.4	-0.02	6	16440	卖盘
09:37:42	27.42	0.02	5	13710	买盘
09:37:39	27.4	--	3	8220	卖盘
09:37:33	27.4	--	89	243860	买盘
09:37:30	27.4	0.02	24	65760	买盘
09:37:27	27.38	-0.01	57	156066	卖盘
09:37:24	27.39	--	3	8217	卖盘
09:37:21	27.39	--	1	2739	卖盘
09:37:18	27.39	0.01	9	24651	买盘
09:37:12	27.38	-0.01	135	369630	卖盘
09:37:09	27.39	-0.01	2	5478	中性盘
09:37:06	27.4	0.01	8	21920	买盘
09:37:03	27.39	0.01	1	2739	买盘
09:37:00	27.38	-0.02	79	216302	卖盘
09:36:57	27.4	-0.01	2	5480	卖盘
09:36:51	27.41	0.01	42	115122	买盘
09:36:48	27.4	--	79	216460	买盘
09:36:45	27.4	-0.01	79	216460	卖盘
09:36:42	27.41	--	1	2741	买盘
09:36:39	27.41	0.01	93	254913	买盘
09:36:33	27.4	-0.02	29	79460	卖盘
09:36:27	27.42	--	8	21936	买盘
09:36:24	27.42	0.02	5	13710	中性盘
09:36:21	27.4	-0.02	25	68500	卖盘
09:36:18	27.42	-0.01	1	2742	买盘
09:36:06	27.43	0.05	10	27430	买盘
09:36:03	27.38	-0.01	11	30118	卖盘
09:36:00	27.39	-0.05	9	24651	中性盘
09:35:54	27.44	0.01	75	205800	买盘
09:35:51	27.43	0.01	15	41145	中性盘
09:35:48	27.42	-0.02	2	5484	卖盘
09:35:42	27.44	--	11	30184	买盘
09:35:33	27.44	--	3	8232	买盘
09:35:30	27.44	0.07	13	35672	买盘
09:35:27	27.37	-0.07	9	24633	卖盘
09:35:21	27.44	-0.01	1	2744	中性盘
09:35:12	27.45	--	29	79605	买盘
09:35:09	27.45	0.12	20	54900	买盘
09:35:03	27.33	--	144	393552	卖盘
09:34:57	27.33	-0.13	10	27330	卖盘
09:34:54	27.46	0.11	82	225172	买盘
09:34:48	27.35	--	1	2735	买盘
09:34:45	27.35	-0.12	16	43760	卖盘
09:34:39	27.47	0.11	116	318652	买盘
09:34:36	27.36	0.01	5	13680	买盘
09:34:33	27.35	-0.01	6	16410	卖盘
09:34:27	27.36	--	1	2736	买盘
09:34:24	27.36	0.01	7	19152	买盘
09:34:21	27.35	-0.01	7	19145	卖盘
09:34:18	27.36	0.01	1	2736	买盘
09:34:12	27.35	0.03	31	84785	卖盘
09:34:06	27.32	-0.03	203	554596	卖盘
09:34:03	27.35	--	18	49230	买盘
09:33:57	27.35	--	2	5470	买盘
09:33:54	27.35	--	3	8205	买盘
09:33:51	27.35	0.02	1	2735	买盘
09:33:48	27.33	--	3	8199	卖盘
09:33:45	27.33	0.01	26	71058	买盘
09:33:42	27.32	--	2	5464	卖盘
09:33:39	27.32	--	5	13660	卖盘
09:33:36	27.32	-0.01	13	35516	卖盘
09:33:33	27.33	0.01	1	2733	买盘
09:33:30	27.32	--	5	13660	卖盘
09:33:24	27.32	0.01	101	275932	买盘
09:33:21	27.31	-0.01	10	27310	卖盘
09:33:18	27.32	0.02	40	109280	买盘
09:33:12	27.3	--	18	49140	卖盘
09:33:09	27.3	--	3	8190	卖盘
09:33:06	27.3	-0.01	10	27300	卖盘
09:33:03	27.31	0.01	8	21848	买盘
09:33:00	27.3	--	2	5460	卖盘
09:32:57	27.3	-0.01	53	144690	卖盘
09:32:54	27.31	0.01	41	111971	中性盘
09:32:48	27.3	-0.01	14	38220	卖盘
09:32:42	27.31	0.01	3	8193	卖盘
09:32:39	27.3	-0.01	17	46410	卖盘
09:32:36	27.31	0.01	15	40965	中性盘
09:32:33	27.3	--	29	79170	卖盘
09:32:30	27.3	-0.03	60	163800	卖盘
09:32:27	27.33	0.03	41	112053	买盘
09:32:24	27.3	-0.01	65	177450	卖盘
09:32:21	27.31	-0.02	20	54620	卖盘
09:32:12	27.33	-0.02	4	10932	中性盘
09:32:09	27.35	0.04	5	13675	买盘
09:32:06	27.31	-0.02	60	163860	卖盘
09:32:03	27.33	-0.03	14	38262	卖盘
09:31:57	27.36	-0.01	1	2736	买盘
09:31:54	27.37	0.04	5	13685	买盘
09:31:51	27.33	-0.05	23	62858	卖盘
09:31:48	27.38	0.01	55	150590	买盘
09:31:45	27.37	--	50	136850	买盘
09:31:42	27.37	-0.01	28	76636	卖盘
09:31:36	27.38	-0.02	26	71188	卖盘
09:31:33	27.4	0.01	28	76720	买盘
09:31:30	27.39	0.01	5	13695	中性盘
09:31:24	27.38	-0.01	17	46546	买盘
09:31:18	27.39	-0.01	2	5478	中性盘
09:31:15	27.4	0.01	108	295920	买盘
09:31:12	27.39	--	12	32868	买盘
09:31:09	27.39	0.02	21	57519	买盘
09:31:06	27.37	-0.02	28	76636	卖盘
09:31:03	27.39	--	20	54780	买盘
09:31:00	27.39	--	3	8217	买盘
09:30:45	27.39	0.04	20	54780	买盘
09:30:42	27.35	--	3	8205	买盘
09:30:39	27.35	-0.05	12	32820	卖盘
09:30:36	27.4	0.05	2	5480	买盘
09:30:30	27.35	--	2	5470	卖盘
09:30:27	27.35	-0.05	5	13675	卖盘
09:30:21	27.4	0.1	402	1101480	买盘
09:30:18	27.3	-0.07	6	16380	卖盘
09:30:12	27.37	0.07	5	13685	买盘
09:30:09	27.3	-0.07	109	297570	卖盘
09:30:06	27.37	0.07	66	180642	买盘
09:30:03	27.3	-0.1	28	76440	卖盘
09:25:03	27.4	27.4	268	734320	买盘
