成交时间	成交价	价格变动	成交量(手)	成交额(元)	性质
15:00:03	23.36	0.01	2544	5944302	卖盘
14:57:03	23.35	-0.01	26	60710	卖盘
14:57:00	23.36	--	2	4672	卖盘
14:56:57	23.36	0.02	35	81760	买盘
14:56:54	23.34	--	2	4668	卖盘
14:56:51	23.34	-0.01	75	175050	卖盘
14:56:45	23.35	--	119	277865	买盘
14:56:42	23.35	0.01	106	247510	买盘
14:56:39	23.34	--	24	56016	卖盘
14:56:36	23.34	--	23	53682	卖盘
14:56:33	23.34	-0.01	20	46680	卖盘
14:56:30	23.35	--	24	56040	买盘
14:56:27	23.35	--	9	21015	买盘
14:56:24	23.35	--	19	44365	买盘
14:56:21	23.35	--	10	23350	买盘
14:56:18	23.35	--	32	74720	买盘
14:56:15	23.35	-0.02	791	1846985	卖盘
14:56:12	23.37	--	25	58425	卖盘
14:56:09	23.37	--	140	327180	买盘
14:56:03	23.37	--	4	9348	买盘
14:55:54	23.37	-0.01	20	46740	买盘
14:55:51	23.38	0.01	196	458248	买盘
14:55:48	23.37	-0.01	200	467400	卖盘
14:55:45	23.38	0.01	219	512022	买盘
14:55:39	23.37	--	5	11685	卖盘
14:55:36	23.37	--	197	460389	卖盘
14:55:33	23.37	--	10	23370	卖盘
14:55:30	23.37	--	82	191634	买盘
14:55:27	23.37	0.01	11	25707	买盘
14:55:24	23.36	-0.01	14	32704	卖盘
14:55:21	23.37	0.01	27	63099	买盘
14:55:15	23.36	--	53	123808	卖盘
14:55:09	23.36	--	2	4672	卖盘
14:55:06	23.36	--	25	58400	卖盘
14:55:03	23.36	0.02	197	461710	买盘
14:55:00	23.34	--	31	72354	买盘
14:54:54	23.34	--	28	65352	卖盘
14:54:51	23.34	--	39	91026	卖盘
14:54:48	23.34	--	1	2334	卖盘
14:54:45	23.34	-0.01	1	2334	卖盘
14:54:42	23.35	--	32	74720	买盘
14:54:36	23.35	0.01	5	11675	买盘
14:54:33	23.34	--	63	147042	卖盘
14:54:24	23.34	-0.01	1	2334	卖盘
14:54:21	23.35	--	6	14010	买盘
14:54:18	23.35	-0.02	183	427421	卖盘
14:54:15	23.37	0.02	7	16359	买盘
14:54:09	23.35	-0.02	93	217155	卖盘
14:54:06	23.37	0.01	55	130755	买盘
14:54:03	23.36	0.01	100	233600	买盘
14:54:00	23.35	--	6	14010	卖盘
14:53:57	23.35	--	24	56040	卖盘
14:53:54	23.35	--	22	51370	卖盘
14:53:51	23.35	-0.01	15	35025	卖盘
14:53:48	23.36	--	133	310688	买盘
14:53:45	23.36	--	2	4672	买盘
14:53:36	23.36	--	10	23476	卖盘
14:53:33	23.36	--	54	126144	卖盘
14:53:30	23.36	--	1	2336	卖盘
14:53:27	23.36	0.02	111	261515	买盘
14:53:24	23.34	-0.02	19	44346	卖盘
14:53:21	23.36	--	14	32704	买盘
14:53:18	23.36	0.02	78	182208	买盘
14:53:15	23.34	-0.02	12	28008	卖盘
14:53:12	23.36	--	10	23360	买盘
14:53:09	23.36	--	18	42048	买盘
14:53:06	23.36	0.02	3	7008	买盘
14:53:03	23.34	-0.02	5	11670	卖盘
14:53:00	23.36	--	127	296672	卖盘
14:52:57	23.36	-0.03	152	355072	卖盘
14:52:51	23.39	0.02	31	72509	买盘
14:52:48	23.37	--	2	4674	卖盘
14:52:45	23.37	--	107	250059	卖盘
14:52:42	23.37	0.01	45	105165	买盘
14:52:39	23.36	-0.01	25	58400	卖盘
14:52:36	23.37	--	66	154242	买盘
14:52:33	23.37	--	84	196308	买盘
14:52:30	23.37	0.01	20	46740	买盘
14:52:24	23.36	--	10	23360	卖盘
14:52:15	23.36	-0.01	4	9344	卖盘
14:52:12	23.37	--	7	16359	卖盘
14:52:06	23.37	-0.03	26	60762	卖盘
14:52:03	23.4	--	104	245114	卖盘
14:52:00	23.4	--	148	346320	卖盘
14:51:57	23.4	--	11	25740	卖盘
14:51:54	23.4	--	212	496079	卖盘
14:51:51	23.4	--	120	280800	卖盘
14:51:48	23.4	--	112	262079	卖盘
14:51:45	23.4	-0.02	2	4680	卖盘
14:51:42	23.42	0.02	35	81970	买盘
14:51:39	23.4	--	103	241019	卖盘
14:51:36	23.4	-0.01	75	175500	卖盘
14:51:33	23.41	--	24	56184	买盘
14:51:27	23.41	-0.01	116	271556	卖盘
14:51:24	23.42	--	114	266988	卖盘
14:51:21	23.42	--	26	60892	卖盘
14:51:18	23.42	0.01	365	854830	买盘
14:51:15	23.41	--	10	23410	卖盘
14:51:09	23.41	-0.01	7	16387	卖盘
14:51:06	23.42	--	3	7026	买盘
14:51:03	23.42	-0.02	17	39814	卖盘
14:51:00	23.44	0.02	68	159392	买盘
14:50:57	23.42	-0.01	34	79628	卖盘
14:50:54	23.43	0.01	8	18744	买盘
14:50:51	23.42	-0.02	10	23420	中性盘
14:50:42	23.44	0.01	496	1162624	买盘
14:50:39	23.43	0.01	20	46860	买盘
14:50:36	23.42	--	11	25762	卖盘
14:50:33	23.42	-0.03	5	11710	卖盘
14:50:30	23.45	0.01	9	21105	买盘
14:50:27	23.44	0.03	12	28128	中性盘
14:50:24	23.41	-0.04	4	9364	卖盘
14:50:21	23.45	0.02	40	93800	买盘
14:50:12	23.43	0.01	130	304590	买盘
14:50:09	23.42	0.01	10	23420	买盘
14:50:06	23.41	0.01	53	124073	买盘
14:50:03	23.4	0.04	2161	5057325	买盘
14:50:00	23.36	--	100	233600	卖盘
14:49:57	23.36	-0.01	99	231264	卖盘
14:49:54	23.37	--	29	67773	买盘
14:49:51	23.37	0.01	12	28044	买盘
14:49:48	23.36	-0.01	10	23360	卖盘
14:49:45	23.37	--	47	109839	买盘
14:49:39	23.37	--	2	4674	买盘
14:49:36	23.37	0.01	33	77121	买盘
14:49:30	23.36	--	70	163520	卖盘
14:49:27	23.36	-0.01	4	9344	卖盘
14:49:21	23.37	0.01	2	4674	买盘
14:49:18	23.36	--	4	9344	卖盘
14:49:12	23.36	--	6	14016	卖盘
14:49:06	23.36	0.05	194	453184	买盘
14:48:57	23.31	-0.05	35	81585	卖盘
14:48:54	23.36	0.05	50	118505	买盘
14:48:51	23.31	--	28	65268	卖盘
14:48:45	23.31	-0.06	4	9324	卖盘
14:48:42	23.37	0.01	502	1173174	买盘
14:48:39	23.36	0.05	50	116800	买盘
14:48:36	23.31	-0.05	47	109557	卖盘
14:48:33	23.36	--	20	46720	买盘
14:48:30	23.36	0.01	43	100448	买盘
14:48:27	23.35	--	13	30355	卖盘
14:48:21	23.35	--	135	315225	卖盘
14:48:18	23.35	--	5	11675	卖盘
14:48:15	23.35	--	8	18680	卖盘
14:48:12	23.35	0.03	117	273335	买盘
14:48:09	23.32	-0.01	8	18656	卖盘
14:48:06	23.33	--	15	34995	买盘
14:48:03	23.33	--	24	55991	买盘
14:48:00	23.33	--	1	2333	买盘
14:47:57	23.33	-0.01	14	32661	卖盘
14:47:54	23.34	--	25	58350	买盘
14:47:51	23.34	0.01	1	2334	买盘
14:47:48	23.33	--	2	4666	卖盘
14:47:45	23.33	--	15	34995	卖盘
14:47:42	23.33	--	13	30328	卖盘
14:47:39	23.33	--	2	4666	卖盘
14:47:36	23.33	-0.01	18	41994	卖盘
14:47:33	23.34	0.01	1	2334	买盘
14:47:30	23.33	--	35	81655	卖盘
14:47:18	23.33	-0.01	40	93320	卖盘
14:47:06	23.34	0.04	379	884586	买盘
14:47:00	23.3	-0.01	108	251640	卖盘
14:46:57	23.31	-0.01	14	32634	卖盘
14:46:51	23.32	0.01	3	6996	买盘
14:46:48	23.31	--	5	11655	买盘
14:46:45	23.31	-0.01	13	30303	卖盘
14:46:36	23.32	-0.01	5	13059	卖盘
14:46:33	23.33	0.01	10	23330	买盘
14:46:24	23.32	-0.01	8	18656	卖盘
14:46:21	23.33	0.03	192	448869	买盘
14:46:18	23.3	-0.01	20	46600	卖盘
14:46:09	23.31	-0.01	27	62937	卖盘
14:46:06	23.32	0.01	4	9328	买盘
14:46:00	23.31	-0.01	112	261072	卖盘
14:45:57	23.32	--	2	4664	买盘
14:45:54	23.32	--	34	79288	买盘
14:45:48	23.32	--	4	9328	买盘
14:45:45	23.32	--	3	6996	卖盘
14:45:42	23.32	0.01	4	9328	买盘
14:45:39	23.31	-0.01	5	11655	卖盘
14:45:36	23.32	0.01	13	30316	买盘
14:45:33	23.31	-0.01	33	76923	卖盘
14:45:30	23.32	--	3	6996	买盘
14:45:27	23.32	0.01	10	23320	买盘
14:45:24	23.31	--	3	6993	卖盘
14:45:21	23.31	-0.01	19	44289	卖盘
14:45:18	23.32	--	5	11660	买盘
14:45:15	23.32	--	60	139920	买盘
14:45:06	23.32	--	3	6996	买盘
14:45:03	23.32	--	5	11660	买盘
14:45:00	23.32	0.01	1	2332	买盘
14:44:57	23.31	-0.01	20	46620	卖盘
14:44:48	23.32	--	6	13992	卖盘
14:44:45	23.32	--	66	153912	卖盘
14:44:42	23.32	--	4	9328	卖盘
14:44:39	23.32	-0.01	20	46640	卖盘
14:44:36	23.33	--	4	9332	买盘
14:44:33	23.33	--	35	81655	买盘
14:44:27	23.33	0.01	10	23330	买盘
14:44:24	23.32	--	110	256520	卖盘
14:44:18	23.32	-0.01	2	4664	卖盘
14:44:15	23.33	--	10	23330	买盘
14:44:09	23.33	-0.01	51	120639	卖盘
14:44:06	23.34	0.01	3	7002	买盘
14:44:03	23.33	--	82	191306	卖盘
14:43:57	23.33	--	32	74656	卖盘
14:43:54	23.33	--	100	233299	卖盘
14:43:51	23.33	--	42	97986	卖盘
14:43:48	23.33	--	23	53658	卖盘
14:43:45	23.33	--	10	23330	卖盘
14:43:42	23.33	--	32	74656	卖盘
14:43:39	23.33	-0.01	20	46660	卖盘
14:43:36	23.34	0.02	138	322768	买盘
14:43:33	23.32	--	51	120331	卖盘
14:43:30	23.32	-0.01	152	354464	卖盘
14:43:27	23.33	--	38	88654	买盘
14:43:12	23.33	--	3	6998	买盘
14:43:09	23.33	--	88	205303	买盘
14:43:06	23.33	--	58	135314	卖盘
14:43:03	23.33	--	1	2333	卖盘
14:43:00	23.33	-0.01	13	30328	卖盘
14:42:57	23.34	--	4	9872	卖盘
14:42:54	23.34	--	7	16338	卖盘
14:42:51	23.34	--	68	160509	卖盘
14:42:48	23.34	0.01	20	46680	中性盘
14:42:39	23.33	-0.01	107	249630	卖盘
14:42:36	23.34	0.01	3	7002	买盘
14:42:33	23.33	--	21	48993	卖盘
14:42:21	23.33	--	11	25662	卖盘
14:42:15	23.33	-0.01	8	18664	卖盘
14:42:12	23.34	--	182	424788	卖盘
14:42:09	23.34	0.01	50	116700	买盘
14:42:06	23.33	-0.01	122	284626	卖盘
14:42:03	23.34	0.01	90	210060	买盘
14:42:00	23.33	--	11	25662	卖盘
14:41:57	23.33	--	19	44327	卖盘
14:41:51	23.33	--	4	9332	卖盘
14:41:48	23.33	--	46	107317	卖盘
14:41:42	23.33	-0.02	94	219301	卖盘
14:41:39	23.35	-0.01	14	32690	卖盘
14:41:36	23.36	--	7	16352	买盘
14:41:33	23.36	0.02	16	37376	买盘
14:41:24	23.34	-0.03	33	77022	卖盘
14:41:18	23.37	0.03	202	472074	买盘
14:41:12	23.34	-0.01	22	51348	卖盘
14:41:09	23.35	--	5	11675	卖盘
14:41:06	23.35	--	125	291875	卖盘
14:41:03	23.35	--	17	39695	卖盘
14:41:00	23.35	--	4	9340	卖盘
14:40:57	23.35	--	39	91065	卖盘
14:40:51	23.35	--	19	44365	卖盘
14:40:48	23.35	--	4	9340	卖盘
14:40:42	23.35	-0.01	28	65380	卖盘
14:40:39	23.36	--	70	163520	卖盘
14:40:36	23.36	--	25	58400	卖盘
14:40:33	23.36	--	3	7008	卖盘
14:40:30	23.36	-0.01	22	51392	卖盘
14:40:27	23.37	--	8	18696	卖盘
14:40:24	23.37	--	10	23370	卖盘
14:40:18	23.37	--	18	42066	卖盘
14:40:15	23.37	0.01	82	191634	买盘
14:40:09	23.36	-0.01	10	23360	卖盘
14:40:06	23.37	--	3	7011	买盘
14:40:00	23.37	0.01	30	70110	买盘
14:39:57	23.36	-0.01	5	11680	卖盘
14:39:51	23.37	0.01	2	4674	买盘
14:39:48	23.36	-0.01	10	23360	卖盘
14:39:45	23.37	-0.01	7	16359	卖盘
14:39:42	23.38	--	8	18704	买盘
14:39:30	23.38	--	2	4676	买盘
14:39:24	23.38	--	21	49191	卖盘
14:39:18	23.38	--	1	2338	卖盘
14:39:15	23.38	--	108	254748	买盘
14:39:03	23.38	--	105	246518	卖盘
14:39:00	23.38	--	10	25250	卖盘
14:38:57	23.38	--	4	9352	卖盘
14:38:51	23.38	--	4	9352	卖盘
14:38:48	23.38	--	20	46760	卖盘
14:38:45	23.38	--	22	51436	卖盘
14:38:39	23.38	--	28	65464	卖盘
14:38:36	23.38	--	60	140280	卖盘
14:38:33	23.38	--	293	686810	买盘
14:38:30	23.38	--	60	140280	买盘
14:38:27	23.38	0.01	38	88844	买盘
14:38:24	23.37	-0.01	14	32718	卖盘
14:38:18	23.38	0.01	6	14028	买盘
14:38:09	23.37	-0.01	55	128535	卖盘
14:38:00	23.38	0.01	1	2338	买盘
14:37:54	23.37	--	72	168264	卖盘
14:37:51	23.37	--	7	16359	卖盘
14:37:48	23.37	--	30	70110	卖盘
14:37:45	23.37	--	15	35055	卖盘
14:37:42	23.37	--	102	238374	买盘
14:37:39	23.37	--	40	93480	买盘
14:37:24	23.37	0.01	5	11685	买盘
14:37:21	23.36	--	25	60268	买盘
14:37:18	23.36	--	9	21024	买盘
14:37:15	23.36	--	3	7008	卖盘
14:37:12	23.36	--	20	46720	卖盘
14:37:09	23.36	-0.01	10	23360	卖盘
14:37:06	23.37	0.01	2	4674	买盘
14:36:57	23.36	--	2	4672	卖盘
14:36:54	23.36	--	5	11680	卖盘
14:36:45	23.36	--	10	23360	卖盘
14:36:36	23.36	0.01	21	49056	买盘
14:36:27	23.35	--	25	58375	卖盘
14:36:24	23.35	--	10	23350	卖盘
14:36:21	23.35	-0.01	74	172790	卖盘
14:36:18	23.36	0.01	4	9344	买盘
14:36:15	23.35	--	3	7005	卖盘
14:36:12	23.35	--	1	2335	卖盘
14:36:06	23.35	0.02	86	200810	买盘
14:36:03	23.33	-0.02	100	233299	卖盘
14:35:54	23.35	0.02	5	11675	买盘
14:35:42	23.33	-0.02	12	27995	卖盘
14:35:33	23.35	0.02	60	140100	买盘
14:35:30	23.33	-0.01	73	170309	卖盘
14:35:27	23.34	--	5	11670	卖盘
14:35:21	23.34	--	14	32676	卖盘
14:35:18	23.34	--	10	23340	卖盘
14:35:15	23.34	--	11	25674	卖盘
14:35:12	23.34	0.01	113	263742	买盘
14:35:06	23.33	-0.01	8	18664	卖盘
14:34:57	23.34	-0.01	6	14004	卖盘
14:34:51	23.35	0.01	5	11675	买盘
14:34:48	23.34	-0.03	102	238068	卖盘
14:34:45	23.37	0.03	26	60762	买盘
14:34:36	23.34	--	5	11670	卖盘
14:34:33	23.34	--	5	11670	卖盘
14:34:30	23.34	-0.04	6	14004	卖盘
14:34:21	23.38	0.04	500	1169000	买盘
14:34:12	23.34	-0.01	56	130704	卖盘
14:34:09	23.35	-0.02	2	4670	卖盘
14:34:06	23.37	0.02	105	245385	买盘
14:34:03	23.35	--	18	42030	卖盘
14:34:00	23.35	--	2	4670	卖盘
14:33:57	23.35	-0.01	7	16345	卖盘
14:33:54	23.36	-0.01	6	14016	中性盘
14:33:51	23.37	0.01	61	142557	买盘
14:33:48	23.36	-0.01	40	93440	中性盘
14:33:45	23.37	0.02	18	42066	买盘
14:33:42	23.35	--	15	35025	卖盘
14:33:33	23.35	-0.02	9	21015	卖盘
14:33:24	23.37	--	48	112176	买盘
14:33:18	23.37	--	24	57022	卖盘
14:33:15	23.37	-0.01	27	63099	卖盘
14:33:12	23.38	0.01	25	58450	买盘
14:33:06	23.37	--	44	102828	卖盘
14:33:03	23.37	--	49	114513	卖盘
14:33:00	23.37	0.02	52	122926	买盘
14:32:48	23.35	-0.02	44	102740	卖盘
14:32:45	23.37	0.01	90	210330	买盘
14:32:42	23.36	-0.01	5	11680	卖盘
14:32:36	23.37	--	191	446834	卖盘
14:32:30	23.37	--	4	9348	卖盘
14:32:27	23.37	--	104	243048	卖盘
14:32:24	23.37	--	12	28044	卖盘
14:32:21	23.37	0.01	229	536107	买盘
14:32:18	23.36	--	74	172864	卖盘
14:32:15	23.36	--	26	60736	卖盘
14:32:06	23.36	--	4	9344	卖盘
14:32:03	23.36	-0.01	5	11680	卖盘
14:31:57	23.37	-0.01	39	93012	卖盘
14:31:54	23.38	0.01	41	95858	买盘
14:31:51	23.37	--	10	23370	卖盘
14:31:45	23.37	--	8	18696	卖盘
14:31:42	23.37	--	15	35055	卖盘
14:31:39	23.37	-0.01	3	7011	卖盘
14:31:36	23.38	0.01	5	11690	买盘
14:31:33	23.37	-0.01	10	23370	卖盘
14:31:30	23.38	0.01	10	23380	买盘
14:31:27	23.37	--	8	19630	卖盘
14:31:24	23.37	--	52	121524	卖盘
14:31:21	23.37	--	30	70110	卖盘
14:31:18	23.37	--	4	9348	卖盘
14:31:15	23.37	--	5	11685	卖盘
14:31:09	23.37	--	20	46740	卖盘
14:31:06	23.37	--	110	257070	卖盘
14:31:00	23.37	--	1	2337	卖盘
14:30:57	23.37	--	23	53751	卖盘
14:30:54	23.37	-0.01	14	32718	卖盘
14:30:51	23.38	0.01	10	23380	买盘
14:30:39	23.37	--	58	135546	卖盘
14:30:36	23.37	--	4	9348	卖盘
14:30:33	23.37	-0.01	15	35055	卖盘
14:30:27	23.38	0.01	8	18704	买盘
14:30:21	23.37	--	70	163590	卖盘
14:30:18	23.37	--	413	967050	买盘
14:30:15	23.37	0.01	1	2337	买盘
14:30:12	23.36	--	32	74752	卖盘
14:30:06	23.36	-0.01	21	49056	卖盘
14:30:03	23.37	0.01	90	210330	买盘
14:29:54	23.36	--	11	25696	卖盘
14:29:51	23.36	--	1	2336	卖盘
14:29:48	23.36	--	5	11680	卖盘
14:29:45	23.36	-0.01	25	58400	卖盘
14:29:42	23.37	0.01	101	236037	买盘
14:29:30	23.36	--	117	273312	卖盘
14:29:27	23.36	--	30	70080	卖盘
14:29:24	23.36	--	158	369088	卖盘
14:29:21	23.36	0.01	36	85030	买盘
14:29:15	23.35	-0.01	7	16345	卖盘
14:29:12	23.36	--	10	23360	买盘
14:29:03	23.36	-0.01	2	4672	买盘
14:28:57	23.37	--	54	127600	卖盘
14:28:48	23.37	--	100	233700	卖盘
14:28:45	23.37	0.01	225	526759	买盘
14:28:36	23.36	--	5	13081	卖盘
14:28:33	23.36	0.02	45	106054	买盘
14:28:27	23.34	--	9	21006	卖盘
14:28:18	23.34	--	5	11670	卖盘
14:28:15	23.34	-0.03	132	308088	卖盘
14:28:09	23.37	0.02	110	257070	买盘
14:28:03	23.35	--	20	46700	买盘
14:28:00	23.35	--	10	23350	买盘
14:27:57	23.35	--	66	154110	卖盘
14:27:54	23.35	--	15	35025	卖盘
14:27:51	23.35	--	50	116750	卖盘
14:27:48	23.35	--	6	14010	卖盘
14:27:42	23.35	-0.01	22	51370	卖盘
14:27:39	23.36	0.01	2	4672	买盘
14:27:36	23.35	-0.02	15	35025	卖盘
14:27:33	23.37	0.02	50	116850	买盘
14:27:30	23.35	-0.01	30	70050	卖盘
14:27:24	23.36	0.01	10	23360	买盘
14:27:15	23.35	-0.01	41	95735	卖盘
14:27:00	23.36	--	18	42048	买盘
14:26:57	23.36	-0.01	237	554099	卖盘
14:26:54	23.37	0.01	2	4674	买盘
14:26:51	23.36	-0.01	15	35040	卖盘
14:26:48	23.37	0.01	42	98154	买盘
14:26:36	23.36	-0.01	1	2336	卖盘
14:26:33	23.37	0.01	5	11685	买盘
14:26:24	23.36	--	19	44384	卖盘
14:26:21	23.36	-0.02	8	18688	卖盘
14:26:06	23.38	0.01	41	95951	买盘
14:26:03	23.37	--	38	88806	卖盘
14:26:00	23.37	--	28	65436	卖盘
14:25:54	23.37	-0.01	20	46740	卖盘
14:25:51	23.38	0.01	3	7014	买盘
14:25:48	23.37	--	67	156579	卖盘
14:25:45	23.37	--	24	56088	卖盘
14:25:42	23.37	--	5	11685	卖盘
14:25:36	23.37	-0.01	18	42066	卖盘
14:25:33	23.38	0.01	14	32732	买盘
14:25:27	23.37	--	8	18696	卖盘
14:25:24	23.37	--	39	91143	卖盘
14:25:21	23.37	--	2	4674	卖盘
14:25:18	23.37	0.01	198	464969	买盘
14:25:15	23.36	--	15	35040	卖盘
14:25:12	23.36	-0.01	25	58400	卖盘
14:25:06	23.37	--	5	11685	买盘
14:25:00	23.37	--	76	177705	卖盘
14:24:57	23.37	--	46	107502	卖盘
14:24:48	23.37	--	53	123861	卖盘
14:24:36	23.37	--	20	46740	卖盘
14:24:33	23.37	--	25	58425	卖盘
14:24:30	23.37	-0.01	34	79458	卖盘
14:24:27	23.38	--	10	23380	买盘
14:24:24	23.38	0.01	5	11690	买盘
14:24:18	23.37	-0.01	118	275766	卖盘
14:24:15	23.38	0.01	44	102872	买盘
14:24:12	23.37	--	50	116850	卖盘
14:24:09	23.37	-0.01	53	126104	卖盘
14:24:06	23.38	0.01	55	128590	买盘
14:24:03	23.37	--	8	18696	卖盘
14:24:00	23.37	--	23	53751	卖盘
14:23:57	23.37	-0.01	117	273429	卖盘
14:23:54	23.38	--	28	65464	卖盘
14:23:51	23.38	-0.01	131	306278	卖盘
14:23:48	23.39	0.01	63	147357	买盘
14:23:45	23.38	0.02	36	84168	买盘
14:23:42	23.36	-0.01	16	37376	卖盘
14:23:36	23.37	0.01	5	13554	买盘
14:23:33	23.36	-0.02	74	173331	卖盘
14:23:30	23.38	--	10	23380	卖盘
14:23:27	23.38	--	117	275416	卖盘
14:23:24	23.38	0.01	384	897792	买盘
14:23:21	23.37	--	52	121524	卖盘
14:23:18	23.37	-0.01	4	9348	卖盘
14:23:15	23.38	--	41	95858	买盘
14:23:12	23.38	--	34	79492	买盘
14:23:09	23.38	--	38	88844	买盘
14:23:00	23.38	--	30	70140	买盘
14:22:57	23.38	-0.01	40	93520	卖盘
14:22:51	23.39	0.01	100	233900	买盘
14:22:48	23.38	--	3	7014	卖盘
14:22:45	23.38	-0.01	30	70140	卖盘
14:22:42	23.39	--	17	39763	买盘
14:22:39	23.39	0.01	29	67831	买盘
14:22:36	23.38	--	4	9352	买盘
14:22:33	23.38	--	3	7014	买盘
14:22:30	23.38	-0.01	42	98196	卖盘
14:22:27	23.39	--	5	11695	买盘
14:22:24	23.39	--	14	32746	买盘
14:22:15	23.39	0.01	30	70170	买盘
14:22:12	23.38	--	2	4676	买盘
14:22:09	23.38	--	20	46760	买盘
14:22:03	23.38	0.01	44	102872	买盘
14:21:48	23.37	--	3	7011	卖盘
14:21:45	23.37	0.01	222	518814	买盘
14:21:42	23.36	0.01	14	32704	买盘
14:21:30	23.35	-0.02	37	86395	卖盘
14:21:24	23.37	--	29	67773	买盘
14:21:21	23.37	-0.01	278	649686	卖盘
14:21:18	23.38	--	1	2338	买盘
14:21:15	23.38	--	5	11690	买盘
14:21:12	23.38	0.01	31	72478	买盘
14:21:06	23.37	-0.01	27	63099	卖盘
14:21:03	23.38	--	85	198730	卖盘
14:21:00	23.38	0.01	10	23380	买盘
14:20:57	23.37	--	1	2337	卖盘
14:20:51	23.37	0.02	70	163590	买盘
14:20:45	23.35	--	2	4670	买盘
14:20:42	23.35	-0.02	26	60710	卖盘
14:20:33	23.37	--	170	397290	买盘
14:20:30	23.37	0.01	6	14022	买盘
14:20:27	23.36	-0.01	32	74752	卖盘
14:20:15	23.37	--	18	42066	买盘
14:20:06	23.37	--	14	32718	卖盘
14:20:03	23.37	--	50	116850	卖盘
14:20:00	23.37	--	10	23370	卖盘
14:19:57	23.37	-0.02	3	7011	卖盘
14:19:54	23.39	0.01	1	2339	买盘
14:19:45	23.38	-0.01	2	4676	卖盘
14:19:42	23.39	--	26	60814	买盘
14:19:39	23.39	--	161	376579	卖盘
14:19:36	23.39	--	6	14034	卖盘
14:19:33	23.39	--	11	25729	卖盘
14:19:30	23.39	--	5	11695	卖盘
14:19:24	23.39	--	3	7017	卖盘
14:19:21	23.39	0.03	148	346172	买盘
14:19:15	23.36	-0.03	31	72416	卖盘
14:19:09	23.39	0.01	7	16373	买盘
14:19:06	23.38	--	12	28056	卖盘
14:19:03	23.38	--	4	9352	卖盘
14:19:00	23.38	--	1	2338	卖盘
14:18:57	23.38	-0.02	52	121576	卖盘
14:18:54	23.4	0.01	17	39780	买盘
14:18:48	23.39	--	8	18712	卖盘
14:18:45	23.39	-0.01	10	23390	中性盘
14:18:39	23.4	0.02	17	39780	买盘
14:18:36	23.38	-0.02	4	9352	卖盘
14:18:33	23.4	--	37	86580	买盘
14:18:30	23.4	0.02	45	105300	买盘
14:18:27	23.38	-0.02	28	65464	卖盘
14:18:24	23.4	--	76	177840	买盘
14:18:21	23.4	--	33	77220	买盘
14:18:18	23.4	--	26	60839	买盘
14:18:12	23.4	--	77	180180	买盘
14:18:06	23.4	--	20	46800	买盘
14:18:03	23.4	--	6	16262	卖盘
14:18:00	23.4	--	30	70317	买盘
14:17:57	23.4	--	26	63062	卖盘
14:17:54	23.4	-0.01	8	18720	卖盘
14:17:51	23.41	0.01	32	74912	买盘
14:17:48	23.4	-0.01	4	9360	卖盘
14:17:45	23.41	--	55	128755	买盘
14:17:42	23.41	--	8	18728	卖盘
14:17:36	23.41	-0.02	4	9364	卖盘
14:17:30	23.43	-0.02	12	28116	中性盘
14:17:24	23.45	0.05	408	956760	买盘
14:17:21	23.4	-0.05	21	49140	卖盘
14:17:15	23.45	--	25	58625	买盘
14:17:12	23.45	--	76	179627	买盘
14:17:09	23.45	--	39	91455	买盘
14:17:06	23.45	--	25	58625	买盘
14:17:03	23.45	--	81	189945	买盘
14:17:00	23.45	--	34	79730	买盘
14:16:57	23.45	-0.02	311	729295	卖盘
14:16:54	23.47	0.01	112	262864	买盘
14:16:51	23.46	--	70	164220	买盘
14:16:48	23.46	--	23	53958	卖盘
14:16:45	23.46	-0.01	50	117300	卖盘
14:16:39	23.47	0.01	60	140820	买盘
14:16:36	23.46	--	1	2346	卖盘
14:16:33	23.46	0.01	29	68034	买盘
14:16:30	23.45	--	4	9380	卖盘
14:16:27	23.45	0.03	1752	4108440	买盘
14:16:24	23.42	--	20	46840	买盘
14:16:21	23.42	0.02	21	50118	买盘
14:16:09	23.4	0.04	590	1380717	买盘
14:16:03	23.36	--	5	11680	买盘
14:16:00	23.36	--	55	128480	卖盘
14:15:57	23.36	0.01	3	7008	买盘
14:15:54	23.35	-0.01	4	9340	中性盘
14:15:48	23.36	--	5	11680	买盘
14:15:45	23.36	0.01	42	98112	买盘
14:15:36	23.35	0.01	18	42030	中性盘
14:15:33	23.34	-0.02	57	133038	卖盘
14:15:30	23.36	--	2	4672	买盘
14:15:27	23.36	--	13	30368	买盘
14:15:24	23.36	0.01	19	44384	买盘
14:15:09	23.35	--	38	89430	买盘
14:15:06	23.35	--	12	28020	买盘
14:14:54	23.35	0.02	20	46700	买盘
14:14:45	23.33	-0.02	30	69990	卖盘
14:14:42	23.35	-0.01	3	8639	卖盘
14:14:36	23.36	0.01	52	121472	买盘
14:14:24	23.35	--	16	37360	卖盘
14:14:21	23.35	--	4	9340	卖盘
14:14:18	23.35	0.01	33	77755	买盘
14:14:15	23.34	0.01	25	58350	买盘
14:14:06	23.33	--	5	11665	买盘
14:14:03	23.33	--	5	11665	买盘
14:13:57	23.33	--	15	34995	买盘
14:13:54	23.33	--	20	46660	买盘
14:13:51	23.33	0.01	11	25662	买盘
14:13:48	23.32	--	79	185160	买盘
14:13:39	23.32	0.01	23	53636	买盘
14:13:27	23.31	0.01	5	11655	买盘
14:13:24	23.3	--	2	4660	中性盘
14:13:12	23.3	--	50	116500	卖盘
14:13:09	23.3	-0.01	10	23300	卖盘
14:13:03	23.31	0.01	1	2331	买盘
14:12:51	23.3	--	5	11650	卖盘
14:12:48	23.3	--	12	27960	买盘
14:12:45	23.3	--	2	4660	买盘
14:12:39	23.3	--	39	90870	买盘
14:12:36	23.3	0.01	1	2330	买盘
14:12:33	23.29	-0.01	10	23290	卖盘
14:12:27	23.3	--	2	5592	买盘
14:12:21	23.3	-0.01	4	9320	卖盘
14:12:15	23.31	0.01	18	41958	买盘
14:12:12	23.3	--	16	37280	买盘
14:12:09	23.3	-0.01	4	9320	卖盘
14:12:03	23.31	0.01	5	11655	买盘
14:11:57	23.3	--	20	46600	卖盘
14:11:54	23.3	--	31	72230	卖盘
14:11:51	23.3	--	4	9320	卖盘
14:11:48	23.3	--	19	44270	卖盘
14:11:45	23.3	--	1	2330	卖盘
14:11:39	23.3	--	14	32620	卖盘
14:11:36	23.3	-0.01	6	13980	卖盘
14:11:30	23.31	--	97	226107	买盘
14:11:24	23.31	0.01	5	11655	买盘
14:11:21	23.3	--	9	20970	卖盘
14:11:18	23.3	--	65	151450	卖盘
14:11:15	23.3	--	170	396100	卖盘
14:11:12	23.3	--	1	2330	卖盘
14:10:51	23.3	--	12	27960	卖盘
14:10:45	23.3	--	23	53590	卖盘
14:10:33	23.3	--	31	72230	卖盘
14:10:27	23.3	--	5	11650	卖盘
14:10:24	23.3	--	15	34950	卖盘
14:10:21	23.3	--	20	46600	卖盘
14:10:15	23.3	--	12	27960	买盘
14:10:12	23.3	--	5	11650	买盘
14:10:09	23.3	-0.02	33	76890	卖盘
14:10:03	23.32	--	10	23320	买盘
14:09:57	23.32	--	13	30782	卖盘
14:09:54	23.32	--	18	41976	卖盘
14:09:51	23.32	--	4	9328	卖盘
14:09:48	23.32	--	27	62964	卖盘
14:09:42	23.32	--	2	6529	卖盘
14:09:39	23.32	--	22	51304	卖盘
14:09:30	23.32	--	19	44308	卖盘
14:09:27	23.32	0.02	394	918808	买盘
14:09:21	23.3	--	4	9320	卖盘
14:09:18	23.3	--	4	9320	卖盘
14:09:12	23.3	--	95	221350	卖盘
14:09:06	23.3	--	3	6990	卖盘
14:08:51	23.3	--	4	9320	卖盘
14:08:45	23.3	--	1	2330	卖盘
14:08:39	23.3	--	15	34950	卖盘
14:08:36	23.3	--	5	11650	卖盘
14:08:33	23.3	--	23	53590	卖盘
14:08:27	23.3	--	98	228340	买盘
14:08:24	23.3	0.01	10	23300	买盘
14:08:18	23.29	-0.01	4	9316	卖盘
14:08:12	23.3	--	10	23300	买盘
14:08:06	23.3	0.01	2	4660	买盘
14:08:00	23.29	--	40	93160	卖盘
14:07:57	23.29	-0.01	4	9316	卖盘
14:07:54	23.3	--	1	2330	卖盘
14:07:51	23.3	--	12	27960	卖盘
14:07:42	23.3	--	28	65240	卖盘
14:07:36	23.3	--	10	23300	卖盘
14:07:33	23.3	--	5	11650	卖盘
14:07:27	23.3	0.01	46	107180	买盘
14:07:24	23.29	--	4	9316	卖盘
14:07:21	23.29	-0.01	24	55896	卖盘
14:07:15	23.3	--	4	9320	卖盘
14:07:12	23.3	--	2	4660	卖盘
14:06:51	23.3	--	5	11650	卖盘
14:06:42	23.3	--	10	23300	卖盘
14:06:36	23.3	0.01	2	4660	卖盘
14:06:21	23.29	-0.01	5	11645	卖盘
14:06:15	23.3	0.01	64	149586	买盘
14:06:00	23.29	--	28	65212	卖盘
14:05:54	23.29	--	2	4658	卖盘
14:05:51	23.29	0.01	25	58225	中性盘
14:05:24	23.28	-0.01	30	69840	卖盘
14:05:21	23.29	--	28	65212	买盘
14:05:15	23.29	--	27	62883	买盘
14:05:09	23.29	--	10	23290	买盘
14:05:06	23.29	--	19	44251	买盘
14:04:57	23.29	0.01	2	4658	买盘
14:04:48	23.28	-0.01	11	25608	卖盘
14:04:39	23.29	0.01	4	9316	买盘
14:04:33	23.28	-0.01	3	6984	卖盘
14:04:18	23.29	-0.01	1	2329	卖盘
14:04:09	23.3	--	4	11184	卖盘
14:04:06	23.3	--	61	142130	卖盘
14:04:03	23.3	--	14	32620	卖盘
14:03:57	23.3	--	20	46600	卖盘
14:03:54	23.3	--	76	177080	卖盘
14:03:48	23.3	-0.01	46	107180	卖盘
14:03:42	23.31	0.01	5	11655	买盘
14:03:39	23.3	--	21	48930	卖盘
14:03:36	23.3	--	28	65240	卖盘
14:03:33	23.3	--	150	349500	卖盘
14:03:21	23.3	-0.01	221	514930	卖盘
14:03:15	23.31	0.01	20	46620	买盘
14:03:12	23.3	--	22	51260	卖盘
14:03:06	23.3	-0.01	22	51260	卖盘
14:03:03	23.31	0.01	110	256410	买盘
14:02:45	23.3	-0.01	10	23300	卖盘
14:02:36	23.31	--	5	11655	买盘
14:02:24	23.31	--	4	9324	买盘
14:02:21	23.31	-0.01	162	377622	卖盘
14:02:18	23.32	--	2	4664	卖盘
14:02:15	23.32	--	2	4664	卖盘
14:02:06	23.32	--	15	34980	卖盘
14:01:54	23.32	0.01	28	65296	买盘
14:01:51	23.31	-0.01	54	125874	卖盘
14:01:48	23.32	--	5	11660	买盘
14:01:45	23.32	0.01	5	11660	买盘
14:01:33	23.31	--	1	2331	卖盘
14:01:21	23.31	--	4	9324	卖盘
14:01:09	23.31	--	50	116550	卖盘
14:00:45	23.31	-0.01	2	4662	卖盘
14:00:42	23.32	--	3	6996	卖盘
14:00:30	23.32	--	6	13992	买盘
14:00:24	23.32	0.01	35	81620	买盘
14:00:21	23.31	--	36	83916	卖盘
14:00:15	23.31	-0.01	7	16317	卖盘
14:00:12	23.32	--	100	233200	买盘
13:59:54	23.32	--	4	9328	买盘
13:59:45	23.32	-0.01	56	130592	卖盘
13:59:42	23.33	0.01	10	23330	买盘
13:59:33	23.32	-0.01	64	149248	卖盘
13:59:27	23.33	0.01	1	2333	买盘
13:59:21	23.32	-0.01	10	23320	卖盘
13:59:18	23.33	0.01	1	2333	买盘
13:59:15	23.32	--	25	58300	卖盘
13:59:00	23.32	-0.01	1	2332	中性盘
13:58:54	23.33	0.01	8	18664	买盘
13:58:45	23.32	--	37	86284	卖盘
13:58:42	23.32	-0.01	14	32648	卖盘
13:58:39	23.33	-0.01	7	16330	买盘
13:58:30	23.34	0.03	4	9336	买盘
13:58:27	23.31	--	122	284382	卖盘
13:58:15	23.31	-0.02	87	202797	卖盘
13:58:12	23.33	0.01	1	2333	卖盘
13:58:09	23.32	0.01	25	58300	买盘
13:58:00	23.31	--	6	13986	买盘
13:57:57	23.31	--	20	46620	买盘
13:57:54	23.31	--	15	34965	买盘
13:57:48	23.31	--	5	11655	卖盘
13:57:30	23.31	-0.02	108	251748	卖盘
13:57:27	23.33	0.02	2	4666	买盘
13:57:24	23.31	-0.01	98	228438	卖盘
13:57:21	23.32	-0.02	2	4664	中性盘
13:57:12	23.34	0.02	28	65352	买盘
13:57:09	23.32	--	8	18656	买盘
13:57:03	23.32	-0.02	78	183528	卖盘
13:56:57	23.34	-0.01	20	46680	卖盘
13:56:54	23.35	--	2	4670	买盘
13:56:48	23.35	--	10	23350	买盘
13:56:45	23.35	--	29	67715	卖盘
13:56:42	23.35	--	3	7005	卖盘
13:56:39	23.35	--	52	121420	买盘
13:56:30	23.35	0.01	3	7005	买盘
13:56:27	23.34	--	5	11670	买盘
13:56:24	23.34	--	3	7002	买盘
13:56:21	23.34	--	15	35010	卖盘
13:56:18	23.34	0.02	5	11670	卖盘
13:56:06	23.32	-0.01	24	55968	卖盘
13:56:03	23.33	-0.01	86	201337	卖盘
13:56:00	23.34	--	1	2334	买盘
13:55:51	23.34	0.02	38	88692	买盘
13:55:39	23.32	-0.01	69	160908	卖盘
13:55:36	23.33	0.02	18	41994	买盘
13:55:33	23.31	-0.01	50	116550	卖盘
13:55:30	23.32	--	10	23320	卖盘
13:55:27	23.32	--	7	16324	卖盘
13:55:24	23.32	-0.01	33	76956	卖盘
13:55:09	23.33	-0.01	5	11665	卖盘
13:55:06	23.34	--	2	4668	买盘
13:55:03	23.34	-0.01	7	16338	买盘
13:54:57	23.35	--	50	116750	买盘
13:54:54	23.35	0.01	41	95735	买盘
13:54:45	23.34	-0.01	31	72354	卖盘
13:54:42	23.35	--	53	123755	买盘
13:54:36	23.35	-0.01	88	205480	买盘
13:54:33	23.36	--	7	16352	买盘
13:54:30	23.36	--	74	172864	买盘
13:54:24	23.36	-0.01	54	126144	卖盘
13:54:21	23.37	--	45	105165	买盘
13:54:15	23.37	--	6	14022	买盘
13:54:09	23.37	0.01	9	21033	中性盘
13:54:06	23.36	-0.02	2	4672	中性盘
13:54:03	23.38	0.02	83	194054	买盘
13:54:00	23.36	--	22	51392	买盘
13:53:57	23.36	--	4	9344	买盘
13:53:54	23.36	--	14	32704	买盘
13:53:51	23.36	--	3	7008	买盘
13:53:48	23.36	--	49	116332	卖盘
13:53:45	23.36	-0.03	60	140627	卖盘
13:53:42	23.39	--	69	161391	买盘
13:53:39	23.39	--	67	156713	卖盘
13:53:36	23.39	--	20	46780	卖盘
13:53:33	23.39	--	30	70170	卖盘
13:53:30	23.39	-0.01	15	35085	卖盘
13:53:27	23.4	0.03	40	93600	买盘
13:53:24	23.37	0.03	41	95817	卖盘
13:53:21	23.34	-0.02	65	151710	卖盘
13:53:18	23.36	--	94	219584	买盘
13:53:15	23.36	--	123	287328	买盘
13:53:12	23.36	--	226	527936	买盘
13:53:09	23.36	0.02	55	128480	买盘
13:53:06	23.34	-0.02	50	116700	卖盘
13:53:03	23.36	0.04	217	506912	买盘
13:52:57	23.32	--	10	23320	买盘
13:52:54	23.32	0.01	39	90948	买盘
13:52:51	23.31	--	30	69930	买盘
13:52:45	23.31	0.01	159	370629	买盘
13:52:42	23.3	--	73	170556	买盘
13:52:39	23.3	0.01	64	149120	买盘
13:52:36	23.29	0.01	54	125766	买盘
13:52:27	23.28	0.01	61	142008	买盘
13:52:24	23.27	-0.01	56	130312	卖盘
13:52:21	23.28	--	16	37248	买盘
13:52:06	23.28	0.01	14	32592	买盘
13:52:00	23.27	--	2	4654	卖盘
13:51:48	23.27	--	23	53521	卖盘
13:51:42	23.27	0.03	25	58175	买盘
13:51:36	23.24	-0.02	10	23240	卖盘
13:51:30	23.26	0.03	58	134908	买盘
13:51:12	23.23	-0.03	100	232300	卖盘
13:51:09	23.26	--	1	2326	卖盘
13:51:06	23.26	--	7	16282	卖盘
13:51:03	23.26	--	3	6978	卖盘
13:51:00	23.26	-0.01	13	30238	卖盘
13:50:54	23.27	0.01	1	2327	买盘
13:50:51	23.26	-0.01	10	23260	卖盘
13:50:45	23.27	--	2	4654	买盘
13:50:42	23.27	0.01	106	246662	买盘
13:50:39	23.26	--	10	23260	卖盘
13:50:36	23.26	-0.01	10	23260	卖盘
13:50:30	23.27	0.01	18	41886	买盘
13:50:24	23.26	-0.01	2	4652	卖盘
13:50:18	23.27	0.01	1	2327	买盘
13:50:12	23.26	-0.02	44	102344	卖盘
13:50:09	23.28	0.02	20	46560	买盘
13:50:06	23.26	-0.03	78	181428	卖盘
13:50:00	23.29	0.01	20	46580	买盘
13:49:51	23.28	0.01	3	6984	买盘
13:49:48	23.27	-0.03	31	72137	卖盘
13:49:36	23.3	-0.01	53	125121	卖盘
13:49:33	23.31	0.01	38	88578	买盘
13:49:30	23.3	--	45	104850	卖盘
13:49:27	23.3	-0.01	12	27960	卖盘
13:49:24	23.31	0.01	24	55944	中性盘
13:49:18	23.3	-0.01	50	116500	卖盘
13:49:15	23.31	-0.01	10	23310	卖盘
13:49:12	23.32	0.01	31	72292	买盘
13:49:09	23.31	--	46	107226	卖盘
13:49:06	23.31	0.01	50	116550	卖盘
13:49:03	23.3	--	44	102520	卖盘
13:49:00	23.3	-0.01	156	363480	卖盘
13:48:57	23.31	--	3	6993	买盘
13:48:51	23.31	0.01	10	23310	买盘
13:48:42	23.3	0.03	620	1445299	买盘
13:48:33	23.27	--	44	102388	卖盘
13:48:27	23.27	--	100	232700	卖盘
13:48:21	23.27	--	5	11635	卖盘
13:48:09	23.27	--	137	318799	买盘
13:48:06	23.27	--	1	2327	买盘
13:48:00	23.27	0.01	52	121004	买盘
13:47:54	23.26	--	140	325640	卖盘
13:47:48	23.26	-0.01	7	16282	卖盘
13:47:42	23.27	0.01	4	9308	买盘
13:47:36	23.26	-0.01	12	27912	卖盘
13:47:21	23.27	0.01	20	46540	买盘
13:47:18	23.26	0.01	1	2326	卖盘
13:47:09	23.25	0.02	194	452817	买盘
13:47:06	23.23	--	1	2323	卖盘
13:47:03	23.23	--	11	25553	买盘
13:46:51	23.23	--	4	9292	卖盘
13:46:48	23.23	--	10	23230	卖盘
13:46:45	23.23	--	6	13938	中性盘
13:46:39	23.23	0.01	120	278760	买盘
13:46:33	23.22	--	1	2322	卖盘
13:46:24	23.22	-0.01	5	11610	卖盘
13:46:18	23.23	--	10	23230	买盘
13:46:09	23.23	0.01	43	99889	中性盘
13:45:36	23.22	-0.03	23	53406	卖盘
13:45:33	23.25	0.02	20	46500	买盘
13:45:27	23.23	--	8	18584	买盘
13:45:21	23.23	--	18	41814	卖盘
13:45:15	23.23	--	30	69690	卖盘
13:45:12	23.23	--	20	46460	卖盘
13:45:09	23.23	0.03	32	74336	买盘
13:45:03	23.2	-0.01	10	23200	卖盘
13:44:57	23.21	0.01	8	19032	买盘
13:44:54	23.2	--	4	9280	卖盘
13:44:51	23.2	-0.01	2	4640	卖盘
13:44:45	23.21	0.01	21	48741	买盘
13:44:42	23.2	--	10	23200	卖盘
13:44:30	23.2	0.01	20	46400	买盘
13:44:27	23.19	--	206	478015	买盘
13:44:24	23.19	--	113	262047	买盘
13:44:18	23.19	0.01	50	115950	买盘
13:44:12	23.18	-0.01	20	46360	卖盘
13:44:09	23.19	0.01	1	2319	买盘
13:44:06	23.18	-0.01	78	180804	卖盘
13:44:00	23.19	--	30	69570	买盘
13:43:57	23.19	--	24	55656	卖盘
13:43:51	23.19	--	21	48699	卖盘
13:43:36	23.19	0.01	11	25509	买盘
13:43:30	23.18	--	43	99674	卖盘
13:43:27	23.18	--	17	39406	卖盘
13:43:21	23.18	--	15	34770	卖盘
13:43:18	23.18	-0.01	20	46360	卖盘
13:43:06	23.19	--	50	115950	买盘
13:43:00	23.19	-0.01	48	111312	卖盘
13:42:57	23.2	0.01	3	6960	买盘
13:42:54	23.19	--	12	27828	卖盘
13:42:51	23.19	--	16	37104	卖盘
13:42:48	23.19	-0.01	3	6957	卖盘
13:42:45	23.2	--	200	464000	买盘
13:42:39	23.2	0.01	95	220400	买盘
13:42:36	23.19	--	35	81165	卖盘
13:42:30	23.19	--	30	69570	卖盘
13:42:27	23.19	-0.01	5	11595	卖盘
13:42:24	23.2	--	78	180960	买盘
13:42:21	23.2	0.01	26	60320	买盘
13:42:18	23.19	-0.01	24	55656	卖盘
13:42:06	23.2	--	200	464000	卖盘
13:42:00	23.2	-0.01	12	27840	卖盘
13:41:51	23.21	--	44	103980	卖盘
13:41:48	23.21	--	25	58025	卖盘
13:41:45	23.21	--	67	155507	卖盘
13:41:42	23.21	--	25	58025	卖盘
13:41:36	23.21	--	10	23210	卖盘
13:41:24	23.21	-0.02	15	34815	卖盘
13:41:18	23.23	0.01	20	46460	买盘
13:41:15	23.22	--	38	88236	卖盘
13:41:09	23.22	--	1	2322	卖盘
13:41:06	23.22	--	108	250776	卖盘
13:41:03	23.22	-0.01	60	139320	卖盘
13:41:00	23.23	--	24	55752	卖盘
13:40:57	23.23	--	23	53429	卖盘
13:40:54	23.23	--	10	23230	卖盘
13:40:45	23.23	--	139	322897	卖盘
13:40:42	23.23	--	25	58075	卖盘
13:40:39	23.23	-0.01	13	30199	卖盘
13:40:36	23.24	-0.01	47	109227	中性盘
13:40:27	23.25	--	55	127875	买盘
13:40:24	23.25	--	25	58683	卖盘
13:40:21	23.25	--	50	116250	卖盘
13:40:18	23.25	--	6	13950	卖盘
13:40:15	23.25	-0.01	50	116250	卖盘
13:40:12	23.26	--	23	53498	卖盘
13:40:09	23.26	0.01	40	94807	买盘
13:40:00	23.25	--	17	40083	卖盘
13:39:57	23.25	--	8	18600	卖盘
13:39:54	23.25	--	4	9300	卖盘
13:39:51	23.25	--	24	55800	卖盘
13:39:48	23.25	-0.02	9	20925	卖盘
13:39:45	23.27	0.02	3	6981	买盘
13:39:42	23.25	--	23	53475	卖盘
13:39:39	23.25	-0.01	7	16275	卖盘
13:39:36	23.26	--	18	41868	买盘
13:39:33	23.26	0.01	10	23260	买盘
13:39:30	23.25	-0.01	30	69750	卖盘
13:39:24	23.26	--	30	69780	买盘
13:39:21	23.26	0.01	50	116300	中性盘
13:39:09	23.25	-0.01	45	104625	卖盘
13:39:06	23.26	0.01	56	132023	买盘
13:39:03	23.25	-0.01	51	118575	卖盘
13:39:00	23.26	--	8	18608	买盘
13:38:54	23.26	--	29	67454	买盘
13:38:45	23.26	0.01	12	27912	买盘
13:38:30	23.25	-0.01	21	48825	卖盘
13:38:24	23.26	0.01	5	11630	买盘
13:38:03	23.25	-0.01	30	69750	卖盘
13:38:00	23.26	--	13	30238	买盘
13:37:57	23.26	--	67	156400	卖盘
13:37:48	23.26	--	0	930	卖盘
13:37:39	23.26	--	42	97692	卖盘
13:37:36	23.26	--	66	154818	卖盘
13:37:33	23.26	--	51	118626	卖盘
13:37:30	23.26	-0.01	1	2326	卖盘
13:37:27	23.27	--	45	104715	买盘
13:37:24	23.27	--	8	18616	中性盘
13:37:15	23.27	0.01	13	30251	中性盘
13:36:57	23.26	-0.02	160	372160	卖盘
13:36:54	23.28	--	5	11640	买盘
13:36:48	23.28	0.01	93	216504	买盘
13:36:39	23.27	--	22	51194	买盘
13:36:33	23.27	--	15	34905	卖盘
13:36:27	23.27	--	5	11635	卖盘
13:36:18	23.27	0.01	53	123331	买盘
13:36:09	23.26	--	24	55824	卖盘
13:36:00	23.26	--	9	22794	买盘
13:35:57	23.26	--	10	23260	买盘
13:35:54	23.26	0.01	3	6978	买盘
13:35:51	23.25	-0.01	1	2325	中性盘
13:35:39	23.26	--	3	6978	买盘
13:35:33	23.26	0.02	30	69780	买盘
13:35:30	23.24	--	20	46480	买盘
13:35:27	23.24	-0.02	12	28352	卖盘
13:35:15	23.26	--	20	46520	买盘
13:35:03	23.26	--	2	4652	买盘
13:35:00	23.26	0.01	20	46520	买盘
13:34:57	23.25	-0.01	145	337125	卖盘
13:34:54	23.26	--	35	81410	买盘
13:34:48	23.26	--	7	16282	买盘
13:34:42	23.26	--	10	23260	买盘
13:34:39	23.26	--	71	165146	卖盘
13:34:36	23.26	-0.01	100	232600	卖盘
13:34:30	23.27	-0.01	10	23270	中性盘
13:34:27	23.28	0.01	20	46560	买盘
13:34:24	23.27	--	83	193141	卖盘
13:34:21	23.27	--	13	30251	卖盘
13:34:18	23.27	-0.01	60	139620	卖盘
13:34:15	23.28	--	8	18624	买盘
13:34:12	23.28	--	4	9312	买盘
13:34:09	23.28	--	6	13968	买盘
13:34:00	23.28	0.01	5	11640	买盘
13:33:54	23.27	-0.01	26	60502	卖盘
13:33:51	23.28	0.01	6	13968	买盘
13:33:39	23.27	0.01	15	34905	买盘
13:33:33	23.26	-0.01	20	46520	卖盘
13:33:27	23.27	0.01	13	30251	买盘
13:33:24	23.26	--	114	265164	买盘
13:33:09	23.26	0.01	20	46520	买盘
13:32:54	23.25	--	3	6975	卖盘
13:32:48	23.25	-0.01	13	30225	买盘
13:32:36	23.26	--	19	44194	买盘
13:32:18	23.26	0.02	10	23260	买盘
13:32:09	23.24	-0.02	5	11620	卖盘
13:32:00	23.26	--	11	25586	买盘
13:31:54	23.26	0.02	3	6978	买盘
13:31:48	23.24	-0.01	18	41832	卖盘
13:31:45	23.25	--	14	32550	卖盘
13:31:33	23.25	-0.01	10	23250	卖盘
13:31:27	23.26	0.01	48	111648	买盘
13:31:24	23.25	--	20	46500	卖盘
13:31:18	23.25	-0.01	88	204600	卖盘
13:31:15	23.26	0.01	1	2326	买盘
13:31:03	23.25	--	56	132060	买盘
13:30:48	23.25	--	7	16275	买盘
13:30:45	23.25	--	50	116250	买盘
13:30:39	23.25	-0.01	10	23715	卖盘
13:30:30	23.26	--	5	11630	买盘
13:30:18	23.26	--	58	134908	卖盘
13:30:12	23.26	--	10	23260	卖盘
13:30:00	23.26	--	14	32564	卖盘
13:29:54	23.26	--	100	232600	卖盘
13:29:51	23.26	--	14	32564	卖盘
13:29:48	23.26	--	12	27912	卖盘
13:29:42	23.26	0.01	22	51172	买盘
13:29:39	23.25	--	34	79050	卖盘
13:29:36	23.25	-0.01	27	62775	卖盘
13:29:30	23.26	--	23	53498	买盘
13:29:21	23.26	--	4	9304	买盘
13:29:18	23.26	--	20	46520	买盘
13:29:06	23.26	-0.01	116	269816	卖盘
13:29:03	23.27	0.01	5	11635	买盘
13:28:51	23.26	-0.01	8	18608	卖盘
13:28:45	23.27	--	25	58175	买盘
13:28:27	23.27	0.01	10	23270	买盘
13:28:24	23.26	-0.01	10	23260	卖盘
13:28:09	23.27	-0.01	7	16289	中性盘
13:28:06	23.28	0.02	80	186240	买盘
13:28:03	23.26	-0.01	21	48846	卖盘
13:27:57	23.27	--	6	13962	卖盘
13:27:51	23.27	--	4	9308	买盘
13:27:42	23.27	0.02	10	23270	买盘
13:27:39	23.25	--	4	9300	卖盘
13:27:30	23.25	--	3	8835	买盘
13:27:24	23.25	--	2	5115	卖盘
13:27:21	23.25	--	13	30225	卖盘
13:27:09	23.25	0.03	44	104160	买盘
13:26:48	23.22	--	1	2322	卖盘
13:26:45	23.22	0.01	2	4644	中性盘
13:26:33	23.21	--	7	16247	卖盘
13:26:30	23.21	--	65	150865	卖盘
13:26:21	23.21	--	2	4642	卖盘
13:26:18	23.21	-0.01	10	23674	卖盘
13:26:12	23.22	--	3	6966	卖盘
13:26:09	23.22	0.01	12	27864	中性盘
13:26:00	23.21	--	11	25531	卖盘
13:25:51	23.21	--	4	9284	卖盘
13:25:45	23.21	--	527	1223167	买盘
13:25:33	23.21	--	4	9284	卖盘
13:25:30	23.21	--	10	23210	卖盘
13:25:27	23.21	-0.01	10	23210	卖盘
13:25:12	23.22	0.01	3	6966	买盘
13:24:51	23.21	--	10	23210	卖盘
13:24:45	23.21	-0.01	16	37136	卖盘
13:24:42	23.22	-0.01	62	143964	卖盘
13:24:39	23.23	0.01	10	23230	买盘
13:24:21	23.22	--	21	48762	卖盘
13:24:18	23.22	--	19	44118	卖盘
13:24:12	23.22	0.01	9	20898	买盘
13:24:03	23.21	-0.01	15	34815	卖盘
13:23:45	23.22	0.01	500	1161000	买盘
13:23:36	23.21	-0.01	50	116050	卖盘
13:23:33	23.22	--	6	13932	买盘
13:23:27	23.22	--	18	41796	卖盘
13:23:24	23.22	-0.01	3	6966	卖盘
13:23:21	23.23	0.01	13	30199	买盘
13:23:09	23.22	--	2	4644	卖盘
13:23:03	23.22	--	17	39474	卖盘
13:22:48	23.22	-0.01	4	9288	卖盘
13:22:45	23.23	--	29	67831	卖盘
13:22:30	23.23	-0.01	7	16261	卖盘
13:22:27	23.24	--	4	9296	卖盘
13:22:24	23.24	--	1	3253	买盘
13:22:03	23.24	--	35	81340	买盘
13:21:57	23.24	0.01	44	102256	买盘
13:21:54	23.23	--	38	88274	卖盘
13:21:51	23.23	--	10	23230	卖盘
13:21:42	23.23	--	1	2323	卖盘
13:21:36	23.23	--	3	6969	卖盘
13:21:33	23.23	0.01	34	79911	买盘
13:21:21	23.22	0.01	18	41796	买盘
13:21:15	23.21	--	18	41778	买盘
13:21:12	23.21	-0.02	12	27852	卖盘
13:21:06	23.23	0.02	10	23230	买盘
13:20:54	23.21	--	24	55704	卖盘
13:20:45	23.21	--	30	69630	卖盘
13:20:39	23.21	-0.03	36	83556	中性盘
13:20:30	23.24	0.04	67	155708	买盘
13:20:24	23.2	-0.01	91	211120	卖盘
13:20:21	23.21	-0.02	40	92840	卖盘
13:20:06	23.23	0.02	10	23230	买盘
13:20:03	23.21	--	17	39457	卖盘
13:19:57	23.21	--	33	76593	卖盘
13:19:45	23.21	--	42	97482	卖盘
13:19:33	23.21	--	2	4642	卖盘
13:19:27	23.21	--	6	13926	卖盘
13:19:18	23.21	--	4	9284	卖盘
13:19:15	23.21	--	32	74272	买盘
13:19:12	23.21	0.01	24	55704	买盘
13:19:09	23.2	--	162	375840	卖盘
13:19:06	23.2	--	2	4640	卖盘
13:19:03	23.2	--	13	30160	卖盘
13:19:00	23.2	--	16	37120	买盘
13:18:54	23.2	--	8	18560	买盘
13:18:51	23.2	--	5	11600	买盘
13:18:45	23.2	--	5	11600	买盘
13:18:42	23.2	--	55	127600	卖盘
13:18:36	23.2	-0.01	10	23200	卖盘
13:18:24	23.21	0.01	2	4642	买盘
13:18:06	23.2	0.02	5	11600	中性盘
13:18:03	23.18	-0.02	16	37088	卖盘
13:17:51	23.2	--	3	6960	买盘
13:17:45	23.2	--	6	13920	买盘
13:17:42	23.2	-0.02	178	412960	卖盘
13:17:33	23.22	--	94	218268	买盘
13:17:30	23.22	--	26	60372	买盘
13:17:27	23.22	--	20	46440	买盘
13:17:18	23.22	--	3	6966	买盘
13:17:12	23.22	--	20	46440	买盘
13:17:00	23.22	-0.01	71	164862	卖盘
13:16:57	23.23	--	12	27876	卖盘
13:16:51	23.23	0.01	6	13938	中性盘
13:16:24	23.22	-0.02	15	34830	卖盘
13:16:21	23.24	0.02	14	32535	买盘
13:16:18	23.22	-0.01	11	25542	卖盘
13:16:06	23.23	--	5	11615	买盘
13:16:03	23.23	--	4	9292	买盘
13:15:57	23.23	--	3	6969	买盘
13:15:54	23.23	--	9	20907	买盘
13:15:51	23.23	-0.01	21	48783	卖盘
13:15:45	23.24	--	50	116199	买盘
13:15:33	23.24	-0.01	45	106439	卖盘
13:15:21	23.25	0.01	2	4650	中性盘
13:15:12	23.24	-0.01	108	250991	卖盘
13:14:51	23.25	0.01	1	2325	买盘
13:14:45	23.24	--	2	4648	卖盘
13:14:42	23.24	-0.01	3	6971	卖盘
13:14:33	23.25	--	5	11625	买盘
13:14:21	23.25	--	5	11625	买盘
13:14:06	23.25	0.01	4	9300	中性盘
13:13:51	23.24	-0.01	340	790160	卖盘
13:13:48	23.25	--	4	9300	卖盘
13:13:42	23.25	--	29	67425	卖盘
13:13:39	23.25	--	3	6975	卖盘
13:13:36	23.25	-0.01	2	4650	卖盘
13:13:06	23.26	-0.01	5	11630	卖盘
13:12:51	23.27	--	14	32578	卖盘
13:12:45	23.27	0.01	33	76791	中性盘
13:12:42	23.26	-0.01	15	34890	卖盘
13:12:39	23.27	--	13	30251	买盘
13:12:30	23.27	--	12	27924	卖盘
13:12:21	23.27	--	50	116350	卖盘
13:12:18	23.27	--	3	6981	卖盘
13:12:15	23.27	0.01	39	90753	买盘
13:12:03	23.26	--	50	116300	卖盘
13:11:54	23.26	--	29	67454	卖盘
13:11:51	23.26	0.02	47	109322	买盘
13:11:45	23.24	--	4	9296	卖盘
13:11:33	23.24	--	59	137580	买盘
13:11:24	23.24	--	61	143623	买盘
13:11:15	23.24	--	6	13943	买盘
13:11:09	23.24	0.01	1	2324	买盘
13:10:51	23.23	0.02	6	14402	买盘
13:10:39	23.21	-0.02	16	37136	卖盘
13:10:30	23.23	0.02	40	92920	买盘
13:10:24	23.21	--	14	32494	卖盘
13:10:21	23.21	--	30	69630	卖盘
13:10:18	23.21	--	6	14390	卖盘
13:10:09	23.21	--	4	9284	卖盘
13:10:06	23.21	--	10	23210	卖盘
13:10:03	23.21	--	13	32029	买盘
13:10:00	23.21	--	2	4642	买盘
13:09:54	23.21	--	10	23210	买盘
13:09:42	23.21	0.01	5	11605	买盘
13:09:36	23.2	-0.01	5	11600	卖盘
13:09:24	23.21	0.01	3	6963	买盘
13:09:21	23.2	--	5	11600	买盘
13:09:15	23.2	--	94	218080	买盘
13:09:12	23.2	--	10	23200	买盘
13:08:39	23.2	--	2	4640	买盘
13:08:36	23.2	-0.01	542	1257440	卖盘
13:08:24	23.21	-0.01	149	346293	卖盘
13:08:18	23.22	--	70	162540	卖盘
13:08:12	23.22	-0.01	3	6966	卖盘
13:08:00	23.23	--	29	67367	买盘
13:07:39	23.23	0.01	18	41814	买盘
13:07:30	23.22	--	35	81270	卖盘
13:07:27	23.22	-0.01	14	32508	卖盘
13:07:21	23.23	0.01	3	6969	买盘
13:07:15	23.22	-0.01	2	4644	卖盘
13:07:00	23.23	-0.01	9	20907	卖盘
13:06:54	23.24	0.01	4	9296	买盘
13:06:51	23.23	-0.01	1	2323	卖盘
13:06:45	23.24	--	2	4648	买盘
13:06:18	23.24	0.01	1	2324	买盘
13:05:54	23.23	0.01	21	48783	买盘
13:05:48	23.22	-0.01	3	6966	卖盘
13:05:33	23.23	--	5	11615	卖盘
13:05:27	23.23	--	8	18584	卖盘
13:05:24	23.23	--	23	53429	卖盘
13:05:21	23.23	--	2	4646	卖盘
13:05:12	23.23	--	9	20907	卖盘
13:05:09	23.23	--	22	51106	卖盘
13:04:57	23.23	--	30	69690	卖盘
13:04:42	23.23	--	2	4646	卖盘
13:04:39	23.23	--	10	23230	卖盘
13:04:36	23.23	0.01	28	65044	买盘
13:04:33	23.22	--	2	6501	卖盘
13:04:27	23.22	--	10	23220	卖盘
13:04:15	23.22	--	24	55728	卖盘
13:04:09	23.22	-0.01	10	23220	卖盘
13:04:06	23.23	--	1	2323	买盘
13:04:03	23.23	--	10	23230	买盘
13:04:00	23.23	0.01	7	16261	中性盘
13:03:48	23.22	-0.02	9	20898	卖盘
13:03:39	23.24	0.01	95	220779	买盘
13:03:33	23.23	--	11	25553	买盘
13:03:27	23.23	--	7	16261	卖盘
13:03:21	23.23	-0.01	8	18584	卖盘
13:03:18	23.24	--	1	2324	买盘
13:03:15	23.24	0.01	5	11620	买盘
13:02:57	23.23	0.01	9	20907	买盘
13:02:48	23.22	--	1	2322	卖盘
13:02:42	23.22	--	12	27864	买盘
13:02:36	23.22	--	2	4644	买盘
13:02:21	23.22	--	2	4644	买盘
13:02:00	23.22	0.01	4	9288	中性盘
13:01:51	23.21	--	4	9284	卖盘
13:01:48	23.21	--	10	23210	卖盘
13:01:39	23.21	--	12	27852	买盘
13:01:36	23.21	0.01	23	53383	买盘
13:01:33	23.2	-0.01	1	2320	卖盘
13:01:30	23.21	--	10	23210	买盘
13:01:12	23.21	0.01	3	6963	买盘
13:00:54	23.2	--	51	118320	卖盘
13:00:48	23.2	--	13	30160	中性盘
13:00:45	23.2	--	75	174000	卖盘
13:00:39	23.2	--	9	20880	卖盘
13:00:36	23.2	--	6	13920	卖盘
13:00:27	23.2	0.03	10	23200	买盘
13:00:15	23.17	--	49	113996	买盘
13:00:12	23.17	-0.04	5	11585	买盘
13:00:09	23.21	0.02	17	40849	买盘
13:00:06	23.19	0.01	153	355734	买盘
13:00:03	23.18	--	11	25498	中性盘
11:30:03	23.18	--	0	0	买盘
11:29:54	23.18	0.01	43	99674	买盘
11:29:42	23.17	--	1	2317	卖盘
11:29:39	23.17	--	4	9268	卖盘
11:29:30	23.17	--	52	120484	买盘
11:29:27	23.17	--	5	11585	买盘
11:29:18	23.17	--	11	25487	买盘
11:29:09	23.17	0.01	2	4634	买盘
11:29:00	23.16	-0.01	25	57900	卖盘
11:28:51	23.17	--	6	13902	买盘
11:28:45	23.17	--	8	18536	买盘
11:28:36	23.17	--	20	46340	买盘
11:28:33	23.17	--	5	11585	卖盘
11:28:30	23.17	-0.02	20	46340	卖盘
11:28:09	23.19	--	2	4638	买盘
11:28:06	23.19	--	1	3710	卖盘
11:27:54	23.19	0.01	70	163257	买盘
11:27:51	23.18	--	10	23180	买盘
11:27:48	23.18	--	18	41724	买盘
11:27:33	23.18	--	12	27816	卖盘
11:27:15	23.18	--	25	57950	卖盘
11:27:03	23.18	--	6	13908	买盘
11:27:00	23.18	--	14	32452	买盘
11:26:33	23.18	0.01	10	23180	中性盘
11:26:27	23.17	--	10	23170	卖盘
11:26:21	23.17	--	11	25487	买盘
11:26:18	23.17	--	1	2317	买盘
11:26:12	23.17	--	1	2317	买盘
11:26:06	23.17	0.01	43	99631	买盘
11:26:00	23.16	-0.01	64	148224	卖盘
11:25:54	23.17	-0.02	4	9268	中性盘
11:25:42	23.19	0.02	20	46380	买盘
11:25:36	23.17	--	10	23170	买盘
11:25:27	23.17	--	11	25487	卖盘
11:25:21	23.17	-0.02	5	11585	卖盘
11:25:06	23.19	0.02	7	16233	买盘
11:25:03	23.17	-0.03	4	9268	中性盘
11:24:51	23.2	--	3	6960	买盘
11:24:33	23.2	--	4	9280	买盘
11:24:30	23.2	--	4	9280	买盘
11:24:27	23.2	0.06	130	301600	买盘
11:24:24	23.14	-0.06	43	99502	卖盘
11:24:21	23.2	0.05	5	11600	买盘
11:24:18	23.15	--	3	6945	卖盘
11:24:12	23.15	--	138	319470	买盘
11:24:09	23.15	0.01	56	129639	买盘
11:24:06	23.14	0.01	25	57850	中性盘
11:24:00	23.13	--	33	76329	卖盘
11:23:57	23.13	--	13	30069	卖盘
11:23:54	23.13	0.03	147	341560	买盘
11:23:51	23.1	-0.01	33	76230	卖盘
11:23:48	23.11	--	16	36976	卖盘
11:23:45	23.11	--	27	62397	卖盘
11:23:42	23.11	-0.01	57	131727	中性盘
11:23:39	23.12	0.02	122	282064	买盘
11:23:36	23.1	--	10	23100	买盘
11:23:33	23.1	-0.01	108	249942	卖盘
11:23:30	23.11	-0.01	54	124794	卖盘
11:23:27	23.12	0.02	33	76296	买盘
11:23:24	23.1	--	66	152460	卖盘
11:23:21	23.1	--	52	121968	卖盘
11:23:18	23.1	--	23	53130	卖盘
11:23:15	23.1	-0.01	4	9240	卖盘
11:23:12	23.11	0.01	10	23110	买盘
11:23:09	23.1	-0.01	10	24024	卖盘
11:23:06	23.11	--	44	101684	买盘
11:23:00	23.11	--	214	494554	买盘
11:22:57	23.11	--	23	53153	买盘
11:22:54	23.11	--	11	25421	买盘
11:22:51	23.11	--	50	115550	买盘
11:22:48	23.11	--	10	23110	买盘
11:22:45	23.11	--	10	23110	买盘
11:22:42	23.11	0.01	140	323540	买盘
11:22:39	23.1	-0.01	5	11550	卖盘
11:22:36	23.11	0.01	8	18488	买盘
11:22:33	23.1	-0.01	162	374220	卖盘
11:22:24	23.11	-0.01	17	39749	卖盘
11:22:21	23.12	--	2	4624	买盘
11:22:15	23.12	--	13	30056	买盘
11:22:12	23.12	0.01	38	87856	买盘
11:22:09	23.11	-0.01	35	80885	卖盘
11:22:06	23.12	--	3	6936	买盘
11:22:03	23.12	--	9	20808	买盘
11:22:00	23.12	0.01	10	23120	买盘
11:21:57	23.11	--	28	64708	卖盘
11:21:54	23.11	-0.01	48	110928	卖盘
11:21:51	23.12	--	45	104040	买盘
11:21:45	23.12	0.01	6	13872	买盘
11:21:42	23.11	-0.01	30	69330	卖盘
11:21:36	23.12	0.01	60	138720	买盘
11:21:30	23.11	-0.01	16	36976	卖盘
11:21:27	23.12	0.02	60	140569	买盘
11:21:24	23.1	--	7	16170	卖盘
11:21:18	23.1	--	1	2310	卖盘
11:21:15	23.1	--	15	34650	卖盘
11:21:12	23.1	--	150	347886	买盘
11:21:09	23.1	0.01	176	406560	买盘
11:21:06	23.09	--	11	25399	买盘
11:21:03	23.09	--	266	614194	卖盘
11:20:57	23.09	-0.01	31	71579	卖盘
11:20:54	23.1	--	3	6930	买盘
11:20:51	23.1	--	5	11550	买盘
11:20:48	23.1	--	3	6930	买盘
11:20:45	23.1	--	96	221760	买盘
11:20:42	23.1	-0.01	103	239778	卖盘
11:20:39	23.11	0.01	111	256983	买盘
11:20:36	23.1	--	225	521136	卖盘
11:20:33	23.1	--	12	27720	卖盘
11:20:30	23.1	--	81	187110	卖盘
11:20:27	23.1	--	70	161700	卖盘
11:20:21	23.1	--	68	157080	卖盘
11:20:18	23.1	--	50	115500	卖盘
11:20:15	23.1	--	8	18480	卖盘
11:20:12	23.1	--	9	20790	卖盘
11:20:09	23.1	--	82	189420	卖盘
11:20:06	23.1	--	30	69300	卖盘
11:20:03	23.1	-0.01	67	154770	卖盘
11:20:00	23.11	--	137	316607	买盘
11:19:57	23.11	0.01	19	43909	买盘
11:19:54	23.1	-0.01	16	36960	卖盘
11:19:51	23.11	--	15	34665	买盘
11:19:48	23.11	--	2	4622	买盘
11:19:45	23.11	0.01	20	46220	中性盘
11:19:42	23.1	-0.01	151	348810	卖盘
11:19:39	23.11	-0.01	500	1155500	卖盘
11:19:30	23.12	--	5	11560	买盘
11:19:24	23.12	--	5	11560	买盘
11:19:21	23.12	--	101	233512	买盘
11:19:18	23.12	--	12	27744	买盘
11:19:15	23.12	--	15	34680	买盘
11:19:12	23.12	--	125	289069	卖盘
11:19:06	23.12	-0.01	12	27744	卖盘
11:19:03	23.13	--	132	305316	买盘
11:19:00	23.13	0.01	5	11565	买盘
11:18:57	23.12	-0.01	101	233512	卖盘
11:18:54	23.13	--	1	4556	买盘
11:18:45	23.13	--	10	23130	买盘
11:18:42	23.13	--	2	4626	买盘
11:18:36	23.13	--	10	23130	买盘
11:18:33	23.13	--	10	23130	买盘
11:18:30	23.13	--	10	23130	买盘
11:18:27	23.13	--	10	23130	买盘
11:18:24	23.13	-0.02	372	861823	卖盘
11:18:21	23.15	--	25	57875	买盘
11:18:12	23.15	0.01	4	9260	买盘
11:18:09	23.14	-0.01	30	69420	卖盘
11:18:03	23.15	0.01	3	6945	买盘
11:17:54	23.14	-0.01	32	74048	卖盘
11:17:51	23.15	--	27	62504	买盘
11:17:45	23.15	0.02	7	16204	买盘
11:17:42	23.13	--	10	23130	卖盘
11:17:27	23.13	--	13	30069	卖盘
11:17:24	23.13	--	15	35620	买盘
11:17:18	23.13	--	15	34695	买盘
11:17:15	23.13	0.02	8	18504	买盘
11:17:12	23.11	-0.02	8	18488	卖盘
11:17:09	23.13	--	20	46260	买盘
11:17:06	23.13	--	6	13878	买盘
11:17:03	23.13	0.02	77	178101	买盘
11:17:00	23.11	-0.01	569	1314959	卖盘
11:16:57	23.12	-0.01	53	122536	卖盘
11:16:54	23.13	--	5	11565	买盘
11:16:51	23.13	--	1	2313	买盘
11:16:45	23.13	--	2	4626	买盘
11:16:42	23.13	-0.02	336	778555	卖盘
11:16:39	23.15	--	23	53245	卖盘
11:16:18	23.15	-0.03	46	106490	卖盘
11:16:09	23.18	-0.02	9	20862	卖盘
11:15:54	23.2	--	3	6960	卖盘
11:15:39	23.2	0.05	325	754000	买盘
11:15:30	23.15	-0.03	500	1157500	卖盘
11:15:27	23.18	-0.02	10	23180	卖盘
11:15:18	23.2	--	95	220400	买盘
11:15:15	23.2	--	7	16240	买盘
11:15:06	23.2	--	10	23200	买盘
11:14:57	23.2	--	20	46400	卖盘
11:14:54	23.2	--	32	74240	卖盘
11:14:48	23.2	--	30	69600	卖盘
11:14:45	23.2	--	12	27840	卖盘
11:14:36	23.2	0.02	47	109040	买盘
11:14:30	23.18	-0.03	15	34770	卖盘
11:14:21	23.21	0.01	13	30173	买盘
11:14:18	23.2	0.02	3	6960	中性盘
11:14:12	23.18	-0.02	19	44042	卖盘
11:14:03	23.2	0.02	4	9280	买盘
11:13:57	23.18	--	48	111264	卖盘
11:13:39	23.18	-0.02	4	9272	卖盘
11:13:36	23.2	--	5	11600	买盘
11:13:33	23.2	0.02	1	2320	买盘
11:13:30	23.18	-0.02	10	23180	卖盘
11:13:24	23.2	--	60	139200	买盘
11:13:18	23.2	0.03	9	20880	买盘
11:13:15	23.17	--	2	4634	买盘
11:13:12	23.17	-0.01	88	203896	卖盘
11:13:06	23.18	--	1	2318	卖盘
11:13:03	23.18	--	11	25498	买盘
11:13:00	23.18	--	12	27816	卖盘
11:12:48	23.18	--	20	46360	卖盘
11:12:42	23.18	--	10	23180	卖盘
11:12:39	23.18	0.02	89	206302	中性盘
11:12:33	23.16	--	25	57900	卖盘
11:12:27	23.16	--	2	4632	卖盘
11:12:21	23.16	0.01	29	67164	卖盘
11:12:15	23.15	-0.01	70	162050	卖盘
11:12:09	23.16	0.01	80	185280	买盘
11:12:00	23.15	--	11	25465	中性盘
11:11:48	23.15	0.01	12	27780	买盘
11:11:45	23.14	-0.02	20	46280	卖盘
11:11:42	23.16	0.01	104	240864	买盘
11:11:39	23.15	--	30	69450	卖盘
11:11:33	23.15	--	8	18520	卖盘
11:11:30	23.15	--	4	9260	中性盘
11:11:27	23.15	--	1	2315	买盘
11:11:24	23.15	--	4	9260	买盘
11:11:21	23.15	-0.01	86	199090	卖盘
11:11:18	23.16	0.02	124	287184	买盘
11:11:15	23.14	-0.01	60	138840	卖盘
11:11:12	23.15	0.02	12	27780	买盘
11:11:09	23.13	-0.02	3	6939	卖盘
11:11:06	23.15	0.02	51	118065	买盘
11:11:03	23.13	-0.02	45	104085	卖盘
11:11:00	23.15	--	3	6945	买盘
11:10:54	23.15	0.02	2	4630	中性盘
11:10:51	23.13	-0.07	401	927513	卖盘
11:10:48	23.2	0.04	26	60320	买盘
11:10:42	23.16	0.01	21	48636	中性盘
11:10:39	23.15	-0.01	62	143530	卖盘
11:10:36	23.16	0.01	4	9264	买盘
11:10:33	23.15	--	90	208350	卖盘
11:10:30	23.15	--	6	13890	卖盘
11:10:18	23.15	-0.03	167	386605	卖盘
11:10:15	23.18	--	17	39406	卖盘
11:10:12	23.18	--	15	34770	卖盘
11:10:09	23.18	--	13	30134	卖盘
11:10:00	23.18	--	26	60268	卖盘
11:09:57	23.18	--	194	449692	卖盘
11:09:54	23.18	-0.01	5	11590	卖盘
11:09:51	23.19	0.01	30	69570	买盘
11:09:48	23.18	--	65	150670	卖盘
11:09:45	23.18	--	1	2318	卖盘
11:09:42	23.18	--	10	23180	卖盘
11:09:30	23.18	0.01	18	41724	买盘
11:09:27	23.17	-0.01	44	101948	卖盘
11:09:24	23.18	--	59	136762	买盘
11:09:21	23.18	--	36	83448	买盘
11:09:15	23.18	--	26	60268	买盘
11:09:09	23.18	-0.01	73	169214	卖盘
11:09:06	23.19	0.01	55	127545	买盘
11:09:03	23.18	-0.01	268	621224	卖盘
11:08:54	23.19	-0.01	106	245814	卖盘
11:08:48	23.2	0.01	99	229680	买盘
11:08:45	23.19	0.01	6	13914	卖盘
11:08:39	23.18	-0.01	200	463600	卖盘
11:08:36	23.19	--	467	1082973	买盘
11:08:33	23.19	--	1	2319	买盘
11:08:27	23.19	--	22	51018	买盘
11:08:24	23.19	0.01	5	11595	买盘
11:08:21	23.18	-0.01	18	41724	卖盘
11:08:15	23.19	--	48	111312	买盘
11:08:12	23.19	--	100	231900	买盘
11:08:09	23.19	-0.01	301	698019	卖盘
11:08:03	23.2	0.01	121	280720	买盘
11:07:57	23.19	0.01	442	1024998	买盘
11:07:54	23.18	--	10	23180	卖盘
11:07:51	23.18	--	84	194712	买盘
11:07:48	23.18	--	16	37088	卖盘
11:07:45	23.18	--	230	533140	买盘
11:07:42	23.18	0.02	12	27816	买盘
11:07:36	23.16	--	7	16212	卖盘
11:07:30	23.16	-0.02	15	34740	卖盘
11:07:27	23.18	0.02	20	46360	买盘
11:07:24	23.16	-0.02	14	32424	卖盘
11:07:21	23.18	--	11	25498	买盘
11:07:18	23.18	--	13	30134	买盘
11:07:15	23.18	--	5	11590	买盘
11:07:06	23.18	--	40	92720	买盘
11:07:03	23.18	0.03	1	2318	买盘
11:07:00	23.15	-0.04	500	1157500	卖盘
11:06:57	23.19	0.01	1	2319	买盘
11:06:54	23.18	-0.01	60	140007	卖盘
11:06:51	23.19	--	3	6957	买盘
11:06:48	23.19	--	5	11595	买盘
11:06:45	23.19	-0.01	333	772227	卖盘
11:06:39	23.2	--	100	232000	卖盘
11:06:36	23.2	-0.01	10	23200	卖盘
11:06:33	23.21	0.01	98	227458	买盘
11:06:30	23.2	--	75	174000	卖盘
11:06:27	23.2	-0.01	18	41760	卖盘
11:06:24	23.21	0.01	8	18568	买盘
11:06:21	23.2	--	20	46400	卖盘
11:06:18	23.2	-0.01	59	136880	卖盘
11:06:15	23.21	0.01	15	34815	买盘
11:06:12	23.2	--	5	11600	卖盘
11:06:09	23.2	--	15	34800	卖盘
11:06:06	23.2	--	22	51040	卖盘
11:06:03	23.2	-0.01	54	125280	卖盘
11:05:57	23.21	--	1	3620	卖盘
11:05:54	23.21	--	130	301730	卖盘
11:05:48	23.21	-0.02	30	69630	卖盘
11:05:42	23.23	--	76	176548	卖盘
11:05:39	23.23	--	50	116150	卖盘
11:05:36	23.23	--	2	4646	卖盘
11:05:33	23.23	-0.01	98	227654	卖盘
11:05:30	23.24	-0.01	6	13943	卖盘
11:05:27	23.25	0.01	28	65100	买盘
11:05:21	23.24	-0.02	54	125495	卖盘
11:05:15	23.26	--	30	69780	买盘
11:05:06	23.26	-0.01	28	66988	卖盘
11:04:54	23.27	-0.01	6	13962	卖盘
11:04:51	23.28	0.01	11	25608	买盘
11:04:48	23.27	-0.01	12	27924	卖盘
11:04:45	23.28	0.01	2	4656	买盘
11:04:42	23.27	--	2	4654	卖盘
11:04:30	23.27	-0.01	2	4654	卖盘
11:04:27	23.28	0.02	3	6984	中性盘
11:04:24	23.26	-0.03	22	51172	卖盘
11:04:18	23.29	--	17	39593	买盘
11:04:15	23.29	--	7	16303	买盘
11:04:12	23.29	0.03	1	2329	买盘
11:04:09	23.26	-0.03	32	74432	卖盘
11:04:06	23.29	0.01	13	30277	买盘
11:03:57	23.28	--	1	2328	卖盘
11:03:51	23.28	-0.01	0	465	卖盘
11:03:48	23.29	--	14	32606	买盘
11:03:45	23.29	0.01	4	9316	买盘
11:03:39	23.28	--	4	9312	卖盘
11:03:27	23.28	0.02	5	11640	买盘
11:03:24	23.26	-0.02	10	23260	卖盘
11:03:18	23.28	0.02	4	9312	买盘
11:03:12	23.26	--	5	11630	卖盘
11:03:09	23.26	--	3	6978	卖盘
11:03:03	23.26	-0.02	2	4652	卖盘
11:03:00	23.28	0.02	16	37248	买盘
11:02:57	23.26	-0.01	40	93040	卖盘
11:02:48	23.27	0.01	4	9308	买盘
11:02:33	23.26	--	15	34890	卖盘
11:02:30	23.26	-0.01	10	23260	卖盘
11:02:27	23.27	--	4	9308	买盘
11:02:21	23.27	0.01	4	9308	买盘
11:02:18	23.26	-0.01	7	16282	卖盘
11:02:09	23.27	--	16	37232	买盘
11:02:03	23.27	-0.02	115	267605	卖盘
11:01:57	23.29	--	8	18632	买盘
11:01:51	23.29	--	4	9316	买盘
11:01:48	23.29	--	11	27482	卖盘
11:01:36	23.29	-0.03	4	9316	卖盘
11:01:33	23.32	0.03	29	67628	买盘
11:01:24	23.29	-0.03	11	25619	卖盘
11:01:21	23.32	--	12	27984	买盘
11:01:18	23.32	0.03	5	11660	买盘
11:01:06	23.29	--	46	107134	卖盘
11:01:00	23.29	-0.03	8	18632	卖盘
11:00:51	23.32	0.05	41	96078	买盘
11:00:36	23.27	--	10	23270	买盘
11:00:33	23.27	--	2	4654	买盘
11:00:30	23.27	--	20	46540	买盘
11:00:24	23.27	--	4	9308	买盘
11:00:21	23.27	--	9	20943	买盘
11:00:18	23.27	-0.02	10	23270	卖盘
11:00:15	23.29	0.03	6	13974	买盘
10:59:57	23.26	--	19	44194	卖盘
10:59:54	23.26	--	10	23260	卖盘
10:59:48	23.26	-0.03	4	9304	卖盘
10:59:42	23.29	--	17	39593	买盘
10:59:36	23.29	0.02	2	4658	买盘
10:59:33	23.27	-0.02	14	32578	卖盘
10:59:27	23.29	--	4	9316	买盘
10:59:18	23.29	0.01	16	37264	买盘
10:59:00	23.28	-0.01	4	9312	中性盘
10:58:57	23.29	--	7	16303	买盘
10:58:54	23.29	--	9	20961	买盘
10:58:42	23.29	0.03	42	97818	买盘
10:58:36	23.26	--	5	11630	买盘
10:58:33	23.26	--	1	2326	买盘
10:58:30	23.26	--	34	79084	买盘
10:58:27	23.26	--	33	76758	买盘
10:58:24	23.26	--	96	223296	买盘
10:58:18	23.26	--	10	23260	买盘
10:58:03	23.26	0.01	44	102344	买盘
10:58:00	23.25	-0.01	8	18600	卖盘
10:57:57	23.26	--	4	9304	买盘
10:57:48	23.26	--	10	23260	买盘
10:57:42	23.26	--	16	37216	买盘
10:57:33	23.26	0.01	8	18608	买盘
10:57:27	23.25	-0.01	48	111600	卖盘
10:57:18	23.26	--	2	4652	买盘
10:57:15	23.26	-0.02	98	227948	卖盘
10:57:06	23.28	0.02	1	2328	买盘
10:56:57	23.26	--	2	4652	买盘
10:56:51	23.26	--	10	23260	买盘
10:56:48	23.26	--	38	88388	卖盘
10:56:42	23.26	-0.01	2	4652	卖盘
10:56:36	23.27	--	4	9308	买盘
10:56:30	23.27	-0.03	40	94010	卖盘
10:56:27	23.3	--	6	13980	买盘
10:56:24	23.3	--	1	2330	买盘
10:56:06	23.3	--	4	9320	中性盘
10:56:03	23.3	-0.01	20	46600	卖盘
10:55:57	23.31	-0.01	69	160839	卖盘
10:55:54	23.32	--	10	23320	买盘
10:55:51	23.32	-0.01	32	74624	卖盘
10:55:48	23.33	--	118	275294	买盘
10:55:45	23.33	0.01	2	4666	买盘
10:55:42	23.32	-0.01	65	151580	卖盘
10:55:39	23.33	--	19	44327	买盘
10:55:36	23.33	--	18	44023	卖盘
10:55:15	23.33	-0.01	0	303	买盘
10:55:12	23.34	--	11	27704	卖盘
10:55:09	23.34	0.02	92	215031	买盘
10:55:00	23.32	-0.01	5	11660	卖盘
10:54:51	23.33	-0.01	6	16027	卖盘
10:54:48	23.34	0.01	11	25674	买盘
10:54:45	23.33	--	11	27062	卖盘
10:54:42	23.33	--	0	1236	买盘
10:54:39	23.33	--	27	62990	买盘
10:54:36	23.33	0.01	69	160977	买盘
10:54:33	23.32	-0.01	102	237864	卖盘
10:54:30	23.33	--	22	51325	买盘
10:54:27	23.33	0.01	10	23330	买盘
10:54:21	23.32	-0.01	48	111936	卖盘
10:54:18	23.33	0.02	35	81655	买盘
10:54:15	23.31	-0.01	13	30303	卖盘
10:54:12	23.32	0.01	4	9328	中性盘
10:54:06	23.31	-0.02	1	2331	卖盘
10:54:03	23.33	--	6	13997	买盘
10:54:00	23.33	--	77	179641	买盘
10:53:54	23.33	0.01	50	116649	买盘
10:53:48	23.32	--	43	100276	卖盘
10:53:42	23.32	--	4	9328	买盘
10:53:39	23.32	0.01	12	27984	买盘
10:53:36	23.31	--	22	51282	卖盘
10:53:30	23.31	--	5	11655	卖盘
10:53:27	23.31	--	4	9324	卖盘
10:53:24	23.31	--	3	6993	买盘
10:53:21	23.31	--	30	69930	买盘
10:53:15	23.31	0.01	26	60606	买盘
10:53:12	23.3	-0.01	4	9320	买盘
10:53:06	23.31	0.02	10	23310	买盘
10:53:00	23.29	-0.01	5	11645	卖盘
10:52:57	23.3	--	32	74560	卖盘
10:52:54	23.3	--	0	1398	买盘
10:52:45	23.3	--	9	20970	买盘
10:52:42	23.3	--	1	2330	买盘
10:52:39	23.3	--	2	4660	买盘
10:52:33	23.3	--	11	25630	买盘
10:52:27	23.3	--	6	13980	买盘
10:52:24	23.3	0.01	34	79220	买盘
10:52:18	23.29	0.07	4	9316	买盘
10:52:15	23.22	-0.07	226	524772	卖盘
10:52:06	23.29	--	14	32606	买盘
10:52:03	23.29	0.03	32	74528	买盘
10:52:00	23.26	--	5	11630	买盘
10:51:57	23.26	--	6	13956	买盘
10:51:54	23.26	0.01	32	74432	买盘
10:51:48	23.25	-0.01	4	9300	中性盘
10:51:45	23.26	--	70	162820	买盘
10:51:30	23.26	0.03	211	490786	买盘
10:51:27	23.23	-0.03	33	76659	卖盘
10:51:21	23.26	0.03	14	32564	买盘
10:51:18	23.23	-0.03	1	2323	卖盘
10:51:09	23.26	--	7	16282	买盘
10:51:06	23.26	0.02	9	20934	买盘
10:51:00	23.24	-0.01	2	4648	卖盘
10:50:51	23.25	--	4	9300	买盘
10:50:42	23.25	0.01	16	37200	中性盘
10:50:39	23.24	-0.01	4	9296	卖盘
10:50:30	23.25	0.02	23	53475	买盘
10:50:21	23.23	-0.02	2	4646	中性盘
10:50:18	23.25	0.01	15	34875	买盘
10:50:12	23.24	-0.01	18	41832	中性盘
10:50:09	23.25	0.01	12	27900	买盘
10:50:06	23.24	-0.01	7	16267	卖盘
10:50:00	23.25	0.01	8	18600	买盘
10:49:57	23.24	-0.02	22	51128	卖盘
10:49:54	23.26	0.01	4	9304	买盘
10:49:45	23.25	--	10	23250	买盘
10:49:36	23.25	-0.01	6	13950	卖盘
10:49:30	23.26	0.01	17	39542	买盘
10:49:27	23.25	-0.01	20	46500	卖盘
10:49:15	23.26	--	222	517302	卖盘
10:49:12	23.26	--	30	69780	卖盘
10:49:03	23.26	0.01	47	110717	买盘
10:48:57	23.25	-0.01	4	9300	中性盘
10:48:42	23.26	0.01	15	34890	买盘
10:48:39	23.25	--	10	23250	卖盘
10:48:30	23.25	--	3	6975	买盘
10:48:27	23.25	--	33	76725	卖盘
10:48:12	23.25	-0.01	36	83700	卖盘
10:48:06	23.26	0.01	8	18608	买盘
10:48:00	23.25	-0.04	47	110205	卖盘
10:47:57	23.29	0.02	6	13974	买盘
10:47:54	23.27	0.01	35	81445	买盘
10:47:51	23.26	--	5	11630	卖盘
10:47:48	23.26	--	55	129325	买盘
10:47:36	23.26	--	3	6978	买盘
10:47:30	23.26	--	4	9304	买盘
10:47:21	23.26	0.02	2	4652	买盘
10:47:18	23.24	0.02	6	13943	中性盘
10:47:06	23.22	-0.04	5	11610	卖盘
10:47:03	23.26	0.03	19	44194	买盘
10:46:57	23.23	0.02	23	53429	买盘
10:46:54	23.21	--	2	4642	卖盘
10:46:51	23.21	--	85	198306	买盘
10:46:48	23.21	--	19	44099	买盘
10:46:42	23.21	--	15	34815	买盘
10:46:36	23.21	0.01	58	134618	买盘
10:46:33	23.2	-0.01	19	44080	卖盘
10:46:27	23.21	--	16	37136	买盘
10:46:24	23.21	--	1	2321	买盘
10:46:15	23.21	--	5	11605	买盘
10:46:12	23.21	0.01	16	37136	买盘
10:46:06	23.2	--	60	139200	卖盘
10:46:00	23.2	-0.01	30	69600	卖盘
10:45:54	23.21	--	16	37136	买盘
10:45:42	23.21	0.01	4	9284	买盘
10:45:39	23.2	-0.01	10	23200	卖盘
10:45:36	23.21	0.01	4	9284	买盘
10:45:30	23.2	--	9	20880	卖盘
10:45:27	23.2	-0.01	3	6960	卖盘
10:45:24	23.21	0.01	16	37136	买盘
10:45:18	23.2	-0.01	3	6960	卖盘
10:45:15	23.21	--	10	23210	买盘
10:45:12	23.21	--	73	169433	买盘
10:45:06	23.21	--	183	424743	买盘
10:45:00	23.21	--	15	34815	买盘
10:44:51	23.21	0.01	100	232100	买盘
10:44:48	23.2	--	28	64960	卖盘
10:44:45	23.2	-0.01	130	301600	卖盘
10:44:39	23.21	0.01	4	9284	买盘
10:44:33	23.2	0.01	1	2320	中性盘
10:44:27	23.19	-0.02	12	27828	卖盘
10:44:24	23.21	0.02	1	2321	买盘
10:44:21	23.19	--	1	2319	卖盘
10:44:15	23.19	-0.02	2	4638	卖盘
10:44:09	23.21	0.01	50	116050	买盘
10:44:06	23.2	--	3	6960	卖盘
10:44:00	23.2	--	18	41760	卖盘
10:43:51	23.2	-0.01	79	183280	卖盘
10:43:48	23.21	--	1	2321	买盘
10:43:45	23.21	0.01	22	51062	买盘
10:43:42	23.2	--	339	786480	卖盘
10:43:36	23.2	-0.01	48	111360	卖盘
10:43:27	23.21	0.01	3	6963	买盘
10:43:24	23.2	-0.01	3	6960	卖盘
10:43:15	23.21	--	10	23210	买盘
10:43:12	23.21	0.01	4	9284	买盘
10:43:09	23.2	-0.01	103	238960	卖盘
10:42:48	23.21	-0.02	5	11605	卖盘
10:42:45	23.23	--	4	9292	买盘
10:42:39	23.23	0.02	6	13938	买盘
10:42:36	23.21	-0.02	5	11605	卖盘
10:42:27	23.23	0.02	6	13938	买盘
10:42:21	23.21	--	6	13926	买盘
10:42:18	23.21	--	6	13926	卖盘
10:42:15	23.21	--	24	55704	卖盘
10:42:09	23.21	-0.02	10	23210	卖盘
10:42:03	23.23	0.02	20	46460	买盘
10:41:54	23.21	-0.01	4	9284	卖盘
10:41:45	23.22	--	4	9288	买盘
10:41:42	23.22	-0.01	16	37152	中性盘
10:41:36	23.23	0.03	26	60398	买盘
10:41:30	23.2	-0.02	65	150800	卖盘
10:41:21	23.22	-0.01	32	74304	卖盘
10:41:18	23.23	0.01	16	37168	买盘
10:41:09	23.22	0.01	5	11610	买盘
10:41:06	23.21	0.01	7	16247	中性盘
10:40:51	23.2	-0.02	84	194880	卖盘
10:40:48	23.22	0.01	14	32508	买盘
10:40:36	23.21	0.01	2	4642	中性盘
10:40:24	23.2	--	19	44080	卖盘
10:40:21	23.2	-0.01	15	34800	卖盘
10:40:15	23.21	0.02	10	23210	中性盘
10:40:06	23.19	-0.03	51	118269	卖盘
10:40:03	23.22	0.03	16	37152	买盘
10:39:57	23.19	0.01	238	551922	中性盘
10:39:51	23.18	-0.03	30	69540	卖盘
10:39:48	23.21	0.02	20	46420	买盘
10:39:42	23.19	-0.01	3	6957	中性盘
10:39:36	23.2	0.02	6	13920	买盘
10:39:33	23.18	--	1	2318	卖盘
10:39:30	23.18	--	2	4636	卖盘
10:39:27	23.18	0.01	30	69540	卖盘
10:39:24	23.17	--	41	94997	卖盘
10:39:18	23.17	--	15	34755	卖盘
10:39:15	23.17	-0.03	15	34755	卖盘
10:39:12	23.2	0.02	19	44080	买盘
10:39:09	23.18	0.01	15	34770	买盘
10:39:06	23.17	--	31	71827	卖盘
10:38:57	23.17	-0.03	500	1158500	卖盘
10:38:54	23.2	0.01	4	9280	买盘
10:38:48	23.19	-0.01	90	208710	卖盘
10:38:45	23.2	--	4	9280	卖盘
10:38:39	23.2	-0.02	95	220400	卖盘
10:38:33	23.22	0.02	53	123066	买盘
10:38:30	23.2	-0.01	50	116000	卖盘
10:38:27	23.21	-0.02	23	53383	卖盘
10:38:24	23.23	0.01	670	1556410	买盘
10:38:21	23.22	--	13	30186	卖盘
10:38:18	23.22	-0.01	48	111456	卖盘
10:38:15	23.23	0.01	5	11615	买盘
10:38:12	23.22	-0.01	23	53406	卖盘
10:38:03	23.23	--	8	18584	卖盘
10:38:00	23.23	-0.01	5	11615	卖盘
10:37:57	23.24	0.01	4	9296	中性盘
10:37:45	23.23	--	4	9292	卖盘
10:37:42	23.23	-0.04	5	11615	卖盘
10:37:36	23.27	--	12	27924	买盘
10:37:30	23.27	--	27	62829	买盘
10:37:27	23.27	0.05	4	9308	中性盘
10:37:24	23.22	-0.05	120	278640	卖盘
10:37:18	23.27	--	37	86099	买盘
10:37:15	23.27	-0.02	5	11635	中性盘
10:37:06	23.29	0.04	2	4658	买盘
10:37:03	23.25	-0.02	43	99975	卖盘
10:37:00	23.27	--	13	30251	卖盘
10:36:57	23.27	0.01	7	16289	卖盘
10:36:48	23.26	0.01	9	20934	中性盘
10:36:39	23.25	-0.04	1	2325	卖盘
10:36:30	23.29	--	4	9316	买盘
10:36:18	23.29	--	1	2329	买盘
10:36:15	23.29	0.04	10	23290	买盘
10:36:12	23.25	0.01	5	11625	买盘
10:36:03	23.24	0.01	3	6971	买盘
10:36:00	23.23	-0.05	5	11615	中性盘
10:35:51	23.28	0.04	25	58200	买盘
10:35:42	23.24	--	11	25564	买盘
10:35:39	23.24	--	32	74368	卖盘
10:35:36	23.24	-0.04	5	11620	卖盘
10:35:33	23.28	0.07	4	9312	买盘
10:35:27	23.21	-0.02	100	232100	卖盘
10:35:24	23.23	0.01	18	41814	中性盘
10:35:15	23.22	-0.01	30	69660	卖盘
10:35:06	23.23	-0.01	10	23230	卖盘
10:35:03	23.24	0.01	47	109227	买盘
10:35:00	23.23	-0.01	10	23230	卖盘
10:34:54	23.24	--	5	11620	买盘
10:34:51	23.24	--	1	2324	买盘
10:34:45	23.24	-0.02	71	165004	卖盘
10:34:42	23.26	--	12	27912	卖盘
10:34:36	23.26	0.01	13	30238	买盘
10:34:33	23.25	--	38	88350	买盘
10:34:27	23.25	--	6	13950	卖盘
10:34:24	23.25	--	11	25575	卖盘
10:34:18	23.25	--	25	58125	卖盘
10:34:15	23.25	-0.01	1	2325	卖盘
10:34:12	23.26	--	1	2326	买盘
10:34:09	23.26	0.02	5	11630	买盘
10:34:03	23.24	--	6	13943	卖盘
10:33:57	23.24	0.01	1	2324	中性盘
10:33:42	23.23	-0.05	283	657409	卖盘
10:33:39	23.28	0.02	4	9312	买盘
10:33:36	23.26	-0.01	2	4652	卖盘
10:33:33	23.27	--	10	23270	买盘
10:33:27	23.27	0.01	10	23270	中性盘
10:33:21	23.26	-0.03	93	216318	卖盘
10:33:15	23.29	--	10	23290	买盘
10:33:09	23.29	0.01	4	9316	买盘
10:33:03	23.28	-0.01	13	30264	卖盘
10:32:54	23.29	--	42	97818	买盘
10:32:42	23.29	--	4	9316	买盘
10:32:36	23.29	-0.01	12	27948	卖盘
10:32:33	23.3	-0.01	4	9320	卖盘
10:32:30	23.31	0.02	2	4662	买盘
10:32:21	23.29	-0.02	2	4658	卖盘
10:32:18	23.31	0.01	5	11655	买盘
10:32:12	23.3	0.01	4	9320	买盘
10:32:09	23.29	-0.02	7	16303	中性盘
10:31:57	23.31	0.03	88	205128	买盘
10:31:51	23.28	--	2	4656	买盘
10:31:48	23.28	--	17	39576	买盘
10:31:45	23.28	-0.04	184	429283	卖盘
10:31:33	23.32	0.01	15	34980	买盘
10:31:30	23.31	--	5	11655	买盘
10:31:27	23.31	-0.01	51	118881	卖盘
10:31:21	23.32	--	10	23320	买盘
10:31:12	23.32	0.01	12	27984	买盘
10:31:09	23.31	-0.01	14	32634	卖盘
10:31:06	23.32	--	5	12592	卖盘
10:30:54	23.32	0.01	25	59699	买盘
10:30:51	23.31	-0.01	10	23310	卖盘
10:30:48	23.32	--	4	9328	买盘
10:30:42	23.32	0.02	1	2332	买盘
10:30:36	23.3	--	30	69900	卖盘
10:30:15	23.3	--	21	50328	买盘
10:30:12	23.3	--	215	500950	买盘
10:30:06	23.3	--	78	181740	买盘
10:30:00	23.3	-0.06	300	699932	卖盘
10:29:57	23.36	--	92	214912	买盘
10:29:51	23.36	--	1	2336	买盘
10:29:48	23.36	-0.02	4	9344	买盘
10:29:45	23.38	0.02	16	38506	买盘
10:29:42	23.36	--	37	86432	卖盘
10:29:39	23.36	-0.02	0	1238	卖盘
10:29:36	23.38	--	3	7014	买盘
10:29:33	23.38	0.02	3	7014	买盘
10:29:27	23.36	-0.03	50	116800	卖盘
10:29:21	23.39	0.03	139	325121	买盘
10:29:18	23.36	0.01	11	25696	卖盘
10:29:12	23.35	0.05	188	438980	买盘
10:29:09	23.3	-0.02	74	172420	卖盘
10:29:03	23.32	0.02	20	48039	买盘
10:29:00	23.3	--	42	97860	卖盘
10:28:51	23.3	--	62	144460	买盘
10:28:48	23.3	--	4	9320	买盘
10:28:45	23.3	0.01	20	46600	卖盘
10:28:42	23.29	--	33	76857	卖盘
10:28:36	23.29	-0.01	5	11645	卖盘
10:28:33	23.3	0.01	10	23300	买盘
10:28:30	23.29	-0.01	20	46580	卖盘
10:28:24	23.3	--	8	18640	买盘
10:28:21	23.3	--	38	88540	买盘
10:28:12	23.3	--	11	25630	买盘
10:28:06	23.3	--	2	4660	买盘
10:28:00	23.3	-0.02	27	62910	卖盘
10:27:54	23.32	--	4	9328	买盘
10:27:48	23.32	0.02	15	34980	买盘
10:27:42	23.3	--	5	11650	卖盘
10:27:39	23.3	--	4	9320	买盘
10:27:27	23.3	--	4	9320	买盘
10:27:24	23.3	--	6	13980	卖盘
10:27:21	23.3	-0.01	2	4660	买盘
10:27:18	23.31	--	1	2331	买盘
10:27:09	23.31	0.01	1	2331	买盘
10:27:00	23.3	0.01	100	233000	买盘
10:26:57	23.29	--	14	32606	买盘
10:26:54	23.29	-0.01	16	37264	卖盘
10:26:45	23.3	--	26	60580	卖盘
10:26:42	23.3	-0.01	4	9320	卖盘
10:26:39	23.31	--	2	4662	买盘
10:26:36	23.31	0.01	33	76923	买盘
10:26:30	23.3	--	5	11650	买盘
10:26:27	23.3	--	4	9320	中性盘
10:26:18	23.3	--	15	34950	卖盘
10:26:15	23.3	--	10	23300	卖盘
10:26:03	23.3	-0.01	8	18640	卖盘
10:26:00	23.31	0.01	4	9324	买盘
10:25:48	23.3	--	4	9320	卖盘
10:25:39	23.3	0.01	56	130480	买盘
10:25:33	23.29	--	24	55896	买盘
10:25:30	23.29	--	4	9316	买盘
10:25:27	23.29	--	31	72199	买盘
10:25:24	23.29	-0.02	10	23290	卖盘
10:25:21	23.31	0.02	100	233100	买盘
10:25:15	23.29	--	3	6987	卖盘
10:25:06	23.29	-0.01	6	13974	卖盘
10:25:03	23.3	--	4	9320	买盘
10:25:00	23.3	--	50	116500	买盘
10:24:57	23.3	-0.01	19	45202	卖盘
10:24:51	23.31	0.01	17	39627	买盘
10:24:48	23.3	-0.01	0	1398	卖盘
10:24:42	23.31	--	42	97902	买盘
10:24:39	23.31	--	1	2331	买盘
10:24:33	23.31	--	38	88578	买盘
10:24:30	23.31	-0.02	49	114219	卖盘
10:24:27	23.33	--	4	9332	卖盘
10:24:24	23.33	--	5	11665	卖盘
10:24:18	23.33	0.02	49	114316	买盘
10:24:09	23.31	-0.02	12	27972	卖盘
10:24:06	23.33	0.01	24	55991	买盘
10:24:03	23.32	-0.01	3	6996	卖盘
10:24:00	23.33	--	7	16330	买盘
10:23:57	23.33	--	20	46660	买盘
10:23:51	23.33	-0.01	544	1269152	中性盘
10:23:36	23.34	0.03	4	9336	中性盘
10:23:33	23.31	0.01	19	44289	卖盘
10:23:24	23.3	-0.05	32	74560	买盘
10:23:21	23.35	0.06	500	1167500	买盘
10:23:18	23.29	-0.01	25	59156	卖盘
10:23:15	23.3	-0.04	37	86210	卖盘
10:23:09	23.34	0.01	34	79356	买盘
10:23:06	23.33	0.02	25	58324	买盘
10:23:03	23.31	--	36	83916	卖盘
10:23:00	23.31	-0.03	34	79254	卖盘
10:22:57	23.34	--	7	16338	买盘
10:22:54	23.34	--	106	247404	买盘
10:22:51	23.34	-0.01	10	23340	买盘
10:22:48	23.35	--	22	51370	买盘
10:22:45	23.35	--	12	28020	卖盘
10:22:42	23.35	0.01	56	130760	中性盘
10:22:39	23.34	--	24	56016	卖盘
10:22:36	23.34	-0.02	100	233400	卖盘
10:22:33	23.36	-0.01	40	93440	卖盘
10:22:30	23.37	0.02	33	77121	买盘
10:22:27	23.35	--	3	7005	卖盘
10:22:24	23.35	--	5	11675	卖盘
10:22:21	23.35	--	40	93400	卖盘
10:22:18	23.35	0.03	112	261520	买盘
10:22:15	23.32	--	11	25652	卖盘
10:22:12	23.32	--	48	111936	卖盘
10:22:09	23.32	--	65	151580	卖盘
10:22:06	23.32	0.03	36	83952	买盘
10:22:03	23.29	--	35	81515	卖盘
10:22:00	23.29	--	21	50306	买盘
10:21:57	23.29	--	5	11645	买盘
10:21:54	23.29	--	10	23290	买盘
10:21:51	23.29	0.01	10	23290	买盘
10:21:48	23.28	-0.01	23	53544	中性盘
10:21:45	23.29	0.02	19	44251	买盘
10:21:42	23.27	-0.01	4	9308	中性盘
10:21:36	23.28	0.04	12	27936	买盘
10:21:33	23.24	0.01	2	4648	中性盘
10:21:27	23.23	--	19	44137	卖盘
10:21:15	23.23	-0.02	5	11615	中性盘
10:21:09	23.25	0.02	274	637050	买盘
10:21:06	23.23	--	14	32522	买盘
10:21:03	23.23	0.02	25	58075	买盘
10:20:57	23.21	-0.02	6	13926	中性盘
10:20:54	23.23	0.02	23	53429	买盘
10:20:51	23.21	--	8	18568	买盘
10:20:48	23.21	--	5	11605	买盘
10:20:45	23.21	--	4	9284	买盘
10:20:42	23.21	0.01	10	23210	买盘
10:20:39	23.2	--	28	64960	卖盘
10:20:33	23.2	--	27	63568	买盘
10:20:30	23.2	0.01	101	235248	买盘
10:20:27	23.19	-0.01	5	11595	卖盘
10:20:21	23.2	0.01	2	4640	买盘
10:20:15	23.19	--	6	13914	买盘
10:20:12	23.19	0.01	6	13914	买盘
10:20:03	23.18	-0.01	3	6954	卖盘
10:20:00	23.19	--	4	9276	买盘
10:19:57	23.19	--	5	11595	买盘
10:19:51	23.19	--	31	71889	卖盘
10:19:48	23.19	-0.01	65	150735	卖盘
10:19:30	23.2	-0.01	20	47792	卖盘
10:19:27	23.21	0.01	10	23210	买盘
10:19:21	23.2	-0.01	3	6960	卖盘
10:19:18	23.21	0.01	11	25531	买盘
10:19:15	23.2	-0.01	6	13920	卖盘
10:19:06	23.21	--	11	25531	买盘
10:19:03	23.21	--	26	60346	卖盘
10:18:51	23.21	-0.02	10	23210	卖盘
10:18:45	23.23	0.02	23	53429	买盘
10:18:39	23.21	-0.02	10	23210	卖盘
10:18:36	23.23	--	24	55752	买盘
10:18:24	23.23	--	1	2323	买盘
10:18:21	23.23	-0.01	52	121725	卖盘
10:18:18	23.24	0.01	17	39508	买盘
10:18:15	23.23	--	1	2323	卖盘
10:18:12	23.23	-0.01	30	69690	卖盘
10:18:09	23.24	0.01	1	2324	买盘
10:18:06	23.23	-0.01	17	39491	卖盘
10:18:03	23.24	--	10	23240	买盘
10:17:57	23.24	0.01	8	18592	买盘
10:17:54	23.23	0.01	39	91990	买盘
10:17:51	23.22	--	12	27864	买盘
10:17:42	23.22	0.01	64	148608	买盘
10:17:39	23.21	--	10	23210	卖盘
10:17:36	23.21	--	1	2321	卖盘
10:17:24	23.21	--	5	11605	卖盘
10:17:21	23.21	--	2	4642	中性盘
10:17:15	23.21	0.01	10	23210	买盘
10:17:12	23.2	--	33	76560	卖盘
10:17:00	23.2	--	54	125280	卖盘
10:16:57	23.2	--	29	68208	买盘
10:16:54	23.2	--	4	9280	买盘
10:16:51	23.2	--	40	92800	买盘
10:16:48	23.2	--	10	23200	买盘
10:16:33	23.2	0.01	41	95120	买盘
10:16:27	23.19	--	86	199434	买盘
10:16:24	23.19	--	2	4638	买盘
10:16:18	23.19	0.02	25	57975	买盘
10:16:00	23.17	--	10	23401	买盘
10:15:57	23.17	--	10	23170	买盘
10:15:54	23.17	--	32	74144	买盘
10:15:51	23.17	--	15	36840	卖盘
10:15:48	23.17	--	20	46340	卖盘
10:15:33	23.17	--	4	9268	卖盘
10:15:30	23.17	--	2	4865	买盘
10:15:27	23.17	--	18	41706	买盘
10:15:24	23.17	--	30	69510	买盘
10:15:21	23.17	--	2	4634	买盘
10:15:18	23.17	--	10	23170	买盘
10:15:12	23.17	--	5	11585	买盘
10:15:09	23.17	--	1	2317	买盘
10:15:03	23.17	0.02	13	30121	买盘
10:15:00	23.15	--	9	20835	卖盘
10:14:54	23.15	--	5	11575	卖盘
10:14:51	23.15	-0.02	28	64819	卖盘
10:14:48	23.17	0.01	87	201579	买盘
10:14:45	23.16	0.01	10	23160	买盘
10:14:42	23.15	-0.01	2	4630	卖盘
10:14:30	23.16	0.01	19	44004	买盘
10:14:27	23.15	-0.01	1	2315	卖盘
10:14:24	23.16	--	11	25476	买盘
10:14:21	23.16	-0.01	4	9264	买盘
10:14:15	23.17	0.01	15	34755	买盘
10:14:12	23.16	-0.01	1	2316	卖盘
10:14:03	23.17	--	4	9268	买盘
10:13:57	23.17	0.01	9	20853	买盘
10:13:54	23.16	-0.01	30	69480	卖盘
10:13:51	23.17	--	26	60242	买盘
10:13:48	23.17	--	5	11585	买盘
10:13:42	23.17	--	21	48657	买盘
10:13:39	23.17	--	2	4634	买盘
10:13:36	23.17	-0.02	188	437681	卖盘
10:13:33	23.19	--	4	9276	买盘
10:13:27	23.19	--	69	160011	买盘
10:13:24	23.19	-0.01	13	31538	卖盘
10:13:21	23.2	--	15	34800	买盘
10:13:12	23.2	--	8	18560	买盘
10:13:09	23.2	--	35	82128	买盘
10:13:06	23.2	0.01	4	9280	买盘
10:13:03	23.19	--	2	4638	卖盘
10:12:57	23.19	-0.01	63	146097	卖盘
10:12:51	23.2	0.01	25	58000	买盘
10:12:48	23.19	--	22	51018	卖盘
10:12:45	23.19	-0.01	87	201753	卖盘
10:12:42	23.2	0.01	2	4640	买盘
10:12:39	23.19	--	13	30147	买盘
10:12:36	23.19	--	9	20871	买盘
10:12:33	23.19	-0.01	2	4638	中性盘
10:12:30	23.2	--	29	67280	买盘
10:12:27	23.2	--	10	23200	买盘
10:12:21	23.2	--	7	16240	买盘
10:12:18	23.2	--	13	30160	买盘
10:12:09	23.2	--	54	125280	买盘
10:12:03	23.2	--	2	4640	买盘
10:11:57	23.2	--	5	11600	买盘
10:11:51	23.2	-0.02	18	41760	卖盘
10:11:42	23.22	--	23	53406	买盘
10:11:39	23.22	--	12	27864	买盘
10:11:36	23.22	-0.02	20	46440	卖盘
10:11:33	23.24	0.02	3	6971	中性盘
10:11:21	23.22	0.02	2	4644	中性盘
10:11:15	23.2	-0.05	10	23200	中性盘
10:11:09	23.25	0.06	48	111600	买盘
10:11:06	23.19	--	20	46380	买盘
10:11:03	23.19	--	2	4638	买盘
10:11:00	23.19	-0.09	99	229581	卖盘
10:10:57	23.28	--	7	16296	买盘
10:10:54	23.28	0.09	102	237456	买盘
10:10:45	23.19	--	2	6307	买盘
10:10:42	23.19	--	6	15305	买盘
10:10:30	23.19	0.01	40	92760	买盘
10:10:24	23.18	--	10	23180	卖盘
10:10:21	23.18	--	0	1808	买盘
10:10:15	23.18	--	4	9272	买盘
10:10:12	23.18	0.01	4	9272	买盘
10:10:06	23.17	-0.01	44	101948	卖盘
10:10:03	23.18	0.01	50	115900	买盘
10:10:00	23.17	--	6	13902	卖盘
10:09:48	23.17	0.01	18	41706	买盘
10:09:45	23.16	-0.01	15	34740	卖盘
10:09:42	23.17	0.01	3	6951	买盘
10:09:33	23.16	0.01	173	400668	买盘
10:09:30	23.15	--	11	26391	卖盘
10:09:27	23.15	--	10	23150	卖盘
10:09:24	23.15	--	6	13890	买盘
10:09:21	23.15	--	2	4630	买盘
10:09:18	23.15	--	3	6945	买盘
10:09:15	23.15	0.02	5	11575	买盘
10:09:12	23.13	-0.02	20	46260	卖盘
10:09:09	23.15	0.01	14	32409	买盘
10:09:03	23.14	0.01	11	25454	买盘
10:09:00	23.13	-0.01	36	83268	卖盘
10:08:57	23.14	0.01	9	20826	中性盘
10:08:51	23.13	--	16	37008	卖盘
10:08:48	23.13	-0.01	12	27756	卖盘
10:08:45	23.14	-0.01	19	43966	卖盘
10:08:42	23.15	0.03	5	11575	中性盘
10:08:30	23.12	--	1	2312	卖盘
10:08:27	23.12	-0.03	25	57800	卖盘
10:08:24	23.15	--	56	129639	卖盘
10:08:21	23.15	-0.01	5	11575	中性盘
10:08:18	23.16	0.04	37	85692	买盘
10:08:15	23.12	--	4	9248	卖盘
10:08:12	23.12	0.01	45	104040	买盘
10:08:09	23.11	--	46	106306	卖盘
10:08:06	23.11	--	4	9244	卖盘
10:08:00	23.11	--	30	69330	卖盘
10:07:57	23.11	-0.04	40	92440	卖盘
10:07:54	23.15	0.04	23	53245	买盘
10:07:51	23.11	--	83	191813	买盘
10:07:48	23.11	--	42	97062	买盘
10:07:45	23.11	-0.01	65	150215	买盘
10:07:42	23.12	-0.01	248	573376	中性盘
10:07:39	23.13	0.02	36	83268	买盘
10:07:33	23.11	-0.02	320	739520	卖盘
10:07:30	23.13	--	5	11565	买盘
10:07:27	23.13	--	8	18504	买盘
10:07:24	23.13	-0.02	16	37008	卖盘
10:07:21	23.15	0.02	9	20835	买盘
10:07:18	23.13	-0.02	105	242865	卖盘
10:07:09	23.15	0.01	40	92600	买盘
10:07:06	23.14	-0.01	6	13884	中性盘
10:07:00	23.15	-0.01	33	76395	卖盘
10:06:57	23.16	0.01	5	11580	买盘
10:06:54	23.15	--	95	219925	卖盘
10:06:51	23.15	--	63	145845	卖盘
10:06:45	23.15	--	2	4630	卖盘
10:06:42	23.15	0.03	110	254649	买盘
10:06:39	23.12	0.01	50	115600	买盘
10:06:36	23.11	-0.01	101	233411	卖盘
10:06:33	23.12	--	5	11560	买盘
10:06:30	23.12	--	1	2312	买盘
10:06:27	23.12	-0.01	19	43928	卖盘
10:06:24	23.13	0.01	12	27756	买盘
10:06:21	23.12	0.01	5	11560	中性盘
10:06:09	23.11	-0.01	34	78574	卖盘
10:06:03	23.12	--	1	2312	买盘
10:06:00	23.12	0.02	3	6936	买盘
10:05:57	23.1	-0.05	68	158928	卖盘
10:05:54	23.15	--	4	9260	买盘
10:05:51	23.15	0.03	3	6945	买盘
10:05:48	23.12	--	5	11560	买盘
10:05:45	23.12	-0.03	8	18496	中性盘
10:05:42	23.15	-0.01	53	122694	中性盘
10:05:39	23.16	0.01	717	1660572	买盘
10:05:36	23.15	--	16	37040	卖盘
10:05:30	23.15	-0.01	50	115750	卖盘
10:05:27	23.16	-0.02	70	162583	卖盘
10:05:24	23.18	0.02	5	11590	买盘
10:05:18	23.16	-0.02	24	55584	卖盘
10:05:15	23.18	0.02	29	67222	买盘
10:05:12	23.16	--	38	88008	卖盘
10:05:09	23.16	-0.01	30	69480	卖盘
10:05:00	23.17	--	53	122801	买盘
10:04:57	23.17	0.01	5	11585	中性盘
10:04:48	23.16	-0.01	14	32424	卖盘
10:04:45	23.17	0.01	122	282674	买盘
10:04:42	23.16	--	11	25476	卖盘
10:04:39	23.16	--	33	76428	卖盘
10:04:36	23.16	--	33	76428	卖盘
10:04:33	23.16	--	43	101440	卖盘
10:04:30	23.16	-0.01	6	13896	中性盘
10:04:27	23.17	0.01	2	4634	买盘
10:04:21	23.16	--	9	20844	买盘
10:04:18	23.16	--	21	48636	卖盘
10:04:15	23.16	0.02	14	32424	买盘
10:04:12	23.14	-0.01	3	6942	卖盘
10:04:09	23.15	-0.01	31	71765	卖盘
10:04:06	23.16	--	10	23160	买盘
10:04:03	23.16	0.01	11	25476	买盘
10:04:00	23.15	-0.01	245	567175	卖盘
10:03:57	23.16	--	11	25476	卖盘
10:03:51	23.16	--	1	2316	卖盘
10:03:48	23.16	-0.01	26	60216	卖盘
10:03:45	23.17	--	14	32438	买盘
10:03:42	23.17	--	103	238651	买盘
10:03:36	23.17	-0.01	37	85729	卖盘
10:03:33	23.18	0.01	41	95038	买盘
10:03:30	23.17	-0.01	9	20853	卖盘
10:03:27	23.18	--	3	6954	买盘
10:03:24	23.18	--	1	2318	买盘
10:03:21	23.18	--	1	2318	买盘
10:03:18	23.18	--	43	99674	买盘
10:03:15	23.18	-0.01	15	34770	卖盘
10:03:12	23.19	--	2	4638	买盘
10:03:09	23.19	--	25	57975	买盘
10:03:03	23.19	--	13	30147	买盘
10:03:00	23.19	--	19	44339	卖盘
10:02:57	23.19	--	11	27549	买盘
10:02:51	23.19	--	24	55656	买盘
10:02:42	23.19	--	37	86081	卖盘
10:02:33	23.19	0.01	26	62334	买盘
10:02:24	23.18	0.02	9	20862	买盘
10:02:18	23.16	--	210	486360	卖盘
10:02:12	23.16	--	5	11580	卖盘
10:02:09	23.16	--	25	57900	买盘
10:02:06	23.16	--	39	90324	买盘
10:02:03	23.16	--	39	90324	买盘
10:01:57	23.16	0.01	139	321924	买盘
10:01:54	23.15	-0.01	78	180570	卖盘
10:01:51	23.16	--	3	6948	买盘
10:01:48	23.16	--	240	555840	买盘
10:01:45	23.16	--	20	46320	买盘
10:01:39	23.16	0.01	35	81060	买盘
10:01:30	23.15	0.01	2	4630	卖盘
10:01:27	23.14	--	8	18512	卖盘
10:01:24	23.14	--	79	182806	卖盘
10:01:21	23.14	-0.01	10	23140	卖盘
10:01:18	23.15	--	48	111120	买盘
10:01:12	23.15	0.01	2	4630	买盘
10:01:09	23.14	--	23	53222	买盘
10:01:06	23.14	0.01	10	23140	买盘
10:01:03	23.13	--	63	145719	卖盘
10:01:00	23.13	0.01	89	205857	买盘
10:00:57	23.12	-0.01	14	32368	卖盘
10:00:54	23.13	--	5	11565	买盘
10:00:51	23.13	--	22	50886	买盘
10:00:48	23.13	-0.01	123	284499	卖盘
10:00:45	23.14	--	79	182806	卖盘
10:00:42	23.14	--	30	69420	卖盘
10:00:36	23.14	--	7	16198	卖盘
10:00:33	23.14	--	39	90246	买盘
10:00:30	23.14	0.02	3	6942	买盘
10:00:27	23.12	-0.02	342	790704	卖盘
10:00:24	23.14	0.01	5	11570	买盘
10:00:21	23.13	0.01	62	143406	卖盘
10:00:18	23.12	--	51	119299	卖盘
10:00:15	23.12	-0.02	78	180336	卖盘
10:00:12	23.14	0.02	78	180492	买盘
10:00:09	23.12	-0.01	24	55488	卖盘
10:00:06	23.13	0.01	2	4626	买盘
10:00:03	23.12	-0.02	7	16184	卖盘
10:00:00	23.14	0.03	20	46280	卖盘
09:59:57	23.11	-0.03	182	420602	卖盘
09:59:54	23.14	--	10	23140	卖盘
09:59:51	23.14	--	18	41652	卖盘
09:59:48	23.14	0.03	137	317018	买盘
09:59:45	23.11	--	16	36976	卖盘
09:59:42	23.11	-0.01	150	346650	卖盘
09:59:39	23.12	--	1	2312	买盘
09:59:36	23.12	--	3	6936	买盘
09:59:33	23.12	0.02	17	39304	中性盘
09:59:30	23.1	-0.05	407	940170	卖盘
09:59:27	23.15	0.03	10	23150	买盘
09:59:24	23.12	-0.02	20	46240	卖盘
09:59:21	23.14	-0.01	8	18512	卖盘
09:59:18	23.15	0.05	33	76395	中性盘
09:59:15	23.1	-0.05	1571	3629010	卖盘
09:59:12	23.15	--	155	358825	卖盘
09:59:06	23.15	--	532	1231580	卖盘
09:59:03	23.15	-0.01	86	199090	卖盘
09:59:00	23.16	--	9	20844	买盘
09:58:57	23.16	--	1	2316	买盘
09:58:54	23.16	--	14	32424	买盘
09:58:51	23.16	--	34	78744	买盘
09:58:48	23.16	--	68	157488	买盘
09:58:45	23.16	--	201	465516	卖盘
09:58:42	23.16	0.01	35	81060	卖盘
09:58:39	23.15	-0.01	65	150475	卖盘
09:58:36	23.16	--	40	92640	卖盘
09:58:33	23.16	--	15	34740	卖盘
09:58:30	23.16	0.01	3	6948	卖盘
09:58:27	23.15	-0.01	80	185200	卖盘
09:58:24	23.16	--	1	2316	买盘
09:58:21	23.16	0.01	3	6948	中性盘
09:58:18	23.15	-0.03	149	344935	卖盘
09:58:12	23.18	0.02	20	46360	买盘
09:58:09	23.16	0.01	25	57900	买盘
09:58:06	23.15	-0.01	26	60189	卖盘
09:58:03	23.16	--	62	143592	买盘
09:58:00	23.16	--	48	111168	买盘
09:57:57	23.16	--	109	252444	买盘
09:57:54	23.16	--	43	99588	买盘
09:57:51	23.16	--	142	328872	卖盘
09:57:48	23.16	-0.01	8	18528	卖盘
09:57:45	23.17	0.01	135	312795	买盘
09:57:42	23.16	-0.01	31	71796	卖盘
09:57:39	23.17	--	27	62559	买盘
09:57:36	23.17	--	40	92680	买盘
09:57:33	23.17	0.01	23	53291	中性盘
09:57:30	23.16	--	96	222336	卖盘
09:57:27	23.16	-0.01	28	64848	卖盘
09:57:24	23.17	--	94	217798	买盘
09:57:21	23.17	--	211	488887	买盘
09:57:18	23.17	--	6	13902	买盘
09:57:15	23.17	-0.01	85	196945	卖盘
09:57:12	23.18	0.01	10	23180	买盘
09:57:09	23.17	--	66	152922	卖盘
09:57:06	23.17	-0.01	86	199262	卖盘
09:57:03	23.18	0.01	20	46360	买盘
09:57:00	23.17	-0.01	95	220115	卖盘
09:56:57	23.18	--	32	74176	买盘
09:56:54	23.18	--	20	46360	买盘
09:56:51	23.18	--	9	20862	买盘
09:56:48	23.18	--	5	11590	买盘
09:56:45	23.18	--	106	245986	卖盘
09:56:39	23.18	-0.02	2	4636	卖盘
09:56:36	23.2	--	117	271440	买盘
09:56:33	23.2	0.01	187	433840	买盘
09:56:30	23.19	-0.01	20	46380	卖盘
09:56:27	23.2	--	10	23200	买盘
09:56:24	23.2	0.02	12	27840	买盘
09:56:21	23.18	-0.02	101	234118	卖盘
09:56:18	23.2	--	44	102080	卖盘
09:56:15	23.2	--	7	16240	买盘
09:56:12	23.2	0.01	3	6960	买盘
09:56:09	23.19	-0.01	11	25509	卖盘
09:56:06	23.2	0.02	15	34800	买盘
09:55:57	23.18	--	11	25498	卖盘
09:55:54	23.18	--	0	2039	买盘
09:55:51	23.18	--	105	243390	买盘
09:55:48	23.18	--	8	18544	买盘
09:55:45	23.18	--	31	71858	买盘
09:55:42	23.18	--	17	39406	买盘
09:55:39	23.18	--	74	171532	卖盘
09:55:36	23.18	--	26	60268	卖盘
09:55:33	23.18	-0.01	3	6954	卖盘
09:55:30	23.19	--	12	27828	买盘
09:55:27	23.19	--	25	57975	买盘
09:55:24	23.19	-0.01	10	23190	买盘
09:55:21	23.2	0.03	23	53360	买盘
09:55:18	23.17	-0.03	430	996310	卖盘
09:55:15	23.2	--	13	30160	买盘
09:55:12	23.2	--	1	2320	买盘
09:55:09	23.2	--	10	23200	买盘
09:55:06	23.2	--	31	71920	买盘
09:55:03	23.2	--	73	169360	买盘
09:54:57	23.2	--	128	296960	卖盘
09:54:54	23.2	--	1	2320	卖盘
09:54:51	23.2	0.02	50	116000	买盘
09:54:42	23.18	-0.01	36	83448	卖盘
09:54:39	23.19	--	5	11595	买盘
09:54:33	23.19	--	18	41742	买盘
09:54:30	23.19	0.01	1	2319	买盘
09:54:27	23.18	-0.01	6	13908	卖盘
09:54:24	23.19	0.01	2	4638	买盘
09:54:21	23.18	--	3	6954	买盘
09:54:18	23.18	--	1	2318	买盘
09:54:15	23.18	--	4	9272	买盘
09:54:12	23.18	-0.01	302	700036	卖盘
09:54:09	23.19	--	16	37104	买盘
09:54:06	23.19	0.01	2	4638	买盘
09:54:03	23.18	--	40	92720	卖盘
09:54:00	23.18	0.01	1	2318	中性盘
09:53:54	23.17	-0.01	37	85729	卖盘
09:53:51	23.18	--	17	39406	买盘
09:53:48	23.18	0.01	104	241072	买盘
09:53:45	23.17	-0.01	201	466180	卖盘
09:53:42	23.18	0.01	10	23180	买盘
09:53:39	23.17	--	20	46340	卖盘
09:53:36	23.17	-0.01	5	11585	卖盘
09:53:33	23.18	0.01	15	34770	买盘
09:53:30	23.17	--	6	13902	卖盘
09:53:27	23.17	-0.01	20	48193	卖盘
09:53:24	23.18	0.01	38	88084	买盘
09:53:18	23.17	-0.01	24	55608	中性盘
09:53:15	23.18	0.01	46	106628	买盘
09:53:12	23.17	-0.01	74	173311	卖盘
09:53:09	23.18	--	58	134444	买盘
09:53:06	23.18	0.01	6	13908	买盘
09:53:03	23.17	--	7	16219	卖盘
09:53:00	23.17	-0.01	87	201579	卖盘
09:52:54	23.18	0.01	8	18544	买盘
09:52:51	23.17	--	49	113533	卖盘
09:52:48	23.17	0.02	68	158019	买盘
09:52:45	23.15	-0.01	76	175940	卖盘
09:52:42	23.16	--	6	13896	买盘
09:52:39	23.16	--	23	53268	买盘
09:52:36	23.16	0.01	6	13896	中性盘
09:52:33	23.15	-0.01	162	375030	卖盘
09:52:30	23.16	--	153	354348	卖盘
09:52:27	23.16	-0.01	12	27792	卖盘
09:52:24	23.17	0.01	1	2317	买盘
09:52:21	23.16	-0.02	123	286720	卖盘
09:52:18	23.18	0.01	23	53314	买盘
09:52:15	23.17	--	21	48657	卖盘
09:52:12	23.17	-0.01	1	2317	卖盘
09:52:09	23.18	0.01	2	4636	买盘
09:52:06	23.17	--	41	94997	卖盘
09:52:03	23.17	-0.02	86	199262	卖盘
09:51:54	23.19	--	42	97398	买盘
09:51:51	23.19	0.01	74	171606	买盘
09:51:45	23.18	-0.02	202	468236	卖盘
09:51:42	23.2	0.01	30	69600	买盘
09:51:39	23.19	-0.01	8	18552	卖盘
09:51:33	23.2	--	15	34800	买盘
09:51:30	23.2	0.01	5	11600	买盘
09:51:27	23.19	--	28	64932	卖盘
09:51:24	23.19	-0.01	168	390055	卖盘
09:51:21	23.2	-0.01	34	78880	卖盘
09:51:18	23.21	0.01	340	789140	买盘
09:51:15	23.2	-0.01	416	965120	卖盘
09:51:12	23.21	--	109	252989	买盘
09:51:09	23.21	--	94	218174	卖盘
09:51:06	23.21	--	15	34815	卖盘
09:51:03	23.21	-0.01	75	174075	卖盘
09:50:57	23.22	0.01	2	4644	买盘
09:50:54	23.21	--	3	6963	卖盘
09:50:51	23.21	--	22	51062	卖盘
09:50:45	23.21	--	2	4642	卖盘
09:50:42	23.21	0.01	10	23210	卖盘
09:50:39	23.2	-0.02	12	27840	卖盘
09:50:36	23.22	0.02	1	2322	买盘
09:50:33	23.2	--	18	41760	卖盘
09:50:30	23.2	0.02	74	171680	买盘
09:50:27	23.18	--	25	57950	卖盘
09:50:24	23.18	-0.02	24	55632	卖盘
09:50:21	23.2	0.02	5	11600	买盘
09:50:18	23.18	--	30	69540	卖盘
09:50:12	23.18	--	4	9272	买盘
09:50:09	23.18	0.02	32	74176	卖盘
09:50:06	23.16	--	559	1294644	卖盘
09:50:03	23.16	-0.02	132	305712	卖盘
09:50:00	23.18	0.02	25	57950	买盘
09:49:57	23.16	--	176	407616	卖盘
09:49:54	23.16	0.02	155	358980	卖盘
09:49:51	23.14	-0.04	200	462800	卖盘
09:49:48	23.18	--	29	67222	买盘
09:49:45	23.18	0.02	168	389424	买盘
09:49:42	23.16	-0.01	43	99588	卖盘
09:49:39	23.17	0.02	9	20853	中性盘
09:49:36	23.15	-0.01	146	337990	卖盘
09:49:33	23.16	-0.01	52	120432	卖盘
09:49:30	23.17	--	7	16219	卖盘
09:49:24	23.17	-0.01	15	34755	卖盘
09:49:21	23.18	-0.02	36	83448	卖盘
09:49:18	23.2	-0.04	103	238960	中性盘
09:49:15	23.24	0.03	14	32535	买盘
09:49:12	23.21	0.03	5	11605	中性盘
09:49:09	23.18	-0.07	300	695400	卖盘
09:49:06	23.25	--	136	316200	买盘
09:49:03	23.25	0.05	2	4650	买盘
09:49:00	23.2	-0.06	1522	3532385	卖盘
09:48:57	23.26	--	96	223296	卖盘
09:48:54	23.26	--	20	46520	买盘
09:48:51	23.26	--	3	6978	买盘
09:48:48	23.26	--	15	34890	买盘
09:48:45	23.26	--	28	65128	卖盘
09:48:42	23.26	-0.01	9	20934	卖盘
09:48:39	23.27	0.01	5	11635	买盘
09:48:33	23.26	-0.02	73	171658	卖盘
09:48:30	23.28	-0.01	71	165288	中性盘
09:48:27	23.29	0.01	124	288796	买盘
09:48:24	23.28	-0.01	129	300312	卖盘
09:48:21	23.29	--	41	95489	买盘
09:48:18	23.29	--	9	20961	买盘
09:48:15	23.29	--	180	419220	买盘
09:48:12	23.29	0.01	20	46580	买盘
09:48:03	23.28	-0.02	6	13968	卖盘
09:48:00	23.3	0.02	23	53590	买盘
09:47:57	23.28	-0.02	56	130368	卖盘
09:47:54	23.3	--	13	30290	卖盘
09:47:51	23.3	-0.01	64	150052	卖盘
09:47:48	23.31	0.01	87	202797	买盘
09:47:45	23.3	-0.01	7	16310	卖盘
09:47:42	23.31	--	112	261072	买盘
09:47:39	23.31	--	70	164568	买盘
09:47:33	23.31	0.01	14	32634	买盘
09:47:30	23.3	--	56	130480	卖盘
09:47:24	23.3	-0.01	6	13980	卖盘
09:47:21	23.31	--	16	37296	卖盘
09:47:18	23.31	-0.01	8	18648	卖盘
09:47:12	23.32	-0.01	6	13992	中性盘
09:47:03	23.33	--	21	48993	买盘
09:47:00	23.33	0.01	152	354616	买盘
09:46:57	23.32	--	6	13992	买盘
09:46:54	23.32	0.02	13	30316	中性盘
09:46:48	23.3	-0.02	24	55920	卖盘
09:46:45	23.32	--	1	2332	卖盘
09:46:42	23.32	-0.02	10	23320	卖盘
09:46:39	23.34	0.02	36	84024	买盘
09:46:36	23.32	--	5	11660	买盘
09:46:30	23.32	--	5	11660	买盘
09:46:27	23.32	-0.01	312	727584	卖盘
09:46:24	23.33	0.01	8	18664	买盘
09:46:18	23.32	-0.01	7	16324	卖盘
09:46:15	23.33	0.01	57	132981	买盘
09:46:03	23.32	0.02	18	41976	买盘
09:46:00	23.3	--	8	18640	卖盘
09:45:54	23.3	--	17	39610	卖盘
09:45:48	23.3	0.01	106	246980	买盘
09:45:45	23.29	-0.01	3	6987	卖盘
09:45:42	23.3	--	51	118830	买盘
09:45:33	23.3	0.02	2	4660	买盘
09:45:30	23.28	-0.02	9	20952	卖盘
09:45:27	23.3	0.02	10	23300	买盘
09:45:18	23.28	-0.02	5	11640	卖盘
09:45:15	23.3	0.02	13	30290	买盘
09:45:12	23.28	--	15	34920	卖盘
09:45:03	23.28	-0.02	27	62856	中性盘
09:45:00	23.3	0.03	5	11650	买盘
09:44:54	23.27	-0.03	20	47005	卖盘
09:44:51	23.3	--	5	11650	买盘
09:44:48	23.3	--	60	139800	买盘
09:44:42	23.3	0.05	10	23300	买盘
09:44:39	23.25	-0.05	210	488250	卖盘
09:44:36	23.3	0.02	270	629100	买盘
09:44:33	23.28	-0.03	415	966120	卖盘
09:44:30	23.31	-0.01	206	480186	卖盘
09:44:27	23.32	-0.01	8	18656	卖盘
09:44:24	23.33	0.01	2	4666	买盘
09:44:21	23.32	-0.01	31	72292	卖盘
09:44:15	23.33	0.01	7	16330	买盘
09:44:12	23.32	-0.01	1	2332	卖盘
09:44:09	23.33	0.01	13	30328	买盘
09:44:06	23.32	-0.01	10	23320	卖盘
09:44:03	23.33	-0.01	2	4666	买盘
09:43:57	23.34	0.01	54	126036	买盘
09:43:54	23.33	--	114	265962	卖盘
09:43:51	23.33	--	10	23330	卖盘
09:43:48	23.33	--	56	130647	卖盘
09:43:45	23.33	--	17	39661	卖盘
09:43:42	23.33	--	10	23330	卖盘
09:43:30	23.33	--	18	41994	卖盘
09:43:27	23.33	--	6	13997	卖盘
09:43:24	23.33	0.03	181	422272	买盘
09:43:21	23.3	--	11	27004	买盘
09:43:18	23.3	--	7	16310	买盘
09:43:15	23.3	-0.01	5	12605	卖盘
09:43:12	23.31	0.01	68	158508	买盘
09:43:09	23.3	--	15	34950	卖盘
09:43:06	23.3	--	17	39610	卖盘
09:43:03	23.3	-0.01	14	32620	卖盘
09:43:00	23.31	--	19	44289	买盘
09:42:57	23.31	-0.01	18	41958	买盘
09:42:54	23.32	--	10	23320	买盘
09:42:48	23.32	--	4	9328	买盘
09:42:45	23.32	0.02	4	9328	买盘
09:42:42	23.3	--	26	60580	卖盘
09:42:39	23.3	--	27	62910	卖盘
09:42:36	23.3	--	19	44270	卖盘
09:42:33	23.3	-0.02	40	93200	卖盘
09:42:27	23.32	--	5	11660	买盘
09:42:24	23.32	-0.01	204	475728	卖盘
09:42:21	23.33	0.01	5	11665	卖盘
09:42:18	23.32	-0.01	46	107272	卖盘
09:42:15	23.33	0.02	59	137647	买盘
09:42:12	23.31	-0.01	450	1048950	卖盘
09:42:09	23.32	--	32	74624	卖盘
09:42:06	23.32	--	1	2332	卖盘
09:42:00	23.32	-0.01	34	79288	卖盘
09:41:57	23.33	0.01	32	74656	买盘
09:41:54	23.32	0.01	3	6996	买盘
09:41:48	23.31	-0.01	38	88578	卖盘
09:41:45	23.32	0.01	8	18656	买盘
09:41:39	23.31	--	5	11655	卖盘
09:41:30	23.31	0.01	6	13986	买盘
09:41:27	23.3	-0.01	1	2330	卖盘
09:41:24	23.31	--	13	30303	买盘
09:41:21	23.31	0.01	45	104895	买盘
09:41:18	23.3	-0.01	11	25630	卖盘
09:41:15	23.31	0.01	7	16317	买盘
09:41:12	23.3	--	1	2330	卖盘
09:41:09	23.3	0.01	79	185444	买盘
09:41:03	23.29	--	12	27948	卖盘
09:41:00	23.29	--	10	23290	卖盘
09:40:57	23.29	-0.01	61	142069	卖盘
09:40:54	23.3	0.01	99	232534	买盘
09:40:51	23.29	0.01	20	46580	中性盘
09:40:48	23.28	-0.01	63	146664	卖盘
09:40:45	23.29	--	25	58225	卖盘
09:40:42	23.29	-0.01	10	23290	卖盘
09:40:39	23.3	0.01	35	81550	买盘
09:40:36	23.29	0.01	13	30277	中性盘
09:40:33	23.28	-0.01	280	651840	卖盘
09:40:30	23.29	--	30	69870	卖盘
09:40:27	23.29	--	7	16303	卖盘
09:40:24	23.29	-0.01	26	60554	卖盘
09:40:21	23.3	0.02	30	69900	买盘
09:40:18	23.28	0.01	8	18624	中性盘
09:40:15	23.27	-0.01	78	183111	卖盘
09:40:12	23.28	--	32	74496	卖盘
09:40:09	23.28	-0.02	19	44232	卖盘
09:40:00	23.3	--	42	97860	买盘
09:39:57	23.3	0.01	494	1151020	买盘
09:39:54	23.29	-0.01	2	4658	卖盘
09:39:51	23.3	0.02	64	149120	买盘
09:39:48	23.28	-0.02	264	614592	卖盘
09:39:45	23.3	--	4	9320	买盘
09:39:42	23.3	--	2	4660	买盘
09:39:39	23.3	-0.01	160	372800	卖盘
09:39:36	23.31	--	34	79254	买盘
09:39:33	23.31	--	18	41958	买盘
09:39:30	23.31	--	40	93240	买盘
09:39:24	23.31	-0.01	354	825174	卖盘
09:39:21	23.32	0.01	123	286836	买盘
09:39:18	23.31	--	2	4662	卖盘
09:39:15	23.31	-0.01	22	51282	卖盘
09:39:12	23.32	--	83	193556	买盘
09:39:09	23.32	--	1	2332	买盘
09:39:06	23.32	--	20	46640	买盘
09:39:03	23.32	0.01	11	25652	买盘
09:39:00	23.31	-0.01	45	104895	卖盘
09:38:57	23.32	--	5	11660	买盘
09:38:54	23.32	0.01	387	902484	买盘
09:38:51	23.31	-0.01	91	212121	卖盘
09:38:48	23.32	--	10	23320	买盘
09:38:45	23.32	--	11	25652	买盘
09:38:42	23.32	-0.02	194	452408	卖盘
09:38:39	23.34	--	5	11670	买盘
09:38:36	23.34	--	1	2334	买盘
09:38:30	23.34	--	11	25674	买盘
09:38:27	23.34	--	35	81690	卖盘
09:38:24	23.34	-0.01	7	16338	卖盘
09:38:21	23.35	-0.02	170	396950	卖盘
09:38:18	23.37	-0.01	17	39729	卖盘
09:38:15	23.38	0.01	55	128590	买盘
09:38:12	23.37	-0.01	8	18696	卖盘
09:38:09	23.38	--	2	4676	买盘
09:38:06	23.38	-0.02	121	282898	卖盘
09:38:00	23.4	-0.01	62	145080	卖盘
09:37:57	23.41	0.01	7	16387	买盘
09:37:54	23.4	-0.01	55	128699	卖盘
09:37:48	23.41	0.01	1	2341	买盘
09:37:45	23.4	-0.03	20	46800	中性盘
09:37:39	23.43	0.04	141	330363	买盘
09:37:36	23.39	-0.01	10	23390	卖盘
09:37:33	23.4	0.01	20	46800	中性盘
09:37:27	23.39	-0.06	28	65492	卖盘
09:37:24	23.45	0.06	25	58625	买盘
09:37:21	23.39	-0.01	11	25729	卖盘
09:37:15	23.4	-0.06	218	510119	卖盘
09:37:12	23.46	--	23	53958	买盘
09:37:09	23.46	-0.01	50	117300	中性盘
09:37:06	23.47	--	100	234700	买盘
09:37:03	23.47	--	268	628996	买盘
09:37:00	23.47	0.02	24	56328	买盘
09:36:57	23.45	-0.02	10	23450	卖盘
09:36:54	23.47	--	164	384908	卖盘
09:36:48	23.47	--	54	126738	卖盘
09:36:45	23.47	0.02	70	164290	买盘
09:36:42	23.45	0.06	69	161805	买盘
09:36:39	23.39	0.04	20	46780	卖盘
09:36:36	23.35	-0.05	20	46700	卖盘
09:36:33	23.4	0.05	14	32759	买盘
09:36:27	23.35	-0.01	40	93400	卖盘
09:36:24	23.36	0.01	13	30368	买盘
09:36:21	23.35	--	14	32690	卖盘
09:36:18	23.35	0.02	71	165785	买盘
09:36:12	23.33	-0.02	87	202970	卖盘
09:36:09	23.35	0.01	86	200810	买盘
09:36:06	23.34	--	37	86358	买盘
09:36:03	23.34	--	26	60684	买盘
09:36:00	23.34	0.03	100	233400	买盘
09:35:48	23.31	-0.02	113	263403	卖盘
09:35:45	23.33	--	22	51325	买盘
09:35:42	23.33	0.02	40	93320	买盘
09:35:39	23.31	-0.01	289	673659	卖盘
09:35:36	23.32	-0.01	110	256520	卖盘
09:35:33	23.33	0.02	48	111983	买盘
09:35:30	23.31	0.01	20	46620	买盘
09:35:27	23.3	-0.03	2	4660	卖盘
09:35:24	23.33	0.03	2	4666	买盘
09:35:21	23.3	--	76	177080	卖盘
09:35:18	23.3	-0.01	57	132810	卖盘
09:35:15	23.31	0.01	22	51282	买盘
09:35:12	23.3	-0.01	27	62910	卖盘
09:35:09	23.31	-0.03	122	284382	中性盘
09:35:00	23.34	--	93	217062	买盘
09:34:57	23.34	0.05	4	9336	中性盘
09:34:54	23.29	-0.06	12	27948	中性盘
09:34:51	23.35	0.08	5	11675	买盘
09:34:48	23.27	--	10	23270	卖盘
09:34:45	23.27	--	32	74464	卖盘
09:34:42	23.27	0.02	12	27924	买盘
09:34:39	23.25	--	3	6975	卖盘
09:34:36	23.25	-0.02	6	13950	中性盘
09:34:33	23.27	0.02	382	888914	买盘
09:34:30	23.25	--	261	606825	卖盘
09:34:27	23.25	0.02	75	175514	买盘
09:34:24	23.23	--	19	44137	买盘
09:34:21	23.23	0.01	4	9292	中性盘
09:34:18	23.22	-0.01	64	148608	卖盘
09:34:15	23.23	--	65	150995	卖盘
09:34:12	23.23	-0.02	61	141703	卖盘
09:34:09	23.25	0.02	80	186000	买盘
09:34:06	23.23	0.03	8	18584	买盘
09:34:03	23.2	-0.03	253	586960	卖盘
09:34:00	23.23	-0.02	550	1277650	卖盘
09:33:57	23.25	--	4	9300	卖盘
09:33:54	23.25	--	31	72075	卖盘
09:33:51	23.25	--	27	62775	买盘
09:33:48	23.25	0.02	12	27900	买盘
09:33:45	23.23	-0.03	80	185840	卖盘
09:33:42	23.26	-0.01	4	9304	买盘
09:33:39	23.27	0.02	42	97734	买盘
09:33:36	23.25	0.02	12	27900	中性盘
09:33:33	23.23	-0.04	37	85951	卖盘
09:33:30	23.27	0.02	5	11635	买盘
09:33:27	23.25	-0.03	471	1095075	卖盘
09:33:24	23.28	--	67	155976	卖盘
09:33:18	23.28	-0.01	52	121056	卖盘
09:33:15	23.29	--	11	25619	卖盘
09:33:12	23.29	-0.01	32	74760	卖盘
09:33:09	23.3	--	45	104850	买盘
09:33:06	23.3	-0.02	272	633760	卖盘
09:33:03	23.32	--	25	58300	卖盘
09:33:00	23.32	--	28	65296	卖盘
09:32:54	23.32	-0.02	19	44308	卖盘
09:32:51	23.34	0.02	1	2334	买盘
09:32:48	23.32	-0.03	200	466400	卖盘
09:32:45	23.35	0.01	8	18680	买盘
09:32:42	23.34	0.02	31	72354	中性盘
09:32:39	23.32	-0.02	226	527032	卖盘
09:32:36	23.34	--	14	32676	买盘
09:32:33	23.34	--	17	39678	买盘
09:32:30	23.34	--	55	128370	买盘
09:32:27	23.34	-0.01	17	39678	卖盘
09:32:24	23.35	0.01	81	189135	买盘
09:32:21	23.34	--	28	65352	卖盘
09:32:18	23.34	-0.01	33	77022	卖盘
09:32:15	23.35	0.01	31	72385	买盘
09:32:12	23.34	--	26	60684	卖盘
09:32:09	23.34	-0.01	182	424788	卖盘
09:32:06	23.35	--	51	119085	买盘
09:32:03	23.35	--	30	70050	买盘
09:32:00	23.35	--	98	228830	买盘
09:31:57	23.35	0.01	52	121420	买盘
09:31:51	23.34	-0.01	35	81690	卖盘
09:31:48	23.35	--	27	63045	买盘
09:31:45	23.35	0.01	24	56040	买盘
09:31:42	23.34	--	86	200724	卖盘
09:31:39	23.34	--	15	35010	卖盘
09:31:36	23.34	--	69	161979	买盘
09:31:33	23.34	--	203	473802	买盘
09:31:30	23.34	--	50	116700	买盘
09:31:27	23.34	0.01	15	35010	买盘
09:31:21	23.33	--	22	51325	买盘
09:31:18	23.33	0.01	148	345284	买盘
09:31:15	23.32	0.02	1	2332	卖盘
09:31:12	23.3	--	121	281930	卖盘
09:31:06	23.3	-0.02	19	44270	卖盘
09:31:00	23.32	0.02	140	326480	买盘
09:30:57	23.3	--	58	135140	买盘
09:30:54	23.3	--	36	83880	买盘
09:30:51	23.3	0.01	35	81550	买盘
09:30:48	23.29	--	10	23290	卖盘
09:30:45	23.29	--	28	65212	买盘
09:30:42	23.29	--	116	270164	买盘
09:30:39	23.29	0.01	30	69870	买盘
09:30:36	23.28	--	110	256080	卖盘
09:30:33	23.28	-0.01	21	48888	卖盘
09:30:30	23.29	--	48	111792	买盘
09:30:27	23.29	--	45	104805	买盘
09:30:21	23.29	0.01	15	34935	买盘
09:30:18	23.28	-0.01	5	11640	中性盘
09:30:15	23.29	--	39	90831	买盘
09:30:12	23.29	--	28	67308	买盘
09:30:09	23.29	--	63	146727	买盘
09:30:06	23.29	--	1160	2701640	买盘
09:30:03	23.29	-0.07	153	356337	卖盘
09:25:03	23.36	23.36	540	1261440	买盘
