成交时间	成交价	价格变动	成交量(手)	成交额(元)	性质
15:00:03	71.65	--	1189	8522695	买盘
14:57:03	71.65	--	13	93145	卖盘
14:57:00	71.65	-0.01	4	28660	中性盘
14:56:57	71.66	--	6	42996	买盘
14:56:54	71.66	0.01	12	85992	买盘
14:56:45	71.65	--	6	42990	买盘
14:56:42	71.65	0.06	5	35825	买盘
14:56:39	71.59	--	4	28636	卖盘
14:56:36	71.59	-0.06	160	1145440	卖盘
14:56:33	71.65	0.03	3	21495	买盘
14:56:30	71.62	0.05	20	143240	买盘
14:56:27	71.57	-0.01	8	57255	卖盘
14:56:24	71.58	0.01	2	14316	卖盘
14:56:21	71.57	--	10	71570	卖盘
14:56:18	71.57	-0.02	77	551089	卖盘
14:56:15	71.59	0.02	13	93067	买盘
14:56:12	71.57	--	3	21470	买盘
14:56:09	71.57	--	3	21470	买盘
14:56:06	71.57	--	17	121668	买盘
14:56:03	71.57	-0.08	90	644129	卖盘
14:55:57	71.65	0.06	143	1024595	买盘
14:55:54	71.59	--	12	85908	买盘
14:55:51	71.59	--	5	35795	买盘
14:55:48	71.59	--	21	150339	买盘
14:55:45	71.59	-0.01	22	157498	买盘
14:55:42	71.6	--	2	14319	买盘
14:55:39	71.6	0.04	12	85920	买盘
14:55:36	71.56	-0.04	40	286240	卖盘
14:55:33	71.6	0.04	2	14319	买盘
14:55:27	71.56	--	1	7156	卖盘
14:55:24	71.56	-0.04	37	264772	卖盘
14:55:21	71.6	0.01	3	21480	买盘
14:55:18	71.59	0.03	39	279201	买盘
14:55:15	71.56	0.01	5	35780	买盘
14:55:12	71.55	--	10	71550	卖盘
14:55:06	71.55	--	6	42930	卖盘
14:55:03	71.55	-0.01	31	221805	卖盘
14:55:00	71.56	--	15	107340	卖盘
14:54:57	71.56	0.02	7	50092	中性盘
14:54:54	71.54	--	24	173484	卖盘
14:54:51	71.54	-0.01	4	28616	卖盘
14:54:48	71.55	--	57	407835	买盘
14:54:45	71.55	--	36	257580	买盘
14:54:42	71.55	--	21	150255	买盘
14:54:39	71.55	0.01	13	93015	买盘
14:54:36	71.54	-0.01	4	28616	卖盘
14:54:33	71.55	--	40	286200	卖盘
14:54:27	71.55	-0.02	47	336285	卖盘
14:54:24	71.57	--	2	14313	买盘
14:54:21	71.57	0.01	183	1315027	买盘
14:54:18	71.56	--	4	28624	买盘
14:54:15	71.56	-0.01	38	271928	卖盘
14:54:12	71.57	-0.03	9	64412	卖盘
14:54:09	71.6	--	147	1058606	买盘
14:54:03	71.6	--	1	7159	买盘
14:54:00	71.6	0.01	11	78760	买盘
14:53:57	71.59	--	12	85908	买盘
14:53:54	71.59	-0.01	15	107385	中性盘
14:53:51	71.6	--	2	14319	买盘
14:53:45	71.6	-0.05	2	14319	中性盘
14:53:39	71.65	0.1	5	35825	买盘
14:53:36	71.55	-0.05	27	193185	卖盘
14:53:30	71.6	-0.05	13	93079	卖盘
14:53:27	71.65	0.11	8	57320	买盘
14:53:24	71.54	-0.11	160	1144640	卖盘
14:53:21	71.65	0.1	7	50155	买盘
14:53:12	71.55	--	7	50085	卖盘
14:53:09	71.55	-0.1	102	729810	卖盘
14:53:06	71.65	--	14	100310	买盘
14:53:00	71.65	--	3	21495	买盘
14:52:57	71.65	--	15	107475	买盘
14:52:51	71.65	0.1	56	401240	买盘
14:52:48	71.55	--	30	214650	买盘
14:52:45	71.55	--	1	7155	买盘
14:52:42	71.55	0.01	2	14310	买盘
14:52:39	71.54	-0.01	13	93002	卖盘
14:52:36	71.55	--	34	243270	买盘
14:52:33	71.55	--	11	78705	买盘
14:52:30	71.55	--	7	50085	买盘
14:52:27	71.55	0.01	173	1237815	买盘
14:52:24	71.54	-0.01	36	257544	卖盘
14:52:21	71.55	-0.01	140	1001700	卖盘
14:52:18	71.56	0.01	93	665508	买盘
14:52:15	71.55	--	120	865611	买盘
14:52:12	71.55	--	4	28620	买盘
14:52:09	71.55	0.01	9	64395	买盘
14:52:06	71.54	-0.02	29	207466	卖盘
14:52:03	71.56	0.01	6	42936	买盘
14:52:00	71.55	-0.01	30	214650	卖盘
14:51:57	71.56	0.01	1	7156	买盘
14:51:54	71.55	-0.01	17	121635	卖盘
14:51:51	71.56	0.01	31	221836	买盘
14:51:48	71.55	-0.01	4	28620	卖盘
14:51:45	71.56	--	5	35780	买盘
14:51:42	71.56	--	3	21468	买盘
14:51:39	71.56	0.02	40	286240	买盘
14:51:36	71.54	-0.01	26	186004	卖盘
14:51:33	71.55	--	2	14310	买盘
14:51:30	71.55	-0.01	46	329130	卖盘
14:51:27	71.56	--	10	71560	买盘
14:51:24	71.56	--	25	178900	买盘
14:51:21	71.56	-0.01	56	400736	卖盘
14:51:18	71.57	--	8	57255	卖盘
14:51:15	71.57	--	6	42941	卖盘
14:51:06	71.57	0.01	18	128825	买盘
14:51:03	71.56	-0.01	21	150276	中性盘
14:51:00	71.57	0.01	106	758641	买盘
14:50:57	71.56	0.03	17	121652	中性盘
14:50:54	71.53	-0.04	136	972808	卖盘
14:50:51	71.57	--	70	500989	买盘
14:50:48	71.57	--	5	35785	买盘
14:50:45	71.57	--	22	157453	买盘
14:50:42	71.57	--	11	78726	买盘
14:50:39	71.57	--	1	7156	买盘
14:50:36	71.57	-0.02	4	28627	买盘
14:50:33	71.59	-0.05	81	579879	卖盘
14:50:30	71.64	0.08	4	28656	买盘
14:50:27	71.56	--	5	35780	卖盘
14:50:24	71.56	--	3	21468	买盘
14:50:21	71.56	-0.04	75	542925	卖盘
14:50:15	71.6	--	11	78760	买盘
14:50:12	71.6	--	53	379479	买盘
14:50:09	71.6	0.04	24	176852	买盘
14:50:06	71.56	-0.01	11	78716	卖盘
14:50:03	71.57	0.01	51	365006	买盘
14:50:00	71.56	-0.01	16	114496	卖盘
14:49:57	71.57	-0.03	46	329221	卖盘
14:49:54	71.6	0.06	84	601440	买盘
14:49:45	71.54	-0.01	26	186004	卖盘
14:49:42	71.55	-0.05	12	85860	卖盘
14:49:36	71.6	0.02	64	458239	买盘
14:49:33	71.58	0.01	32	229056	买盘
14:49:30	71.57	-0.03	46	329221	卖盘
14:49:27	71.6	--	114	816239	卖盘
14:49:24	71.6	0.01	14	100239	卖盘
14:49:21	71.59	-0.07	14	100226	卖盘
14:49:18	71.66	0.06	5	35830	买盘
14:49:15	71.6	0.03	32	229119	买盘
14:49:12	71.57	-0.01	12	85883	卖盘
14:49:09	71.58	-0.02	8	57264	卖盘
14:49:06	71.6	-0.06	8	57279	买盘
14:49:03	71.66	0.06	31	222146	买盘
14:49:00	71.6	-0.03	62	443919	卖盘
14:48:57	71.63	--	5	35815	买盘
14:48:54	71.63	-0.02	4	28652	买盘
14:48:51	71.65	-0.03	25	179125	卖盘
14:48:48	71.68	-0.02	4	28672	买盘
14:48:45	71.7	0.02	26	186420	买盘
14:48:42	71.68	--	169	1211392	卖盘
14:48:39	71.68	-0.02	1	7168	卖盘
14:48:36	71.7	--	119	853230	卖盘
14:48:33	71.7	--	217	1555890	买盘
14:48:30	71.7	--	78	559260	买盘
14:48:27	71.7	0.02	5	35850	买盘
14:48:24	71.68	-0.01	114	817152	卖盘
14:48:21	71.69	-0.01	1	7169	卖盘
14:48:18	71.7	0.01	57	408690	买盘
14:48:15	71.69	-0.03	23	164887	卖盘
14:48:12	71.72	0.03	20	143440	买盘
14:48:09	71.69	-0.04	135	967815	卖盘
14:48:06	71.73	-0.01	10	71730	卖盘
14:48:03	71.74	0.05	59	423265	买盘
14:48:00	71.69	-0.05	245	1756405	卖盘
14:47:57	71.74	0.04	5	35870	买盘
14:47:54	71.7	-0.04	19	136230	卖盘
14:47:51	71.74	--	34	243915	买盘
14:47:48	71.74	0.02	21	150654	买盘
14:47:45	71.72	0.01	5	35860	中性盘
14:47:39	71.71	--	9	64538	卖盘
14:47:36	71.71	-0.01	51	365720	卖盘
14:47:33	71.72	--	3	21516	卖盘
14:47:30	71.72	0.01	8	57376	买盘
14:47:27	71.71	--	71	509140	卖盘
14:47:24	71.71	--	5	35855	卖盘
14:47:21	71.71	--	54	387233	卖盘
14:47:18	71.71	--	25	179274	买盘
14:47:15	71.71	0.01	115	824664	买盘
14:47:12	71.7	0.01	23	164910	买盘
14:47:09	71.69	-0.01	5	35845	卖盘
14:47:06	71.7	0.02	5	35850	买盘
14:47:00	71.68	-0.01	50	358400	卖盘
14:46:57	71.69	0.01	12	86028	买盘
14:46:54	71.68	-0.01	32	229376	卖盘
14:46:51	71.69	--	1	7169	买盘
14:46:48	71.69	0.01	6	43014	买盘
14:46:45	71.68	--	8	57344	中性盘
14:46:42	71.68	--	1	7168	卖盘
14:46:39	71.68	-0.01	1	7168	中性盘
14:46:36	71.69	0.08	23	164887	买盘
14:46:33	71.61	-0.08	51	365211	卖盘
14:46:30	71.69	0.02	37	265253	买盘
14:46:24	71.67	-0.02	30	215010	卖盘
14:46:21	71.69	--	3	21507	买盘
14:46:18	71.69	--	1	7169	买盘
14:46:15	71.69	--	1	7169	买盘
14:46:12	71.69	--	2	14338	买盘
14:46:09	71.69	0.08	11	78859	买盘
14:46:06	71.61	0.01	9	64449	卖盘
14:46:00	71.6	-0.02	8	57279	卖盘
14:45:57	71.62	-0.08	5	35810	卖盘
14:45:51	71.7	0.12	3	21510	买盘
14:45:45	71.58	--	11	78738	卖盘
14:45:33	71.58	-0.13	9	64422	卖盘
14:45:30	71.71	0.05	27	193616	买盘
14:45:27	71.66	-0.06	23	164818	卖盘
14:45:24	71.72	0.01	1	7172	买盘
14:45:21	71.71	--	1	7170	卖盘
14:45:18	71.71	--	25	179274	买盘
14:45:12	71.71	--	1	7170	买盘
14:45:09	71.71	--	1	7170	买盘
14:45:06	71.71	-0.01	1	7170	中性盘
14:45:03	71.72	--	1	7172	买盘
14:44:57	71.72	0.2	5	35860	中性盘
14:44:51	71.52	--	5	35760	卖盘
14:44:48	71.52	-0.02	19	135888	卖盘
14:44:45	71.54	0.02	19	135926	卖盘
14:44:42	71.52	-0.02	65	464880	卖盘
14:44:36	71.54	-0.21	4	28616	中性盘
14:44:33	71.75	0.24	100	717500	买盘
14:44:30	71.51	-0.03	51	364701	卖盘
14:44:27	71.54	--	13	93002	买盘
14:44:24	71.54	0.02	8	57232	买盘
14:44:21	71.52	0.01	16	114432	买盘
14:44:18	71.51	--	6	42906	卖盘
14:44:15	71.51	--	4	28604	卖盘
14:44:12	71.51	0.01	200	1430200	买盘
14:44:09	71.5	0.01	42	300300	买盘
14:44:06	71.49	-0.02	14	100086	卖盘
14:44:03	71.51	0.02	15	107265	买盘
14:44:00	71.49	-0.02	11	78639	卖盘
14:43:57	71.51	0.03	6	42906	买盘
14:43:51	71.48	0.01	27	192996	买盘
14:43:48	71.47	-0.01	13	92911	卖盘
14:43:45	71.48	--	7	50036	买盘
14:43:42	71.48	--	98	700504	买盘
14:43:39	71.48	--	4	28592	买盘
14:43:36	71.48	--	15	107220	买盘
14:43:33	71.48	-0.01	51	364548	卖盘
14:43:30	71.49	--	12	85788	买盘
14:43:27	71.49	--	6	42894	买盘
14:43:24	71.49	--	3	21447	买盘
14:43:21	71.49	--	8	57191	买盘
14:43:18	71.49	-0.02	14	100086	卖盘
14:43:09	71.51	--	1	7151	买盘
14:43:06	71.51	0.04	507	3625557	买盘
14:43:03	71.47	-0.01	27	192969	卖盘
14:43:00	71.48	--	1	7148	买盘
14:42:54	71.48	-0.01	5	35740	卖盘
14:42:51	71.49	0.01	33	235916	买盘
14:42:48	71.48	--	14	100072	卖盘
14:42:45	71.48	-0.01	16	114368	卖盘
14:42:42	71.49	0.01	3	21447	买盘
14:42:39	71.48	--	2	14296	买盘
14:42:36	71.48	0.02	5	35740	中性盘
14:42:33	71.46	-0.02	50	357299	卖盘
14:42:30	71.48	--	25	178700	卖盘
14:42:27	71.48	0.02	92	657616	买盘
14:42:24	71.46	--	12	85751	买盘
14:42:21	71.46	-0.02	10	71460	卖盘
14:42:18	71.48	--	2	14296	买盘
14:42:15	71.48	--	2	14296	买盘
14:42:12	71.48	--	25	178700	买盘
14:42:09	71.48	--	21	150108	买盘
14:42:06	71.48	-0.02	19	135812	卖盘
14:42:03	71.5	--	103	736450	买盘
14:42:00	71.5	--	3	21450	买盘
14:41:57	71.5	--	99	707850	卖盘
14:41:54	71.5	0.05	5	35750	买盘
14:41:51	71.45	-0.05	204	1457580	卖盘
14:41:48	71.5	0.05	14	100100	买盘
14:41:42	71.45	-0.06	397	2839923	卖盘
14:41:39	71.51	0.01	114	815214	买盘
14:41:36	71.5	--	10	71500	买盘
14:41:33	71.5	--	5	35750	买盘
14:41:27	71.5	--	6	42900	买盘
14:41:24	71.5	0.01	5	35750	买盘
14:41:21	71.49	-0.01	42	300258	买盘
14:41:18	71.5	--	10	71500	买盘
14:41:15	71.5	--	19	135850	买盘
14:41:12	71.5	0.01	91	650650	买盘
14:41:09	71.49	-0.01	10	71490	卖盘
14:41:06	71.5	--	18	128700	买盘
14:41:03	71.5	0.01	13	92950	买盘
14:41:00	71.49	-0.01	15	107234	卖盘
14:40:57	71.5	--	14	100100	买盘
14:40:54	71.5	--	26	185900	买盘
14:40:48	71.5	0.01	3	21450	买盘
14:40:45	71.49	-0.01	4	28595	卖盘
14:40:42	71.5	0.01	17	121550	中性盘
14:40:39	71.49	-0.01	107	764943	卖盘
14:40:36	71.5	--	3	21450	买盘
14:40:33	71.5	--	2	14300	卖盘
14:40:30	71.5	--	8	57200	卖盘
14:40:27	71.5	0.01	44	314600	买盘
14:40:24	71.49	0.01	1	7148	买盘
14:40:21	71.48	0.01	3	21444	买盘
14:40:18	71.47	--	5	35735	买盘
14:40:15	71.47	-0.04	68	485996	卖盘
14:40:12	71.51	0.04	10	71510	买盘
14:40:09	71.47	-0.03	3	21441	卖盘
14:40:06	71.5	0.01	9	64350	中性盘
14:40:00	71.49	0.03	1	7148	中性盘
14:39:57	71.46	--	115	821789	卖盘
14:39:54	71.46	-0.03	47	335861	卖盘
14:39:51	71.49	0.03	1	7148	买盘
14:39:48	71.46	--	3	21437	买盘
14:39:45	71.46	-0.03	3	21437	中性盘
14:39:42	71.49	0.03	16	114383	买盘
14:39:39	71.46	-0.03	28	200087	中性盘
14:39:33	71.49	0.03	12	85788	买盘
14:39:27	71.46	0.02	5	35730	中性盘
14:39:24	71.44	-0.01	134	957296	卖盘
14:39:18	71.45	0.01	4	28580	买盘
14:39:15	71.44	-0.02	18	128592	卖盘
14:39:12	71.46	0.01	99	707453	买盘
14:39:09	71.45	0.01	21	150045	买盘
14:39:06	71.44	-0.01	10	71440	卖盘
14:39:03	71.45	--	4	28580	买盘
14:39:00	71.45	--	6	42870	买盘
14:38:57	71.45	--	15	107175	卖盘
14:38:54	71.45	--	165	1178925	卖盘
14:38:51	71.45	-0.01	102	728790	卖盘
14:38:48	71.46	0.01	1	7145	买盘
14:38:45	71.45	-0.01	14	100030	卖盘
14:38:39	71.46	--	14	100043	买盘
14:38:36	71.46	--	117	836081	买盘
14:38:33	71.46	--	8	57167	买盘
14:38:30	71.46	-0.03	261	1865105	卖盘
14:38:27	71.49	--	103	736347	买盘
14:38:24	71.49	--	21	150129	卖盘
14:38:21	71.49	--	42	300258	卖盘
14:38:18	71.49	-0.01	61	436088	卖盘
14:38:15	71.5	0.01	32	228800	买盘
14:38:12	71.49	-0.01	81	579069	卖盘
14:38:09	71.5	--	74	529100	买盘
14:38:06	71.5	--	13	92950	买盘
14:38:00	71.5	-0.01	169	1214213	卖盘
14:37:57	71.51	0.01	10	71510	买盘
14:37:51	71.5	-0.01	70	500500	卖盘
14:37:48	71.51	-0.01	9	64359	卖盘
14:37:42	71.52	--	5	35760	买盘
14:37:36	71.52	-0.01	13	92976	卖盘
14:37:33	71.53	--	1	7153	买盘
14:37:30	71.53	--	310	2217430	买盘
14:37:27	71.53	--	3	21459	买盘
14:37:24	71.53	--	14	100142	买盘
14:37:21	71.53	--	2	14306	买盘
14:37:18	71.53	0.01	15	107295	买盘
14:37:15	71.52	-0.02	32	228864	卖盘
14:37:12	71.54	0.02	3	21462	买盘
14:37:09	71.52	--	9	64368	卖盘
14:37:06	71.52	-0.03	40	286080	卖盘
14:37:03	71.55	0.01	89	638082	买盘
14:37:00	71.54	0.02	23	164542	买盘
14:36:57	71.52	-0.03	54	386208	卖盘
14:36:54	71.55	0.01	67	479385	买盘
14:36:51	71.54	-0.01	8	57232	卖盘
14:36:45	71.55	--	27	193185	买盘
14:36:42	71.55	0.01	24	171720	买盘
14:36:39	71.54	-0.01	3	21462	中性盘
14:36:36	71.55	--	19	135945	买盘
14:36:33	71.55	0.02	73	522315	买盘
14:36:30	71.53	-0.01	13	92989	卖盘
14:36:27	71.54	-0.01	2	14308	中性盘
14:36:24	71.55	0.01	12	85860	买盘
14:36:21	71.54	0.01	21	150234	买盘
14:36:18	71.53	-0.02	125	894125	卖盘
14:36:15	71.55	--	9	64395	买盘
14:36:12	71.55	--	3	21465	买盘
14:36:09	71.55	-0.01	41	293355	卖盘
14:36:06	71.56	--	12	85872	买盘
14:36:03	71.56	--	11	78716	买盘
14:36:00	71.56	--	13	93028	买盘
14:35:57	71.56	--	6	42936	买盘
14:35:54	71.56	--	9	64404	买盘
14:35:51	71.56	--	1	7156	卖盘
14:35:45	71.56	--	4	28624	卖盘
14:35:42	71.56	0.03	5	35780	买盘
14:35:36	71.53	--	7	50071	卖盘
14:35:33	71.53	--	55	393415	买盘
14:35:30	71.53	--	13	92989	买盘
14:35:27	71.53	--	1	7153	买盘
14:35:24	71.53	--	23	164519	买盘
14:35:21	71.53	--	31	221743	买盘
14:35:18	71.53	--	18	128754	买盘
14:35:15	71.53	-0.02	3	21459	中性盘
14:35:12	71.55	--	5	35775	买盘
14:35:09	71.55	--	12	85860	买盘
14:35:06	71.55	--	56	400680	买盘
14:35:03	71.55	0.05	3	21465	买盘
14:34:57	71.5	--	5	35750	卖盘
14:34:54	71.5	--	18	128700	买盘
14:34:51	71.5	--	27	193050	买盘
14:34:48	71.5	0.01	28	200200	买盘
14:34:45	71.49	--	179	1279671	卖盘
14:34:42	71.49	--	102	729198	买盘
14:34:39	71.49	--	68	486131	买盘
14:34:36	71.49	--	9	64340	买盘
14:34:30	71.49	--	2	14297	买盘
14:34:27	71.49	--	15	107234	买盘
14:34:24	71.49	--	1	7148	买盘
14:34:21	71.49	0.03	37	264513	买盘
14:34:18	71.46	--	21	150066	买盘
14:34:15	71.46	--	14	100043	买盘
14:34:12	71.46	-0.04	79	564534	卖盘
14:34:09	71.5	0.05	2	14300	买盘
14:34:06	71.45	-0.05	10	71450	卖盘
14:34:03	71.5	--	3	21450	买盘
14:34:00	71.5	0.06	6	42900	买盘
14:33:57	71.44	-0.02	209	1493096	卖盘
14:33:54	71.46	-0.04	70	500219	中性盘
14:33:51	71.5	0.06	62	443300	买盘
14:33:48	71.44	--	44	314336	买盘
14:33:45	71.44	--	19	135736	买盘
14:33:42	71.44	--	232	1657408	卖盘
14:33:36	71.44	-0.06	4	28576	卖盘
14:33:33	71.5	0.06	14	100100	买盘
14:33:30	71.44	0.01	28	200032	买盘
14:33:27	71.43	-0.01	5	35715	买盘
14:33:24	71.44	--	46	328624	卖盘
14:33:21	71.44	--	7	50008	买盘
14:33:18	71.44	-0.02	47	335768	中性盘
14:33:15	71.46	0.03	15	107189	买盘
14:33:12	71.43	-0.03	10	71430	中性盘
14:33:09	71.46	--	188	1343447	买盘
14:33:06	71.46	0.01	49	350153	买盘
14:33:03	71.45	0.01	34	242930	买盘
14:33:00	71.44	-0.02	619	4427565	卖盘
14:32:57	71.46	--	11	78606	买盘
14:32:54	71.46	--	102	728891	买盘
14:32:51	71.46	0.02	26	185795	买盘
14:32:48	71.44	--	39	278616	卖盘
14:32:45	71.44	--	4	28576	卖盘
14:32:39	71.44	--	4	28576	卖盘
14:32:36	71.44	0.01	14	100016	买盘
14:32:33	71.43	-0.01	37	264291	卖盘
14:32:30	71.44	--	10	71440	买盘
14:32:27	71.44	-0.01	24	171456	卖盘
14:32:24	71.45	-0.01	8	57160	中性盘
14:32:21	71.46	--	329	2351034	买盘
14:32:18	71.46	0.02	54	385883	买盘
14:32:15	71.44	-0.02	33	235752	卖盘
14:32:12	71.46	--	33	235817	买盘
14:32:09	71.46	--	28	200087	买盘
14:32:06	71.46	0.01	12	85751	买盘
14:32:03	71.45	-0.02	124	885980	卖盘
14:32:00	71.47	--	132	943404	买盘
14:31:57	71.47	0.02	11	78617	买盘
14:31:54	71.45	-0.02	82	585890	卖盘
14:31:51	71.47	-0.03	23	164381	卖盘
14:31:48	71.5	0.02	20	143000	买盘
14:31:45	71.48	0.01	26	185848	买盘
14:31:42	71.47	--	11	78617	卖盘
14:31:39	71.47	--	4	28588	卖盘
14:31:36	71.47	0.01	10	71470	卖盘
14:31:33	71.46	--	17	121481	买盘
14:31:30	71.46	-0.01	10	71460	卖盘
14:31:27	71.47	--	55	393085	买盘
14:31:24	71.47	-0.01	18	128646	卖盘
14:31:21	71.48	0.01	18	128664	买盘
14:31:18	71.47	--	27	192969	买盘
14:31:15	71.47	-0.03	2	14294	中性盘
14:31:12	71.5	0.03	25	178750	买盘
14:31:09	71.47	-0.03	26	185822	卖盘
14:31:06	71.5	--	258	1844700	买盘
14:31:03	71.5	-0.02	50	362648	卖盘
14:31:00	71.52	--	164	1172928	买盘
14:30:57	71.52	0.01	183	1308816	买盘
14:30:54	71.51	--	476	3405878	卖盘
14:30:48	71.51	-0.01	142	1015442	卖盘
14:30:45	71.52	-0.01	37	264624	卖盘
14:30:42	71.53	-0.02	5	35765	中性盘
14:30:39	71.55	0.04	3	21465	中性盘
14:30:36	71.51	-0.06	81	579231	卖盘
14:30:33	71.57	--	1	7156	买盘
14:30:30	71.57	--	4	28627	买盘
14:30:27	71.57	0.01	5	35785	买盘
14:30:24	71.56	0.01	10	71560	卖盘
14:30:21	71.55	0.04	4	28620	买盘
14:30:18	71.51	-0.06	325	2324075	卖盘
14:30:15	71.57	--	29	207552	买盘
14:30:12	71.57	--	4	28627	卖盘
14:30:09	71.57	--	10	71570	买盘
14:30:06	71.57	0.02	26	186081	买盘
14:30:03	71.55	-0.04	51	364905	卖盘
14:30:00	71.59	--	13	93067	买盘
14:29:57	71.59	--	9	64431	买盘
14:29:54	71.59	0.03	12	85908	买盘
14:29:51	71.56	0.01	2	14312	中性盘
14:29:48	71.55	-0.02	67	479385	卖盘
14:29:45	71.57	-0.01	51	365006	卖盘
14:29:42	71.58	-0.01	6	42948	中性盘
14:29:39	71.59	--	50	357950	买盘
14:29:36	71.59	-0.01	16	114544	卖盘
14:29:33	71.6	--	5	35800	买盘
14:29:30	71.6	0.01	154	1102640	买盘
14:29:27	71.59	--	36	257724	卖盘
14:29:24	71.59	-0.01	11	78749	卖盘
14:29:21	71.6	0.01	4	28639	买盘
14:29:18	71.59	0.01	2	14318	卖盘
14:29:15	71.58	-0.02	14	100212	卖盘
14:29:12	71.6	0.02	135	966599	买盘
14:29:09	71.58	-0.01	91	651378	卖盘
14:29:06	71.59	-0.01	4	28636	卖盘
14:29:03	71.6	0.01	15	107399	买盘
14:29:00	71.59	-0.01	29	207611	卖盘
14:28:57	71.6	-0.05	281	2012317	卖盘
14:28:54	71.65	--	5	35825	卖盘
14:28:51	71.65	-0.05	21	150465	卖盘
14:28:48	71.7	--	2	14340	买盘
14:28:45	71.7	--	17	121890	买盘
14:28:42	71.7	--	126	903420	买盘
14:28:36	71.7	--	7	50190	买盘
14:28:33	71.7	0.05	13	93210	买盘
14:28:30	71.65	-0.05	4	28660	卖盘
14:28:27	71.7	--	27	194163	卖盘
14:28:24	71.7	--	39	286226	买盘
14:28:21	71.7	--	216	1548720	买盘
14:28:18	71.7	0.09	6	43020	买盘
14:28:15	71.61	-0.09	553	3960033	卖盘
14:28:12	71.7	-0.05	263	1885710	卖盘
14:28:09	71.75	--	28	200900	卖盘
14:28:06	71.75	-0.02	37	265475	卖盘
14:28:03	71.77	--	1	7177	买盘
14:28:00	71.77	--	20	143540	买盘
14:27:54	71.77	--	20	143540	买盘
14:27:51	71.77	--	2	14354	买盘
14:27:48	71.77	--	1	7177	买盘
14:27:42	71.77	--	2	14354	买盘
14:27:39	71.77	--	2	14354	买盘
14:27:36	71.77	0.06	2	14354	买盘
14:27:33	71.71	-0.07	1	7170	卖盘
14:27:27	71.78	0.07	10	71780	买盘
14:27:24	71.71	-0.07	6	43025	卖盘
14:27:21	71.78	--	10	71780	买盘
14:27:12	71.78	--	1	7178	买盘
14:27:09	71.78	0.07	1	7178	买盘
14:27:06	71.71	0.01	11	78881	卖盘
14:27:03	71.7	-0.01	22	157740	卖盘
14:26:57	71.71	0.01	4	28683	中性盘
14:26:45	71.7	--	4	28680	卖盘
14:26:42	71.7	--	1	7170	卖盘
14:26:39	71.7	--	105	752850	买盘
14:26:36	71.7	--	7	50190	买盘
14:26:33	71.7	--	10	71700	买盘
14:26:30	71.7	--	60	430200	买盘
14:26:27	71.7	--	56	401520	买盘
14:26:24	71.7	--	20	143400	买盘
14:26:21	71.7	--	2	14340	买盘
14:26:18	71.7	--	2	14340	买盘
14:26:15	71.7	--	2	14340	买盘
14:26:12	71.7	-0.08	162	1161540	卖盘
14:26:06	71.78	--	4	28712	买盘
14:26:00	71.78	0.04	1	7178	买盘
14:25:57	71.74	--	4	28695	卖盘
14:25:51	71.74	--	3	21522	买盘
14:25:48	71.74	0.02	6	43044	买盘
14:25:42	71.72	-0.02	4	28688	卖盘
14:25:39	71.74	0.02	1	7173	买盘
14:25:36	71.72	-0.02	7	50204	卖盘
14:25:30	71.74	0.05	1	7173	中性盘
14:25:24	71.69	-0.05	335	2401615	卖盘
14:25:18	71.74	-0.01	4	28695	中性盘
14:25:12	71.75	0.01	52	373100	买盘
14:25:09	71.74	0.01	1	7173	中性盘
14:25:03	71.73	-0.01	4	28692	中性盘
14:25:00	71.74	--	1	7173	买盘
14:24:57	71.74	0.03	8	57391	买盘
14:24:54	71.71	-0.04	24	172103	卖盘
14:24:45	71.75	--	4	28700	买盘
14:24:42	71.75	--	2	14350	买盘
14:24:36	71.75	--	10	71750	买盘
14:24:33	71.75	-0.03	167	1198225	卖盘
14:24:30	71.78	0.01	6	43068	买盘
14:24:27	71.77	-0.01	2	14354	卖盘
14:24:24	71.78	--	7	50246	买盘
14:24:21	71.78	--	2	14356	买盘
14:24:18	71.78	--	18	129204	卖盘
14:24:15	71.78	-0.02	4	28712	卖盘
14:24:09	71.8	0.02	5	35900	买盘
14:24:06	71.78	-0.02	10	71780	卖盘
14:24:03	71.8	--	4	28720	买盘
14:23:57	71.8	0.01	9	64620	买盘
14:23:48	71.79	--	2	14358	买盘
14:23:45	71.79	--	1	7179	买盘
14:23:42	71.79	-0.01	16	114864	中性盘
14:23:36	71.8	--	46	330280	买盘
14:23:33	71.8	--	2	14360	买盘
14:23:27	71.8	--	2	14360	买盘
14:23:21	71.8	-0.05	126	908198	卖盘
14:23:18	71.85	-0.01	4	28739	卖盘
14:23:15	71.86	--	2	18036	买盘
14:23:12	71.86	--	2	14372	买盘
14:23:09	71.86	0.01	1	7186	买盘
14:23:06	71.85	--	4	28739	卖盘
14:23:03	71.85	--	2	14369	卖盘
14:23:00	71.85	--	1	7184	卖盘
14:22:57	71.85	0.07	55	395174	买盘
14:22:54	71.78	--	2	14356	买盘
14:22:48	71.78	--	14	100492	买盘
14:22:45	71.78	-0.06	4	28712	卖盘
14:22:39	71.84	0.04	11	79024	买盘
14:22:36	71.8	--	1	7180	卖盘
14:22:33	71.8	--	3	21540	买盘
14:22:30	71.8	-0.06	6	43080	中性盘
14:22:24	71.86	0.06	5	35930	买盘
14:22:18	71.8	--	8	57440	买盘
14:22:15	71.8	-0.07	22	157960	卖盘
14:22:12	71.87	0.03	56	402472	买盘
14:22:09	71.84	-0.01	1	7184	卖盘
14:22:06	71.85	-0.01	7	50294	卖盘
14:22:03	71.86	--	2	14372	买盘
14:22:00	71.86	0.01	30	215580	买盘
14:21:54	71.85	--	7	50294	买盘
14:21:51	71.85	--	2	14369	卖盘
14:21:48	71.85	--	3	21555	买盘
14:21:45	71.85	0.01	2	14369	中性盘
14:21:42	71.84	-0.02	16	114944	卖盘
14:21:39	71.86	--	1	7186	买盘
14:21:36	71.86	0.01	24	172464	买盘
14:21:33	71.85	0.01	3	21555	买盘
14:21:27	71.84	--	9	64656	卖盘
14:21:24	71.84	0.01	2	14368	卖盘
14:21:18	71.83	0.09	4	28732	买盘
14:21:15	71.74	--	5	35870	卖盘
14:21:09	71.74	-0.09	40	286960	卖盘
14:21:06	71.83	-0.01	22	158026	卖盘
14:21:03	71.84	-0.03	2	14368	中性盘
14:20:57	71.87	0.01	135	970245	买盘
14:20:51	71.86	--	1	7186	买盘
14:20:45	71.86	--	3	21558	买盘
14:20:42	71.86	--	14	100604	卖盘
14:20:39	71.86	--	4	28744	卖盘
14:20:36	71.86	-0.01	3	21558	卖盘
14:20:33	71.87	--	103	740261	买盘
14:20:30	71.87	--	10	71870	买盘
14:20:27	71.87	-0.07	168	1207990	卖盘
14:20:18	71.94	0.04	1	7194	买盘
14:20:15	71.9	--	20	143800	卖盘
14:20:12	71.9	-0.04	19	136610	卖盘
14:20:09	71.94	0.04	7	56976	买盘
14:20:06	71.9	0.01	56	402640	买盘
14:20:00	71.89	--	61	438529	买盘
14:19:57	71.89	--	5	35945	买盘
14:19:54	71.89	0.03	14	100646	买盘
14:19:48	71.86	--	3	21558	卖盘
14:19:45	71.86	--	6	43116	卖盘
14:19:39	71.86	--	2	14372	买盘
14:19:36	71.86	--	2	14372	卖盘
14:19:33	71.86	--	4	28744	买盘
14:19:30	71.86	--	3	21558	买盘
14:19:27	71.86	--	45	323370	中性盘
14:19:21	71.86	0.13	2	14372	买盘
14:19:15	71.73	0.03	4	28692	中性盘
14:19:09	71.7	--	23	168064	买盘
14:19:06	71.7	--	8	57360	买盘
14:19:03	71.7	--	12	86040	买盘
14:19:00	71.7	--	4	28680	买盘
14:18:57	71.7	--	6	43020	买盘
14:18:54	71.7	-0.17	312	2240194	卖盘
14:18:51	71.87	0.07	7	50309	买盘
14:18:48	71.8	-0.07	5	35900	卖盘
14:18:45	71.87	-0.01	51	366537	中性盘
14:18:36	71.88	0.01	9	64691	买盘
14:18:33	71.87	-0.01	3	21561	买盘
14:18:30	71.88	--	2	14376	买盘
14:18:27	71.88	-0.01	54	388152	卖盘
14:18:24	71.89	0.01	6	43134	买盘
14:18:18	71.88	0.18	47	337836	买盘
14:18:15	71.7	--	4	28680	卖盘
14:18:09	71.7	--	5	35850	卖盘
14:18:06	71.7	--	4	28680	卖盘
14:18:03	71.7	0.05	179	1287445	买盘
14:18:00	71.65	--	11	78815	买盘
14:17:57	71.65	-0.05	494	3542662	卖盘
14:17:54	71.7	-0.09	158	1132860	卖盘
14:17:51	71.79	0.09	18	129222	买盘
14:17:48	71.7	--	12	86040	买盘
14:17:45	71.7	--	13	93210	买盘
14:17:42	71.7	--	101	724170	买盘
14:17:39	71.7	0.02	1	7170	买盘
14:17:36	71.68	-0.02	56	401408	卖盘
14:17:33	71.7	0.02	30	215100	买盘
14:17:30	71.68	-0.01	16	114688	卖盘
14:17:27	71.69	-0.01	14	100366	卖盘
14:17:24	71.7	0.01	54	387180	买盘
14:17:21	71.69	0.01	3	21507	中性盘
14:17:18	71.68	--	52	372736	卖盘
14:17:15	71.68	-0.01	11	78848	中性盘
14:17:12	71.69	0.01	73	523337	买盘
14:17:09	71.68	--	2	14336	中性盘
14:17:06	71.68	-0.02	4	28672	中性盘
14:17:03	71.7	0.02	72	516240	买盘
14:17:00	71.68	--	13	93184	卖盘
14:16:57	71.68	--	4	28672	卖盘
14:16:48	71.68	--	1	7168	买盘
14:16:45	71.68	--	3	21504	卖盘
14:16:39	71.68	0.01	1	7168	买盘
14:16:36	71.67	--	4	28668	卖盘
14:16:33	71.67	--	20	143340	卖盘
14:16:30	71.67	--	7	50169	卖盘
14:16:27	71.67	--	39	283526	买盘
14:16:24	71.67	--	7	50169	买盘
14:16:21	71.67	--	40	286680	买盘
14:16:15	71.67	--	12	86004	买盘
14:16:06	71.67	--	2	14334	买盘
14:16:03	71.67	-0.01	48	347169	卖盘
14:16:00	71.68	-0.01	8	61358	卖盘
14:15:57	71.69	0.01	52	372788	买盘
14:15:54	71.68	--	5	35840	买盘
14:15:51	71.68	--	5	35840	买盘
14:15:48	71.68	0.01	2	14336	买盘
14:15:45	71.67	0.01	4	28668	中性盘
14:15:42	71.66	-0.02	103	738098	卖盘
14:15:39	71.68	--	26	186368	买盘
14:15:36	71.68	--	10	71680	买盘
14:15:33	71.68	0.02	62	444416	买盘
14:15:30	71.66	--	15	107490	卖盘
14:15:27	71.66	-0.02	5	35830	卖盘
14:15:24	71.68	0.02	8	57344	买盘
14:15:15	71.66	--	4	28664	卖盘
14:15:12	71.66	0.01	27	193482	买盘
14:15:09	71.65	0.01	1	7165	买盘
14:15:06	71.64	-0.02	4	28656	卖盘
14:15:03	71.66	0.02	25	179150	买盘
14:15:00	71.64	-0.02	18	128952	卖盘
14:14:57	71.66	--	17	121822	买盘
14:14:54	71.66	-0.03	33	236478	卖盘
14:14:51	71.69	0.04	2	14338	买盘
14:14:48	71.65	-0.01	130	931450	卖盘
14:14:45	71.66	-0.02	6	42996	卖盘
14:14:42	71.68	0.02	2	14336	买盘
14:14:39	71.66	--	51	365466	卖盘
14:14:36	71.66	0.01	7	50162	中性盘
14:14:30	71.65	-0.01	66	477762	卖盘
14:14:27	71.66	--	32	229312	买盘
14:14:24	71.66	--	19	136154	买盘
14:14:21	71.66	--	5	35830	买盘
14:14:18	71.66	--	43	310431	卖盘
14:14:15	71.66	-0.04	25	179150	卖盘
14:14:12	71.7	0.05	2	14340	买盘
14:14:09	71.65	--	55	398947	买盘
14:14:06	71.65	--	6	42990	买盘
14:14:03	71.65	--	3	21495	买盘
14:14:00	71.65	--	5	35825	买盘
14:13:57	71.65	-0.07	438	3140562	卖盘
14:13:54	71.72	0.02	10	71720	中性盘
14:13:45	71.7	--	14	100380	卖盘
14:13:42	71.7	--	9	64530	卖盘
14:13:36	71.7	0.02	25	179250	买盘
14:13:30	71.68	-0.02	18	129024	卖盘
14:13:27	71.7	0.02	9	64530	买盘
14:13:24	71.68	--	0	4874	卖盘
14:13:21	71.68	-0.02	1	7168	卖盘
14:13:18	71.7	--	6	43020	买盘
14:13:15	71.7	--	56	401520	买盘
14:13:12	71.7	--	2	14340	买盘
14:13:09	71.7	--	14	100380	买盘
14:13:06	71.7	-0.05	29	207930	卖盘
14:13:03	71.75	0.05	29	208075	买盘
14:13:00	71.7	-0.02	122	874740	卖盘
14:12:57	71.72	--	4	28688	卖盘
14:12:54	71.72	0.02	3	21516	中性盘
14:12:51	71.7	-0.03	1	7170	卖盘
14:12:45	71.73	0.03	16	114768	买盘
14:12:42	71.7	--	2	14340	买盘
14:12:39	71.7	0.02	2	14340	买盘
14:12:36	71.68	--	5	35840	卖盘
14:12:30	71.68	-0.02	7	50176	卖盘
14:12:27	71.7	0.04	3	21510	买盘
14:12:24	71.66	-0.04	11	78826	卖盘
14:12:21	71.7	0.04	8	57360	买盘
14:12:18	71.66	--	3	21498	卖盘
14:12:15	71.66	0.01	4	28664	中性盘
14:12:12	71.65	--	225	1612125	买盘
14:12:09	71.65	--	40	286600	买盘
14:12:06	71.65	--	55	394075	买盘
14:12:03	71.65	--	44	315260	买盘
14:12:00	71.65	0.03	14	100310	买盘
14:11:57	71.62	-0.03	60	429720	卖盘
14:11:54	71.65	--	5	35825	买盘
14:11:51	71.65	--	4	28660	买盘
14:11:48	71.65	--	8	57320	买盘
14:11:45	71.65	--	5	35825	买盘
14:11:42	71.65	--	5	35825	买盘
14:11:39	71.65	0.02	12	85980	买盘
14:11:36	71.63	-0.02	5	35815	卖盘
14:11:33	71.65	0.02	109	780985	买盘
14:11:30	71.63	-0.01	18	128933	卖盘
14:11:27	71.64	-0.01	9	64476	卖盘
14:11:24	71.65	--	3	21495	买盘
14:11:21	71.65	0.05	42	300930	买盘
14:11:18	71.6	-0.05	129	923639	卖盘
14:11:15	71.65	0.01	8	57320	买盘
14:11:12	71.64	--	1	7164	卖盘
14:11:09	71.64	--	1	7164	卖盘
14:11:06	71.64	-0.01	5	35820	卖盘
14:11:03	71.65	0.01	11	78815	买盘
14:11:00	71.64	--	7	50148	卖盘
14:10:57	71.64	0.01	8	57312	中性盘
14:10:54	71.63	--	14	100282	卖盘
14:10:48	71.63	--	7	50141	卖盘
14:10:45	71.63	-0.02	5	35815	中性盘
14:10:42	71.65	0.05	2	14330	买盘
14:10:39	71.6	-0.04	364	2609891	卖盘
14:10:36	71.64	--	4	28656	卖盘
14:10:33	71.64	0.01	30	214920	中性盘
14:10:30	71.63	0.03	10	71630	卖盘
14:10:27	71.6	-0.03	330	2367668	卖盘
14:10:21	71.63	--	1	7163	卖盘
14:10:18	71.63	--	1	7163	卖盘
14:10:15	71.63	-0.02	34	243541	中性盘
14:10:12	71.65	0.02	55	394075	买盘
14:10:09	71.63	0.01	3	21489	买盘
14:10:06	71.62	-0.01	58	415396	卖盘
14:10:00	71.63	-0.02	3	21489	中性盘
14:09:57	71.65	--	8	57320	买盘
14:09:54	71.65	0.03	26	186290	买盘
14:09:48	71.62	-0.03	39	279318	卖盘
14:09:45	71.65	0.03	1	7165	买盘
14:09:42	71.62	-0.03	2	14324	卖盘
14:09:39	71.65	0.02	8	57320	买盘
14:09:36	71.63	-0.01	73	522898	中性盘
14:09:33	71.64	0.01	3	21492	卖盘
14:09:30	71.63	-0.02	15	107445	卖盘
14:09:24	71.65	--	6	42990	买盘
14:09:21	71.65	--	9	64485	买盘
14:09:15	71.65	0.05	1	7165	中性盘
14:09:12	71.6	-0.05	510	3651599	卖盘
14:09:09	71.65	-0.01	3	21495	卖盘
14:09:00	71.66	--	1	7166	买盘
14:08:57	71.66	0.04	21	150486	中性盘
14:08:45	71.62	-0.04	25	179050	卖盘
14:08:42	71.66	-0.04	5	35830	买盘
14:08:39	71.7	--	1	7170	买盘
14:08:36	71.7	0.04	19	136230	买盘
14:08:33	71.66	--	15	107490	卖盘
14:08:30	71.66	-0.04	1	12970	卖盘
14:08:27	71.7	0.09	5	35850	买盘
14:08:21	71.61	-0.09	500	3580500	卖盘
14:08:18	71.7	-0.02	12	86040	卖盘
14:08:15	71.72	-0.01	8	57376	卖盘
14:08:12	71.73	0.01	4	28692	买盘
14:08:09	71.72	0.06	6	43032	中性盘
14:08:03	71.66	-0.06	407	2916562	卖盘
14:07:57	71.72	--	1	7172	中性盘
14:07:51	71.72	-0.02	2	14344	买盘
14:07:48	71.74	0.03	1	7173	买盘
14:07:45	71.71	-0.01	10	71710	卖盘
14:07:42	71.72	-0.03	6	48626	卖盘
14:07:33	71.75	0.02	7	50225	买盘
14:07:30	71.73	-0.01	7	50211	卖盘
14:07:27	71.74	-0.01	4	28695	卖盘
14:07:24	71.75	--	1	7175	买盘
14:07:18	71.75	-0.03	27	193725	卖盘
14:07:15	71.78	0.02	1	7178	买盘
14:07:12	71.76	-0.02	1	7176	买盘
14:07:09	71.78	--	2	14356	买盘
14:07:06	71.78	0.02	4	28712	买盘
14:07:03	71.76	-0.02	6	43056	买盘
14:07:00	71.78	-0.01	20	143560	买盘
14:06:54	71.79	-0.01	32	229728	卖盘
14:06:51	71.8	0.01	3	21540	买盘
14:06:45	71.79	-0.01	11	78969	卖盘
14:06:42	71.8	0.01	3	21540	买盘
14:06:39	71.79	--	6	43074	卖盘
14:06:36	71.79	--	8	57432	卖盘
14:06:30	71.79	--	6	43074	卖盘
14:06:27	71.79	0.04	4	28716	卖盘
14:06:24	71.75	-0.04	5	35875	买盘
14:06:21	71.79	0.06	12	86148	买盘
14:06:15	71.73	-0.06	20	143460	卖盘
14:06:12	71.79	--	3	21537	买盘
14:06:06	71.79	--	6	43074	买盘
14:06:03	71.79	--	34	244086	买盘
14:05:54	71.79	0.02	2	14358	买盘
14:05:48	71.77	0.03	2	14354	买盘
14:05:45	71.74	-0.03	8	57391	卖盘
14:05:42	71.77	0.03	1	7177	买盘
14:05:36	71.74	-0.03	4	28695	卖盘
14:05:33	71.77	0.06	2	14354	买盘
14:05:30	71.71	-0.04	20	143420	卖盘
14:05:27	71.75	--	4	28700	卖盘
14:05:24	71.75	0.01	2	14350	买盘
14:05:21	71.74	0.04	4	29485	买盘
14:05:15	71.7	--	27	193590	卖盘
14:05:12	71.7	--	1	7170	卖盘
14:05:09	71.7	-0.04	1	7170	卖盘
14:05:06	71.74	0.04	3	21522	买盘
14:05:00	71.7	--	34	243780	买盘
14:04:57	71.7	0.01	8	57360	买盘
14:04:51	71.69	--	5	35845	卖盘
14:04:45	71.69	--	5	35845	卖盘
14:04:42	71.69	0.02	3	21507	买盘
14:04:39	71.67	0.01	1	7167	中性盘
14:04:36	71.66	0.01	5	35830	中性盘
14:04:30	71.65	-0.01	47	336755	卖盘
14:04:27	71.66	0.01	18	128988	买盘
14:04:24	71.65	-0.01	8	57320	卖盘
14:04:21	71.66	0.01	1	7166	买盘
14:04:18	71.65	--	1	7165	卖盘
14:04:15	71.65	--	5	35825	卖盘
14:04:09	71.65	--	3	21495	卖盘
14:04:06	71.65	0.01	24	171960	买盘
14:04:03	71.64	--	214	1535460	卖盘
14:04:00	71.64	-0.01	13	93132	卖盘
14:03:57	71.65	--	16	114640	买盘
14:03:54	71.65	--	3	21495	买盘
14:03:51	71.65	--	5	35825	买盘
14:03:48	71.65	--	17	121805	买盘
14:03:45	71.65	--	15	107475	买盘
14:03:42	71.65	--	5	35825	买盘
14:03:39	71.65	0.01	23	164795	买盘
14:03:36	71.64	--	2	20274	卖盘
14:03:33	71.64	--	57	408348	卖盘
14:03:30	71.64	-0.01	21	150444	卖盘
14:03:27	71.65	--	13	93145	买盘
14:03:24	71.65	--	11	78815	买盘
14:03:21	71.65	0.01	16	114640	买盘
14:03:18	71.64	--	4	28656	卖盘
14:03:15	71.64	-0.01	1	7164	卖盘
14:03:12	71.65	--	25	179125	买盘
14:03:09	71.65	--	5	35825	买盘
14:03:06	71.65	--	17	121805	买盘
14:03:03	71.65	0.02	2	14330	买盘
14:03:00	71.63	--	8	57304	卖盘
14:02:54	71.63	-0.02	9	64466	卖盘
14:02:51	71.65	--	7	50155	买盘
14:02:48	71.65	0.02	30	214950	买盘
14:02:45	71.63	-0.02	12	85956	卖盘
14:02:42	71.65	0.02	2	14330	买盘
14:02:39	71.63	-0.02	2	14326	卖盘
14:02:36	71.65	0.02	11	78815	中性盘
14:02:33	71.63	-0.01	264	1891031	卖盘
14:02:30	71.64	-0.02	9	64476	卖盘
14:02:27	71.66	--	122	874252	买盘
14:02:24	71.66	0.01	3	21498	买盘
14:02:21	71.65	--	10	71650	卖盘
14:02:18	71.65	--	5	35825	卖盘
14:02:15	71.65	-0.01	16	114640	卖盘
14:02:12	71.66	--	2	14332	买盘
14:02:09	71.66	--	1	7166	买盘
14:02:06	71.66	-0.03	200	1433200	卖盘
14:02:03	71.69	0.01	2	14338	买盘
14:02:00	71.68	--	17	121856	卖盘
14:01:54	71.68	--	2	14336	卖盘
14:01:51	71.68	-0.01	10	71680	卖盘
14:01:48	71.69	--	23	164887	买盘
14:01:45	71.69	--	4	28676	卖盘
14:01:42	71.69	--	14	100366	卖盘
14:01:39	71.69	0.01	2	14338	卖盘
14:01:33	71.68	-0.02	9	64512	卖盘
14:01:30	71.7	--	22	157740	卖盘
14:01:27	71.7	-0.01	30	215100	卖盘
14:01:21	71.71	--	23	164933	买盘
14:01:18	71.71	-0.02	12	86051	卖盘
14:01:15	71.73	--	1	7173	买盘
14:01:12	71.73	--	3	21519	买盘
14:01:09	71.73	--	1	7173	买盘
14:01:00	71.73	-0.02	31	222363	卖盘
14:00:57	71.75	--	3	21525	买盘
14:00:54	71.75	0.01	2	14350	中性盘
14:00:51	71.74	-0.02	38	272612	卖盘
14:00:48	71.76	0.02	64	459264	买盘
14:00:45	71.74	0.01	4	28695	中性盘
14:00:42	71.73	--	59	423207	卖盘
14:00:39	71.73	-0.01	31	222363	卖盘
14:00:36	71.74	0.01	5	35870	中性盘
14:00:33	71.73	-0.01	8	57384	卖盘
14:00:30	71.74	-0.02	37	265438	卖盘
14:00:27	71.76	-0.01	31	222456	卖盘
14:00:21	71.77	--	1	7177	买盘
14:00:18	71.77	0.01	2	14354	买盘
14:00:15	71.76	-0.01	14	100464	卖盘
14:00:12	71.77	--	2	14354	买盘
14:00:09	71.77	--	22	157894	买盘
14:00:06	71.77	-0.03	52	373491	卖盘
14:00:03	71.8	0.02	10	78692	买盘
14:00:00	71.78	-0.02	6	43355	卖盘
13:59:54	71.8	0.02	20	143600	买盘
13:59:51	71.78	-0.02	85	610130	卖盘
13:59:45	71.8	-0.06	23	165140	卖盘
13:59:42	71.86	0.06	1	7186	买盘
13:59:39	71.8	--	100	718000	买盘
13:59:36	71.8	0.02	25	179500	买盘
13:59:30	71.78	-0.01	12	86136	卖盘
13:59:27	71.79	-0.01	1	7179	卖盘
13:59:24	71.8	--	12	86160	买盘
13:59:21	71.8	--	25	179500	买盘
13:59:18	71.8	-0.06	147	1055460	卖盘
13:59:15	71.86	-0.04	9	64674	卖盘
13:59:12	71.9	0.04	16	115040	买盘
13:59:09	71.86	--	39	280254	买盘
13:59:00	71.86	--	1	7186	买盘
13:58:57	71.86	--	12	86232	卖盘
13:58:48	71.86	-0.03	14	100604	卖盘
13:58:45	71.89	--	11	79079	买盘
13:58:42	71.89	--	4	28756	买盘
13:58:36	71.89	-0.01	6	43134	买盘
13:58:30	71.9	--	11	79665	卖盘
13:58:27	71.9	--	5	35950	卖盘
13:58:24	71.9	--	25	186436	买盘
13:58:21	71.9	--	14	100660	买盘
13:58:15	71.9	0.03	22	158180	买盘
13:58:09	71.87	-0.03	32	229984	卖盘
13:58:06	71.9	0.03	34	244460	买盘
13:58:00	71.87	-0.01	8	57496	卖盘
13:57:57	71.88	--	4	28752	卖盘
13:57:54	71.88	--	1	7188	卖盘
13:57:45	71.88	--	8	57504	买盘
13:57:36	71.88	--	4	28752	买盘
13:57:33	71.88	-0.02	1	7188	中性盘
13:57:27	71.9	0.03	5	35950	买盘
13:57:24	71.87	-0.03	500	3593500	卖盘
13:57:21	71.9	--	6	43140	买盘
13:57:18	71.9	0.01	101	726190	买盘
13:57:15	71.89	-0.01	9	64701	卖盘
13:57:12	71.9	0.01	7	50330	买盘
13:57:09	71.89	--	11	79079	卖盘
13:57:06	71.89	-0.01	33	237237	卖盘
13:57:03	71.9	0.01	1	7190	买盘
13:57:00	71.89	-0.01	24	172536	卖盘
13:56:54	71.9	--	67	482233	卖盘
13:56:51	71.9	--	79	568010	卖盘
13:56:48	71.9	--	20	143800	卖盘
13:56:45	71.9	0.01	65	474036	买盘
13:56:42	71.89	--	1	7189	卖盘
13:56:39	71.89	-0.01	10	71890	卖盘
13:56:36	71.9	0.01	29	208510	买盘
13:56:30	71.89	-0.01	18	129402	卖盘
13:56:27	71.9	0.01	1	7190	买盘
13:56:24	71.89	-0.01	12	86268	卖盘
13:56:21	71.9	--	2	14380	买盘
13:56:15	71.9	--	1	7190	买盘
13:56:12	71.9	--	3	21570	买盘
13:56:03	71.9	0.01	8	57520	买盘
13:56:00	71.89	--	9	64701	卖盘
13:55:57	71.89	-0.01	4	28756	卖盘
13:55:54	71.9	0.01	2	14380	买盘
13:55:51	71.89	--	1	7189	卖盘
13:55:45	71.89	--	4	28756	卖盘
13:55:42	71.89	--	6	43134	卖盘
13:55:39	71.89	--	2	14378	卖盘
13:55:36	71.89	--	5	35945	卖盘
13:55:33	71.89	--	2	14378	卖盘
13:55:30	71.89	0.01	15	107835	买盘
13:55:27	71.88	--	10	71880	卖盘
13:55:24	71.88	-0.01	8	57504	卖盘
13:55:18	71.89	--	32	230048	买盘
13:55:15	71.89	--	5	35945	买盘
13:55:09	71.89	--	19	136591	卖盘
13:55:06	71.89	--	5	35945	卖盘
13:55:00	71.89	-0.01	7	50323	卖盘
13:54:54	71.9	--	205	1475675	卖盘
13:54:51	71.9	-0.01	12	86280	卖盘
13:54:45	71.91	--	11	79101	买盘
13:54:39	71.91	--	7	50337	买盘
13:54:36	71.91	-0.01	21	156979	卖盘
13:54:33	71.92	0.01	6	43152	买盘
13:54:30	71.91	-0.01	7	50337	卖盘
13:54:27	71.92	--	13	93496	买盘
13:54:21	71.92	0.01	5	35960	买盘
13:54:12	71.91	-0.01	44	317842	卖盘
13:54:09	71.92	0.01	1	7192	买盘
13:54:06	71.91	-0.01	4	28764	卖盘
13:54:03	71.92	0.01	2	14384	买盘
13:54:00	71.91	--	31	229896	买盘
13:53:57	71.91	-0.01	8	57528	买盘
13:53:54	71.92	-0.01	17	122479	卖盘
13:53:51	71.93	0.01	1	7193	买盘
13:53:48	71.92	--	4	35744	卖盘
13:53:45	71.92	0.01	4	28768	卖盘
13:53:42	71.91	--	7	50337	中性盘
13:53:39	71.91	--	21	151011	卖盘
13:53:36	71.91	--	4	28764	卖盘
13:53:33	71.91	--	1	7191	卖盘
13:53:27	71.91	-0.04	10	71910	卖盘
13:53:24	71.95	0.04	29	208655	买盘
13:53:21	71.91	-0.04	199	1431009	卖盘
13:53:12	71.95	--	31	223045	买盘
13:53:09	71.95	0.02	9	64755	买盘
13:53:06	71.93	-0.02	4	28772	卖盘
13:53:03	71.95	0.02	2	14390	买盘
13:53:00	71.93	-0.02	7	50351	卖盘
13:52:57	71.95	0.01	16	115120	买盘
13:52:54	71.94	-0.01	19	136686	卖盘
13:52:51	71.95	-0.01	1	7195	卖盘
13:52:45	71.96	--	5	35980	买盘
13:52:42	71.96	--	2	14391	买盘
13:52:36	71.96	--	11	79156	卖盘
13:52:33	71.96	-0.01	7	50371	卖盘
13:52:30	71.97	-0.02	6	43182	中性盘
13:52:27	71.99	--	21	151179	买盘
13:52:24	71.99	--	1	7198	买盘
13:52:21	71.99	0.02	3	21597	买盘
13:52:18	71.97	0.01	7	50379	买盘
13:52:15	71.96	0.02	13	93547	中性盘
13:52:12	71.94	--	6	43164	买盘
13:52:09	71.94	--	25	179850	买盘
13:52:06	71.94	--	21	151074	买盘
13:52:03	71.94	--	15	107910	卖盘
13:51:57	71.94	--	6	43164	卖盘
13:51:54	71.94	--	7	50358	买盘
13:51:45	71.94	--	17	122298	买盘
13:51:42	71.94	--	3	21582	买盘
13:51:39	71.94	0.02	10	71940	买盘
13:51:36	71.92	-0.02	4	28768	卖盘
13:51:30	71.94	--	9	64746	买盘
13:51:24	71.94	--	4	28776	买盘
13:51:21	71.94	-0.06	57	410058	卖盘
13:51:15	72.0	--	10	72000	买盘
13:51:12	72.0	0.04	26	187200	买盘
13:51:09	71.96	-0.04	5	35980	卖盘
13:51:06	72.0	--	21	151200	买盘
13:51:00	72.0	-0.02	83	597600	卖盘
13:50:54	72.02	--	1	7202	买盘
13:50:51	72.02	-0.01	1	7202	买盘
13:50:45	72.03	0.02	71	511413	买盘
13:50:42	72.01	-0.01	6	48966	卖盘
13:50:39	72.02	--	6	43212	卖盘
13:50:36	72.02	0.01	14	100828	中性盘
13:50:33	72.01	--	1	7201	卖盘
13:50:30	72.01	-0.02	7	50407	卖盘
13:50:27	72.03	-0.03	10	72030	中性盘
13:50:21	72.06	--	9	64854	买盘
13:50:18	72.06	0.05	2	14412	买盘
13:50:15	72.01	--	4	30244	买盘
13:50:12	72.01	0.01	10	72010	买盘
13:50:09	72.0	-0.06	113	819360	卖盘
13:50:06	72.06	0.05	30	216180	买盘
13:50:03	72.01	-0.04	26	187226	中性盘
13:50:00	72.05	0.04	68	489940	买盘
13:49:57	72.01	--	1	7201	卖盘
13:49:48	72.01	0.01	68	491108	买盘
13:49:45	72.0	0.06	30	216000	买盘
13:49:42	71.94	-0.06	20	143880	中性盘
13:49:39	72.0	0.1	115	828000	买盘
13:49:36	71.9	-0.04	14	100660	卖盘
13:49:33	71.94	0.04	6	43164	买盘
13:49:30	71.9	-0.09	1	7190	卖盘
13:49:27	71.99	0.03	23	165577	买盘
13:49:24	71.96	0.06	1	7195	买盘
13:49:18	71.9	0.02	24	178024	买盘
13:49:15	71.88	-0.02	4	28752	卖盘
13:49:12	71.9	--	1	7190	买盘
13:49:09	71.9	0.02	2	14380	买盘
13:49:06	71.88	-0.02	15	107820	卖盘
13:49:03	71.9	0.02	79	568010	买盘
13:49:00	71.88	-0.02	8	57504	卖盘
13:48:57	71.9	--	7	50330	买盘
13:48:54	71.9	--	3	21570	买盘
13:48:51	71.9	-0.1	169	1216835	卖盘
13:48:48	72.0	0.09	156	1123200	买盘
13:48:45	71.91	--	2	14382	买盘
13:48:42	71.91	--	3	21573	买盘
13:48:39	71.91	-0.07	30	215730	卖盘
13:48:36	71.98	--	34	244732	买盘
13:48:30	71.98	-0.02	4	28792	中性盘
13:48:27	72.0	0.04	100	720000	买盘
13:48:24	71.96	-0.02	41	295036	卖盘
13:48:21	71.98	--	1	7198	买盘
13:48:18	71.98	0.07	1	7198	买盘
13:48:15	71.91	--	32	230112	买盘
13:48:12	71.91	--	19	136629	卖盘
13:48:06	71.91	-0.05	1	7191	卖盘
13:48:03	71.96	--	1	7195	买盘
13:48:00	71.96	-0.01	4	28783	卖盘
13:47:57	71.97	0.01	4	28788	卖盘
13:47:54	71.96	0.01	1	7195	买盘
13:47:48	71.95	0.05	1	7195	买盘
13:47:45	71.9	--	4	28760	卖盘
13:47:42	71.9	--	60	436864	买盘
13:47:39	71.9	--	2	14380	买盘
13:47:36	71.9	--	67	481730	买盘
13:47:33	71.9	--	5	35950	买盘
13:47:30	71.9	0.01	25	179750	买盘
13:47:27	71.89	-0.01	1	7189	卖盘
13:47:18	71.9	0.01	1	7190	买盘
13:47:15	71.89	--	5	35945	卖盘
13:47:06	71.89	--	6	43134	买盘
13:47:03	71.89	0.01	12	86268	买盘
13:47:00	71.88	0.01	11	79068	卖盘
13:46:54	71.87	-0.02	1	7187	卖盘
13:46:48	71.89	0.01	8	57512	买盘
13:46:45	71.88	--	15	107820	买盘
13:46:42	71.88	-0.01	20	143760	卖盘
13:46:39	71.89	0.01	10	71890	买盘
13:46:36	71.88	-0.01	5	35940	卖盘
13:46:33	71.89	0.01	1	7189	买盘
13:46:30	71.88	--	7	50316	卖盘
13:46:27	71.88	-0.01	4	28752	卖盘
13:46:24	71.89	0.02	1	7189	买盘
13:46:15	71.87	-0.02	4	28748	卖盘
13:46:12	71.89	0.02	14	100646	买盘
13:46:06	71.87	0.01	28	208351	买盘
13:46:03	71.86	-0.01	1	7186	卖盘
13:46:00	71.87	--	13	93431	买盘
13:45:57	71.87	--	2	14374	买盘
13:45:54	71.87	--	6	43122	买盘
13:45:48	71.87	0.01	7	50309	买盘
13:45:45	71.86	--	4	28744	卖盘
13:45:39	71.86	-0.04	7	50373	卖盘
13:45:33	71.9	--	1	7190	买盘
13:45:30	71.9	0.04	66	474540	买盘
13:45:27	71.86	-0.04	4	28744	卖盘
13:45:24	71.9	--	8	57520	买盘
13:45:18	71.9	--	5	35950	买盘
13:45:15	71.9	0.04	14	100660	买盘
13:45:12	71.86	-0.04	11	79046	卖盘
13:45:09	71.9	0.04	26	186940	买盘
13:45:06	71.86	0.01	38	280182	买盘
13:45:03	71.85	-0.05	11	79106	卖盘
13:45:00	71.9	0.04	12	86280	买盘
13:44:57	71.86	--	4	28744	卖盘
13:44:54	71.86	-0.01	48	344928	卖盘
13:44:51	71.87	0.01	12	86244	买盘
13:44:48	71.86	0.05	38	280182	买盘
13:44:45	71.81	-0.01	2	14362	卖盘
13:44:42	71.82	0.01	1	7181	买盘
13:44:39	71.81	-0.01	9	64629	卖盘
13:44:33	71.82	-0.01	2	14363	中性盘
13:44:24	71.83	0.01	5	35915	买盘
13:44:21	71.82	--	65	466829	卖盘
13:44:18	71.82	-0.02	7	50273	卖盘
13:44:15	71.84	0.01	29	208336	买盘
13:44:12	71.83	--	16	114928	买盘
13:44:06	71.83	-0.01	11	79013	卖盘
13:44:03	71.84	0.01	2	14368	买盘
13:44:00	71.83	-0.01	6	43098	卖盘
13:43:51	71.84	--	14	100576	买盘
13:43:48	71.84	--	22	158048	卖盘
13:43:45	71.84	-0.01	28	201152	卖盘
13:43:39	71.85	--	1	7184	买盘
13:43:36	71.85	-0.02	2	14441	卖盘
13:43:33	71.87	0.01	2	14374	买盘
13:43:30	71.86	0.01	9	64674	中性盘
13:43:27	71.85	-0.01	4	28739	卖盘
13:43:24	71.86	0.01	28	201208	买盘
13:43:21	71.85	--	2	14369	卖盘
13:43:15	71.85	-0.01	4	28739	卖盘
13:43:12	71.86	0.01	1	7186	买盘
13:43:06	71.85	--	4	28739	卖盘
13:43:00	71.85	-0.02	36	265773	卖盘
13:42:57	71.87	0.01	5	35935	买盘
13:42:54	71.86	--	3	21558	卖盘
13:42:45	71.86	--	6	43116	卖盘
13:42:36	71.86	--	4	28744	卖盘
13:42:30	71.86	-0.02	39	280254	卖盘
13:42:27	71.88	--	4	34071	买盘
13:42:24	71.88	0.01	11	79068	买盘
13:42:18	71.87	--	18	129366	卖盘
13:42:15	71.87	-0.01	25	179675	卖盘
13:42:12	71.88	--	1	7188	买盘
13:42:03	71.88	-0.01	4	30620	买盘
13:42:00	71.89	0.01	25	179725	买盘
13:41:57	71.88	--	3	21564	卖盘
13:41:51	71.88	--	2	14376	买盘
13:41:48	71.88	-0.01	5	35940	买盘
13:41:45	71.89	0.02	30	215670	买盘
13:41:42	71.87	-0.02	16	114992	卖盘
13:41:39	71.89	0.01	1	7189	买盘
13:41:36	71.88	0.01	22	158136	买盘
13:41:30	71.87	--	9	64683	卖盘
13:41:27	71.87	-0.01	5	35935	卖盘
13:41:24	71.88	0.01	1	7188	买盘
13:41:21	71.87	-0.01	5	35935	卖盘
13:41:18	71.88	0.01	2	14376	买盘
13:41:15	71.87	-0.01	1	7187	卖盘
13:41:12	71.88	--	11	79068	买盘
13:41:09	71.88	-0.01	13	93444	买盘
13:41:06	71.89	--	3	21567	买盘
13:41:03	71.89	--	1	7189	买盘
13:41:00	71.89	--	10	71890	买盘
13:40:57	71.89	--	3	21567	买盘
13:40:54	71.89	--	2	19697	卖盘
13:40:48	71.89	--	2	16247	买盘
13:40:45	71.89	--	2	19697	卖盘
13:40:39	71.89	0.04	24	174405	买盘
13:40:36	71.85	--	1	7184	买盘
13:40:33	71.85	-0.04	38	273030	卖盘
13:40:27	71.89	--	1	7189	买盘
13:40:21	71.89	0.06	10	71890	买盘
13:40:18	71.83	--	2	14366	卖盘
13:40:15	71.83	-0.02	55	395065	卖盘
13:40:12	71.85	0.02	4	28739	买盘
13:40:09	71.83	--	2	14366	卖盘
13:40:06	71.83	--	4	28732	卖盘
13:39:57	71.83	0.01	10	71830	卖盘
13:39:54	71.82	-0.01	3	21545	卖盘
13:39:51	71.83	--	2	14366	买盘
13:39:48	71.83	-0.01	1	7183	买盘
13:39:45	71.84	0.03	1	7184	中性盘
13:39:42	71.81	-0.02	13	93353	卖盘
13:39:39	71.83	--	1	7183	买盘
13:39:36	71.83	-0.02	3	21549	中性盘
13:39:27	71.85	0.04	6	43110	买盘
13:39:24	71.81	-0.04	3	21543	卖盘
13:39:21	71.85	-0.03	12	86220	中性盘
13:39:18	71.88	0.01	2	14376	买盘
13:39:15	71.87	--	4	28748	卖盘
13:39:12	71.87	0.08	11	79057	买盘
13:39:06	71.79	--	5	35895	卖盘
13:39:00	71.79	-0.01	7	50253	卖盘
13:38:57	71.8	--	9	71512	买盘
13:38:54	71.8	--	13	93340	买盘
13:38:51	71.8	--	30	215400	买盘
13:38:45	71.8	--	3	21540	买盘
13:38:42	71.8	--	2	14360	买盘
13:38:39	71.8	--	1	7180	买盘
13:38:36	71.8	--	2	14360	买盘
13:38:33	71.8	--	10	71800	买盘
13:38:30	71.8	--	1	7180	买盘
13:38:27	71.8	--	18	129527	卖盘
13:38:24	71.8	-0.08	10	71800	卖盘
13:38:15	71.88	0.08	20	143760	买盘
13:38:09	71.8	0.02	85	617192	买盘
13:38:06	71.78	-0.02	7	50246	买盘
13:38:00	71.8	--	40	287200	买盘
13:37:57	71.8	--	14	100520	买盘
13:37:54	71.8	0.01	140	1005200	买盘
13:37:51	71.79	--	3	21537	买盘
13:37:45	71.79	-0.01	7	50253	中性盘
13:37:39	71.8	--	31	222580	买盘
13:37:36	71.8	0.07	5	35900	买盘
13:37:33	71.73	-0.01	97	695781	卖盘
13:37:30	71.74	-0.02	22	157828	卖盘
13:37:27	71.76	--	17	121992	买盘
13:37:24	71.76	--	1	7176	买盘
13:37:21	71.76	0.02	8	57408	买盘
13:37:18	71.74	0.01	6	43044	买盘
13:37:15	71.73	-0.03	16	114768	卖盘
13:37:12	71.76	0.02	10	71760	买盘
13:37:09	71.74	0.01	4	28695	买盘
13:37:06	71.73	--	1	7173	中性盘
13:37:00	71.73	-0.03	3	21519	中性盘
13:36:54	71.76	--	2	14352	买盘
13:36:48	71.76	0.06	6	43056	买盘
13:36:42	71.7	-0.06	16	114720	卖盘
13:36:39	71.76	--	1	7176	买盘
13:36:36	71.76	0.05	39	279864	中性盘
13:36:33	71.71	0.01	3	21512	买盘
13:36:30	71.7	0.02	15	107550	买盘
13:36:27	71.68	-0.02	13	93184	卖盘
13:36:24	71.7	--	2	14340	买盘
13:36:15	71.7	0.02	6	43020	买盘
13:36:12	71.68	0.02	2	14336	买盘
13:36:09	71.66	--	14	100324	买盘
13:36:06	71.66	--	5	35830	买盘
13:36:03	71.66	0.02	1	7166	买盘
13:36:00	71.64	--	7	50148	卖盘
13:35:54	71.64	-0.02	10	71640	卖盘
13:35:51	71.66	0.02	2	14332	买盘
13:35:48	71.64	-0.01	12	85968	卖盘
13:35:45	71.65	--	15	107475	买盘
13:35:42	71.65	0.02	2	14330	买盘
13:35:36	71.63	-0.02	6	42978	卖盘
13:35:33	71.65	0.02	5	35825	买盘
13:35:30	71.63	-0.01	9	64466	卖盘
13:35:27	71.64	0.01	2	14328	买盘
13:35:24	71.63	--	18	128933	卖盘
13:35:21	71.63	--	25	179075	卖盘
13:35:15	71.63	0.01	15	107445	买盘
13:35:12	71.62	-0.01	17	121754	卖盘
13:35:09	71.63	--	8	57304	买盘
13:35:03	71.63	--	1	7163	买盘
13:34:57	71.63	-0.02	14	100282	卖盘
13:34:54	71.65	0.02	2	14330	买盘
13:34:51	71.63	-0.02	14	100282	卖盘
13:34:48	71.65	--	26	186290	买盘
13:34:45	71.65	--	4	28660	买盘
13:34:42	71.65	--	61	437065	买盘
13:34:39	71.65	--	5	35825	买盘
13:34:36	71.65	--	2	14330	买盘
13:34:30	71.65	--	18	128970	买盘
13:34:27	71.65	0.01	32	229280	买盘
13:34:24	71.64	-0.01	26	186264	卖盘
13:34:21	71.65	--	174	1246710	买盘
13:34:18	71.65	0.01	10	71650	买盘
13:34:12	71.64	-0.01	1	7164	卖盘
13:34:09	71.65	--	70	501550	买盘
13:34:06	71.65	--	11	78815	买盘
13:34:03	71.65	--	39	279435	买盘
13:33:57	71.65	--	110	788150	卖盘
13:33:54	71.65	-0.03	6	42990	卖盘
13:33:51	71.68	--	1	7168	买盘
13:33:48	71.68	0.03	3	21504	买盘
13:33:42	71.65	-0.03	10	71650	卖盘
13:33:39	71.68	0.03	1	7168	买盘
13:33:36	71.65	--	5	35825	卖盘
13:33:33	71.65	--	10	71650	卖盘
13:33:27	71.65	--	4	28660	卖盘
13:33:24	71.65	--	49	352947	买盘
13:33:18	71.65	0.01	2	14330	买盘
13:33:15	71.64	-0.01	10	71640	卖盘
13:33:12	71.65	--	126	902790	买盘
13:33:09	71.65	0.01	30	214950	买盘
13:33:06	71.64	-0.01	11	78804	中性盘
13:33:03	71.65	--	2	14330	买盘
13:33:00	71.65	--	109	780985	买盘
13:32:57	71.65	--	32	229280	买盘
13:32:54	71.65	0.01	1	7165	买盘
13:32:51	71.64	-0.01	5	35820	卖盘
13:32:48	71.65	--	2	14330	买盘
13:32:39	71.65	--	2	14330	买盘
13:32:36	71.65	--	3	21495	买盘
13:32:30	71.65	0.01	28	200620	买盘
13:32:27	71.64	-0.01	34	243576	中性盘
13:32:21	71.65	0.02	3	21495	买盘
13:32:15	71.63	-0.02	12	85956	卖盘
13:32:12	71.65	0.02	10	71650	买盘
13:32:06	71.63	0.01	14	100282	中性盘
13:32:03	71.62	--	12	85944	卖盘
13:32:00	71.62	-0.01	14	100268	卖盘
13:31:54	71.63	-0.02	2	14326	卖盘
13:31:48	71.65	0.02	14	100310	买盘
13:31:45	71.63	-0.02	1	7163	中性盘
13:31:42	71.65	0.02	10	71650	买盘
13:31:39	71.63	--	4	28652	买盘
13:31:36	71.63	0.01	39	279357	买盘
13:31:33	71.62	--	1	7162	买盘
13:31:30	71.62	--	25	179050	买盘
13:31:27	71.62	--	1	7162	买盘
13:31:24	71.62	0.01	7	50134	中性盘
13:31:21	71.61	-0.01	39	279279	卖盘
13:31:18	71.62	--	4	28648	卖盘
13:31:15	71.62	-0.03	10	71620	卖盘
13:31:09	71.65	--	2	14330	买盘
13:31:06	71.65	0.02	12	85980	买盘
13:31:03	71.63	0.01	1	7163	买盘
13:31:00	71.62	-0.03	34	243508	卖盘
13:30:57	71.65	--	13	93145	买盘
13:30:54	71.65	--	16	114640	买盘
13:30:51	71.65	-0.14	81	580365	卖盘
13:30:48	71.79	0.09	10	71790	买盘
13:30:45	71.7	--	4	28680	卖盘
13:30:42	71.7	--	50	358500	卖盘
13:30:36	71.7	--	9	64530	卖盘
13:30:33	71.7	--	144	1032480	买盘
13:30:30	71.7	--	44	315480	买盘
13:30:21	71.7	--	12	86040	买盘
13:30:18	71.7	0.02	20	143400	卖盘
13:30:15	71.68	-0.02	15	107520	卖盘
13:30:12	71.7	0.02	2	14340	买盘
13:30:06	71.68	--	49	351232	买盘
13:30:03	71.68	0.02	79	566272	买盘
13:30:00	71.66	-0.02	54	386964	卖盘
13:29:57	71.68	--	16	114688	买盘
13:29:54	71.68	--	21	150528	买盘
13:29:48	71.68	0.01	5	35840	买盘
13:29:45	71.67	0.01	9	64503	卖盘
13:29:42	71.66	-0.02	1	7166	卖盘
13:29:39	71.68	0.01	18	129024	买盘
13:29:36	71.67	0.01	7	50169	买盘
13:29:33	71.66	-0.01	15	107490	卖盘
13:29:30	71.67	--	8	57336	买盘
13:29:27	71.67	--	5	35835	买盘
13:29:24	71.67	0.01	1	7167	买盘
13:29:15	71.66	--	10	71660	买盘
13:29:12	71.66	--	2	14332	买盘
13:29:09	71.66	--	1	7166	买盘
13:29:03	71.66	-0.02	22	157652	买盘
13:29:00	71.68	0.08	2	14336	买盘
13:28:57	71.6	--	24	171840	卖盘
13:28:54	71.6	--	59	426664	买盘
13:28:51	71.6	--	3	21480	买盘
13:28:48	71.6	--	2	14319	买盘
13:28:45	71.6	0.03	24	171840	买盘
13:28:42	71.57	-0.01	15	107354	中性盘
13:28:39	71.58	-0.02	8	57264	买盘
13:28:36	71.6	0.02	11	78760	买盘
13:28:33	71.58	0.03	1	7158	买盘
13:28:30	71.55	--	31	221805	卖盘
13:28:27	71.55	--	16	114480	卖盘
13:28:21	71.55	0.03	5	35775	买盘
13:28:18	71.52	0.01	1	7152	中性盘
13:28:15	71.51	-0.04	16	114416	卖盘
13:28:12	71.55	--	35	250425	买盘
13:28:09	71.55	0.04	4	28620	买盘
13:28:06	71.51	--	11	78661	卖盘
13:28:03	71.51	0.01	3	21453	卖盘
13:28:00	71.5	-0.01	56	400400	卖盘
13:27:57	71.51	0.01	4	28604	卖盘
13:27:54	71.5	--	136	972400	卖盘
13:27:51	71.5	--	9	64350	卖盘
13:27:48	71.5	--	13	92950	卖盘
13:27:45	71.5	--	60	429000	卖盘
13:27:42	71.5	--	24	171600	买盘
13:27:39	71.5	--	20	143000	买盘
13:27:36	71.5	--	3	21450	买盘
13:27:33	71.5	-0.01	22	157300	卖盘
13:27:30	71.51	0.02	7	50057	卖盘
13:27:27	71.49	-0.01	15	107234	卖盘
13:27:24	71.5	--	1	9295	买盘
13:27:21	71.5	--	11	78650	买盘
13:27:18	71.5	-0.01	623	4454450	卖盘
13:27:15	71.51	-0.05	19	135869	卖盘
13:27:12	71.56	0.06	140	1001840	买盘
13:27:09	71.5	--	67	479050	卖盘
13:27:06	71.5	-0.01	34	243100	卖盘
13:27:03	71.51	0.01	34	243134	中性盘
13:27:00	71.5	-0.08	161	1151150	卖盘
13:26:57	71.58	0.02	109	780222	买盘
13:26:54	71.56	0.02	5	35780	中性盘
13:26:51	71.54	-0.04	223	1595342	卖盘
13:26:48	71.58	-0.01	16	114528	卖盘
13:26:45	71.59	-0.01	30	214770	卖盘
13:26:42	71.6	0.01	156	1116960	买盘
13:26:39	71.59	-0.01	12	85908	卖盘
13:26:36	71.6	-0.03	515	3693987	卖盘
13:26:33	71.63	0.03	13	93119	买盘
13:26:30	71.6	-0.07	1000	7159999	卖盘
13:26:27	71.67	--	7	50169	买盘
13:26:24	71.67	-0.02	15	107505	卖盘
13:26:15	71.69	-0.01	23	164887	卖盘
13:26:12	71.7	0.01	2	14340	买盘
13:26:09	71.69	--	31	222239	卖盘
13:26:06	71.69	--	22	157718	卖盘
13:26:03	71.69	0.01	15	107535	中性盘
13:26:00	71.68	-0.02	8	57344	卖盘
13:25:57	71.7	--	5	35850	买盘
13:25:54	71.7	--	13	93210	买盘
13:25:51	71.7	--	8	57360	买盘
13:25:48	71.7	--	2	14340	买盘
13:25:45	71.7	--	21	150570	买盘
13:25:42	71.7	--	11	78870	买盘
13:25:36	71.7	--	20	143400	买盘
13:25:33	71.7	0.01	10	71700	买盘
13:25:30	71.69	-0.01	7	50183	卖盘
13:25:27	71.7	0.01	27	193590	买盘
13:25:24	71.69	-0.01	1	7169	卖盘
13:25:21	71.7	-0.01	114	817380	卖盘
13:25:18	71.71	--	34	243813	卖盘
13:25:15	71.71	-0.01	30	215129	卖盘
13:25:09	71.72	--	1	7172	中性盘
13:25:06	71.72	0.02	31	222332	买盘
13:25:03	71.7	0.01	5	35850	买盘
13:25:00	71.69	-0.02	34	243746	中性盘
13:24:57	71.71	--	311	2230181	买盘
13:24:54	71.71	--	19	136249	买盘
13:24:51	71.71	0.01	26	186445	买盘
13:24:45	71.7	--	4	28680	卖盘
13:24:42	71.7	--	15	107550	卖盘
13:24:39	71.7	--	59	423030	买盘
13:24:36	71.7	--	1	7170	买盘
13:24:33	71.7	-0.01	37	265290	卖盘
13:24:30	71.71	0.02	13	93222	买盘
13:24:27	71.69	-0.02	11	78859	卖盘
13:24:24	71.71	0.01	8	57367	买盘
13:24:21	71.7	-0.01	2	14340	卖盘
13:24:18	71.71	--	25	179274	买盘
13:24:15	71.71	0.01	4	28683	中性盘
13:24:12	71.7	-0.02	58	415860	卖盘
13:24:09	71.72	--	1	7172	买盘
13:24:06	71.72	--	76	545072	买盘
13:24:03	71.72	--	6	43032	买盘
13:24:00	71.72	-0.01	18	129096	卖盘
13:23:57	71.73	-0.01	12	86076	买盘
13:23:54	71.74	0.02	2	14347	买盘
13:23:51	71.72	-0.02	4	28688	卖盘
13:23:48	71.74	0.01	12	86088	买盘
13:23:45	71.73	--	16	114768	卖盘
13:23:42	71.73	--	7	50211	卖盘
13:23:39	71.73	-0.01	50	358650	卖盘
13:23:36	71.74	0.02	20	143480	买盘
13:23:33	71.72	--	63	451836	卖盘
13:23:30	71.72	--	12	86064	卖盘
13:23:27	71.72	-0.02	1	7172	卖盘
13:23:24	71.74	0.01	14	100436	买盘
13:23:15	71.73	-0.01	21	150633	卖盘
13:23:12	71.74	-0.01	65	466309	卖盘
13:23:06	71.75	--	25	179375	买盘
13:23:03	71.75	0.01	39	279825	买盘
13:23:00	71.74	-0.01	7	50218	卖盘
13:22:57	71.75	--	7	50225	买盘
13:22:54	71.75	--	8	57400	买盘
13:22:51	71.75	-0.03	217	1560490	卖盘
13:22:48	71.78	0.01	1	7178	买盘
13:22:45	71.77	-0.02	3	21531	卖盘
13:22:42	71.79	0.01	8	57432	中性盘
13:22:39	71.78	--	7	50246	卖盘
13:22:36	71.78	-0.02	9	64602	中性盘
13:22:33	71.8	0.03	2	14360	买盘
13:22:30	71.77	-0.03	7	50239	卖盘
13:22:27	71.8	0.03	49	351820	买盘
13:22:24	71.77	--	1	7177	卖盘
13:22:21	71.77	--	3	21531	卖盘
13:22:15	71.77	0.01	42	305094	买盘
13:22:12	71.76	--	14	100464	卖盘
13:22:06	71.76	0.01	6	43056	买盘
13:22:00	71.75	--	23	165025	卖盘
13:21:57	71.75	--	4	28700	卖盘
13:21:54	71.75	--	43	308525	买盘
13:21:48	71.75	0.01	5	35875	买盘
13:21:45	71.74	--	12	86088	买盘
13:21:42	71.74	0.01	54	387396	买盘
13:21:39	71.73	--	8	57384	卖盘
13:21:36	71.73	--	16	114768	卖盘
13:21:33	71.73	--	3	21519	卖盘
13:21:30	71.73	--	6	43038	卖盘
13:21:27	71.73	--	8	57384	买盘
13:21:24	71.73	--	6	43038	买盘
13:21:21	71.73	0.01	6	43038	买盘
13:21:18	71.72	--	22	157784	卖盘
13:21:15	71.72	0.01	6	43032	中性盘
13:21:12	71.71	-0.01	20	143420	卖盘
13:21:06	71.72	0.01	9	64548	买盘
13:21:03	71.71	0.01	24	172103	买盘
13:21:00	71.7	-0.01	13	93210	卖盘
13:20:57	71.71	--	6	43025	买盘
13:20:51	71.71	0.01	4	28683	买盘
13:20:48	71.7	-0.02	1	7170	卖盘
13:20:45	71.72	0.03	2	14344	买盘
13:20:42	71.69	-0.02	28	201305	卖盘
13:20:39	71.71	0.01	62	444601	买盘
13:20:36	71.7	--	5	35850	买盘
13:20:33	71.7	--	13	93210	买盘
13:20:30	71.7	--	10	71700	买盘
13:20:27	71.7	--	48	344160	卖盘
13:20:24	71.7	-0.04	11	78870	卖盘
13:20:21	71.74	--	4	28695	买盘
13:20:18	71.74	0.04	5	35870	中性盘
13:20:12	71.7	-0.05	33	236610	卖盘
13:20:09	71.75	--	5	35875	买盘
13:20:06	71.75	-0.01	9	64575	买盘
13:20:03	71.76	--	2	14352	卖盘
13:20:00	71.76	--	301	2159976	买盘
13:19:57	71.76	--	2	14352	卖盘
13:19:51	71.76	-0.02	14	100464	卖盘
13:19:48	71.78	-0.01	1	7178	中性盘
13:19:45	71.79	0.01	8	57432	中性盘
13:19:42	71.78	-0.01	12	86136	卖盘
13:19:39	71.79	--	4	28716	买盘
13:19:33	71.79	-0.01	12	86148	卖盘
13:19:27	71.8	--	3	21540	买盘
13:19:24	71.8	--	6	43080	卖盘
13:19:21	71.8	-0.02	18	129240	卖盘
13:19:18	71.82	0.02	8	57455	买盘
13:19:15	71.8	--	4	28720	卖盘
13:19:12	71.8	-0.02	129	926220	卖盘
13:19:06	71.82	0.01	2	14363	买盘
13:19:03	71.81	-0.01	167	1199227	卖盘
13:19:00	71.82	-0.01	12	86183	卖盘
13:18:57	71.83	-0.01	7	50281	中性盘
13:18:54	71.84	0.02	7	50288	买盘
13:18:51	71.82	-0.03	23	165257	卖盘
13:18:48	71.85	0.01	17	129258	买盘
13:18:45	71.84	0.01	54	387936	中性盘
13:18:42	71.83	-0.01	15	107745	卖盘
13:18:39	71.84	0.01	7	50288	中性盘
13:18:36	71.83	-0.02	5	35915	卖盘
13:18:33	71.85	0.02	51	366435	买盘
13:18:30	71.83	-0.03	13	93379	卖盘
13:18:24	71.86	--	2	14443	卖盘
13:18:21	71.86	0.02	15	114904	买盘
13:18:18	71.84	-0.02	23	165232	卖盘
13:18:12	71.86	--	7	50302	买盘
13:18:09	71.86	0.02	2	14372	买盘
13:18:06	71.84	-0.02	90	649505	卖盘
13:18:03	71.86	--	13	93418	买盘
13:18:00	71.86	--	2	14372	买盘
13:17:57	71.86	0.01	12	86232	中性盘
13:17:54	71.85	-0.01	11	83274	卖盘
13:17:51	71.86	--	9	64674	买盘
13:17:48	71.86	-0.02	4	28744	卖盘
13:17:42	71.88	--	15	107820	买盘
13:17:39	71.88	0.02	1	7188	买盘
13:17:36	71.86	-0.03	6	43116	卖盘
13:17:33	71.89	0.01	14	100646	买盘
13:17:30	71.88	--	8	57504	卖盘
13:17:27	71.88	-0.02	13	93444	卖盘
13:17:24	71.9	--	2	14380	买盘
13:17:21	71.9	0.02	6	43140	买盘
13:17:18	71.88	-0.02	41	294708	卖盘
13:17:12	71.9	--	1	7190	买盘
13:17:09	71.9	0.04	10	71900	买盘
13:17:06	71.86	-0.04	24	172464	卖盘
13:17:03	71.9	0.03	1	7190	买盘
13:17:00	71.87	-0.01	7	50309	卖盘
13:16:57	71.88	--	31	222828	卖盘
13:16:54	71.88	-0.01	21	150948	卖盘
13:16:51	71.89	-0.01	3	21567	买盘
13:16:45	71.9	--	6	43140	买盘
13:16:42	71.9	--	7	50330	买盘
13:16:36	71.9	--	1	7190	买盘
13:16:33	71.9	--	28	204915	卖盘
13:16:30	71.9	-0.01	4	28760	卖盘
13:16:27	71.91	-0.07	23	165393	卖盘
13:16:24	71.98	--	6	43188	买盘
13:16:21	71.98	0.05	8	57584	买盘
13:16:18	71.93	--	3	21579	卖盘
13:16:15	71.93	--	5	35965	卖盘
13:16:09	71.93	0.03	35	251755	买盘
13:16:06	71.9	-0.01	96	693835	卖盘
13:16:03	71.91	--	12	86292	买盘
13:16:00	71.91	0.01	10	71910	买盘
13:15:57	71.9	-0.01	95	686645	卖盘
13:15:54	71.91	--	15	107865	买盘
13:15:51	71.91	--	1	7191	买盘
13:15:48	71.91	0.01	92	665167	买盘
13:15:45	71.9	--	8	57520	卖盘
13:15:39	71.9	0.01	3	21570	买盘
13:15:36	71.89	--	16	115024	卖盘
13:15:33	71.89	-0.01	24	172536	卖盘
13:15:27	71.9	--	11	79090	买盘
13:15:24	71.9	-0.01	30	215700	卖盘
13:15:21	71.91	-0.02	4	28764	卖盘
13:15:18	71.93	0.02	2	14386	买盘
13:15:15	71.91	0.01	8	57528	中性盘
13:15:09	71.9	-0.03	4	28760	卖盘
13:15:06	71.93	0.02	49	352457	买盘
13:15:03	71.91	-0.02	15	107865	买盘
13:14:57	71.93	--	6	43158	买盘
13:14:54	71.93	--	4	28772	买盘
13:14:48	71.93	--	1	7193	卖盘
13:14:45	71.93	--	8	57544	卖盘
13:14:42	71.93	0.02	9	64737	卖盘
13:14:39	71.91	0.02	33	237303	买盘
13:14:36	71.89	-0.02	21	150969	卖盘
13:14:33	71.91	0.02	16	115056	买盘
13:14:30	71.89	-0.01	7	50323	卖盘
13:14:27	71.9	-0.01	45	323550	卖盘
13:14:24	71.91	--	17	122247	买盘
13:14:21	71.91	--	13	93483	买盘
13:14:18	71.91	--	8	57528	买盘
13:14:15	71.91	-0.07	11	79101	卖盘
13:14:12	71.98	--	11	79178	卖盘
13:14:09	71.98	--	4	28792	卖盘
13:14:06	71.98	-0.02	11	79178	卖盘
13:14:03	72.0	0.02	21	151200	买盘
13:14:00	71.98	--	7	50386	卖盘
13:13:57	71.98	--	40	287920	买盘
13:13:54	71.98	--	8	57584	买盘
13:13:48	71.98	0.08	4	28792	买盘
13:13:45	71.9	-0.07	4	28760	卖盘
13:13:42	71.97	-0.03	3	21591	卖盘
13:13:36	72.0	--	35	252000	买盘
13:13:33	72.0	0.02	27	194400	买盘
13:13:30	71.98	0.01	2	14396	卖盘
13:13:27	71.97	0.1	26	187122	买盘
13:13:21	71.87	-0.05	5	35935	中性盘
13:13:18	71.92	0.07	7	50344	中性盘
13:13:15	71.85	-0.12	49	352065	卖盘
13:13:12	71.97	0.12	5	35985	中性盘
13:13:09	71.85	-0.02	22	158070	卖盘
13:13:06	71.87	-0.11	14	100618	卖盘
13:13:00	71.98	0.08	16	115168	中性盘
13:12:57	71.9	-0.02	12	86280	卖盘
13:12:54	71.92	-0.08	4	28768	中性盘
13:12:51	72.0	--	5	36000	买盘
13:12:48	72.0	0.14	11	79200	买盘
13:12:45	71.86	-0.13	9	64674	卖盘
13:12:42	71.99	0.12	1	7198	买盘
13:12:36	71.87	-0.06	22	158114	卖盘
13:12:33	71.93	-0.06	19	136667	卖盘
13:12:30	71.99	0.01	5	35995	买盘
13:12:27	71.98	--	16	115168	买盘
13:12:24	71.98	--	38	273524	卖盘
13:12:15	71.98	-0.02	24	172752	卖盘
13:12:12	72.0	0.02	8	57600	买盘
13:12:09	71.98	-0.02	8	57584	中性盘
13:12:06	72.0	0.17	24	172800	买盘
13:12:03	71.83	-0.17	94	675202	卖盘
13:12:00	72.0	0.07	51	367200	买盘
13:11:57	71.93	-0.05	5	35965	卖盘
13:11:54	71.98	0.15	9	64782	买盘
13:11:48	71.83	-0.17	9	64647	卖盘
13:11:45	72.0	0.02	31	223200	买盘
13:11:36	71.98	0.18	7	50386	买盘
13:11:33	71.8	--	47	337460	卖盘
13:11:30	71.8	--	216	1551454	买盘
13:11:27	71.8	--	7	50260	买盘
13:11:24	71.8	--	39	280020	买盘
13:11:21	71.8	0.02	82	588760	买盘
13:11:15	71.78	-0.01	25	179450	卖盘
13:11:12	71.79	0.04	142	1019418	买盘
13:11:09	71.75	--	2	14350	卖盘
13:11:06	71.75	--	5	35875	卖盘
13:11:03	71.75	--	11	78925	卖盘
13:11:00	71.75	0.01	26	186550	买盘
13:10:57	71.74	-0.04	81	581094	卖盘
13:10:54	71.78	--	42	301476	买盘
13:10:51	71.78	0.04	22	157916	买盘
13:10:48	71.74	--	31	222393	买盘
13:10:45	71.74	--	7	50218	买盘
13:10:42	71.74	--	4	28695	买盘
13:10:39	71.74	-0.05	14	100436	卖盘
13:10:33	71.79	0.01	22	157938	买盘
13:10:30	71.78	--	50	358900	买盘
13:10:24	71.78	0.02	44	315832	买盘
13:10:21	71.76	-0.02	1	7176	中性盘
13:10:15	71.78	--	41	294298	买盘
13:10:12	71.78	--	10	71780	买盘
13:10:09	71.78	0.05	4	28712	买盘
13:10:06	71.73	--	24	172152	卖盘
13:10:03	71.73	-0.05	7	50211	卖盘
13:10:00	71.78	--	3	21534	买盘
13:09:57	71.78	0.06	13	93314	买盘
13:09:54	71.72	-0.05	15	107580	卖盘
13:09:51	71.77	0.05	16	114832	买盘
13:09:45	71.72	-0.06	30	215160	卖盘
13:09:42	71.78	0.01	5	35890	买盘
13:09:36	71.77	--	12	86124	买盘
13:09:33	71.77	--	59	423443	卖盘
13:09:30	71.77	0.01	9	64593	卖盘
13:09:27	71.76	0.03	6	43056	中性盘
13:09:24	71.73	-0.05	9	64557	卖盘
13:09:21	71.78	0.07	36	258408	买盘
13:09:18	71.71	-0.01	42	301182	卖盘
13:09:15	71.72	-0.06	12	86064	卖盘
13:09:09	71.78	0.05	17	122026	买盘
13:09:06	71.73	-0.05	2	14346	中性盘
13:09:00	71.78	0.05	16	114848	买盘
13:08:57	71.73	--	4	28692	卖盘
13:08:54	71.73	--	33	236709	卖盘
13:08:51	71.73	--	3	21519	卖盘
13:08:48	71.73	0.01	4	28692	中性盘
13:08:45	71.72	-0.06	21	150612	卖盘
13:08:42	71.78	0.02	10	71780	买盘
13:08:39	71.76	0.03	6	43056	买盘
13:08:36	71.73	-0.02	10	71730	卖盘
13:08:33	71.75	-0.01	107	767725	卖盘
13:08:30	71.76	--	9	64584	买盘
13:08:27	71.76	--	2	14352	卖盘
13:08:24	71.76	--	5	35880	卖盘
13:08:15	71.76	0.01	15	107640	卖盘
13:08:06	71.75	--	4	28700	卖盘
13:08:03	71.75	0.02	23	165025	买盘
13:08:00	71.73	--	7	50211	卖盘
13:07:57	71.73	--	16	114768	卖盘
13:07:54	71.73	-0.02	3	21519	中性盘
13:07:51	71.75	0.03	5	35875	买盘
13:07:45	71.72	-0.07	8	57376	卖盘
13:07:39	71.79	0.07	3	21537	买盘
13:07:36	71.72	--	6	43032	卖盘
13:07:30	71.72	-0.01	17	121924	卖盘
13:07:27	71.73	0.01	4	28692	卖盘
13:07:24	71.72	--	21	150612	卖盘
13:07:21	71.72	-0.03	27	193644	卖盘
13:07:18	71.75	0.03	6	43050	买盘
13:07:12	71.72	-0.03	16	114752	卖盘
13:07:03	71.75	-0.01	48	344400	卖盘
13:07:00	71.76	0.01	3	21528	中性盘
13:06:57	71.75	-0.03	6	43050	卖盘
13:06:54	71.78	0.03	9	64602	中性盘
13:06:45	71.75	--	4	28700	卖盘
13:06:42	71.75	-0.04	2	14350	卖盘
13:06:36	71.79	0.04	2	14358	买盘
13:06:33	71.75	-0.04	86	617050	卖盘
13:06:30	71.79	--	22	157938	卖盘
13:06:27	71.79	--	21	150759	卖盘
13:06:24	71.79	0.02	20	143580	买盘
13:06:21	71.77	-0.01	6	43062	卖盘
13:06:15	71.78	0.01	9	64602	买盘
13:06:12	71.77	-0.01	10	71770	卖盘
13:06:09	71.78	--	6	43068	买盘
13:06:06	71.78	--	5	35890	买盘
13:06:03	71.78	-0.01	7	50246	卖盘
13:06:00	71.79	-0.01	16	114864	中性盘
13:05:57	71.8	0.01	27	193860	买盘
13:05:51	71.79	--	39	283570	卖盘
13:05:48	71.79	--	4	28716	卖盘
13:05:45	71.79	-0.01	53	384076	买盘
13:05:39	71.8	0.01	50	362590	买盘
13:05:36	71.79	--	4	28716	卖盘
13:05:30	71.79	--	98	707131	卖盘
13:05:27	71.79	-0.01	4	28716	卖盘
13:05:24	71.8	0.01	3	21540	买盘
13:05:21	71.79	0.02	14	100506	买盘
13:05:18	71.77	-0.01	38	272726	卖盘
13:05:15	71.78	-0.01	4	28712	中性盘
13:05:12	71.79	--	7	50253	买盘
13:05:09	71.79	0.01	5	35895	买盘
13:05:06	71.78	-0.01	12	86136	卖盘
13:05:00	71.79	--	14	100506	买盘
13:04:57	71.79	-0.01	12	86148	卖盘
13:04:54	71.8	--	18	129240	买盘
13:04:51	71.8	0.01	3	21540	买盘
13:04:48	71.79	--	5	35895	卖盘
13:04:45	71.79	-0.01	5	35895	卖盘
13:04:42	71.8	0.01	20	143600	买盘
13:04:39	71.79	0.01	2	14358	中性盘
13:04:36	71.78	-0.01	4	28712	卖盘
13:04:33	71.79	0.01	7	50253	卖盘
13:04:30	71.78	-0.02	55	394790	卖盘
13:04:27	71.8	0.01	30	215400	买盘
13:04:24	71.79	--	17	122043	买盘
13:04:21	71.79	--	29	208191	卖盘
13:04:18	71.79	-0.01	61	437919	卖盘
13:04:15	71.8	--	14	100520	买盘
13:04:12	71.8	--	3	21540	买盘
13:04:09	71.8	0.01	16	114880	买盘
13:04:06	71.79	-0.01	4	28716	卖盘
13:04:03	71.8	0.01	6	43080	买盘
13:04:00	71.79	-0.01	10	71790	卖盘
13:03:57	71.8	0.01	28	201040	买盘
13:03:54	71.79	--	1	7179	中性盘
13:03:45	71.79	--	20	143580	买盘
13:03:42	71.79	--	4	28716	买盘
13:03:39	71.79	0.01	8	57432	买盘
13:03:36	71.78	-0.01	4	28712	卖盘
13:03:33	71.79	--	2	14358	买盘
13:03:30	71.79	--	19	136401	卖盘
13:03:27	71.79	-0.01	4	28716	卖盘
13:03:24	71.8	0.02	1	7180	买盘
13:03:21	71.78	-0.02	2	14356	买盘
13:03:18	71.8	0.02	28	201040	买盘
13:03:09	71.78	-0.01	20	143560	卖盘
13:03:06	71.79	0.02	7	50253	买盘
13:03:00	71.77	-0.02	10	71770	卖盘
13:02:57	71.79	--	8	57432	买盘
13:02:54	71.79	0.04	12	86148	买盘
13:02:45	71.75	--	4	28700	卖盘
13:02:36	71.75	-0.03	9	64575	卖盘
13:02:33	71.78	0.03	15	107670	买盘
13:02:30	71.75	--	7	50225	卖盘
13:02:27	71.75	0.12	20	143500	买盘
13:02:21	71.63	-0.04	30	214890	卖盘
13:02:18	71.67	0.02	4	28668	买盘
13:02:15	71.65	-0.04	53	379745	卖盘
13:02:12	71.69	0.04	4	28676	买盘
13:02:09	71.65	--	2	14330	买盘
13:02:06	71.65	-0.03	22	157630	卖盘
13:02:03	71.68	-0.01	18	129024	卖盘
13:02:00	71.69	0.01	16	114704	买盘
13:01:57	71.68	0.01	9	64512	中性盘
13:01:51	71.67	-0.01	14	100338	卖盘
13:01:48	71.68	0.01	40	293242	买盘
13:01:45	71.67	-0.01	1	7167	中性盘
13:01:42	71.68	0.01	1	7168	买盘
13:01:39	71.67	--	15	107505	买盘
13:01:36	71.67	--	9	64503	买盘
13:01:33	71.67	-0.01	67	480189	卖盘
13:01:30	71.68	--	19	136192	买盘
13:01:27	71.68	--	260	1863680	买盘
13:01:24	71.68	--	10	71680	买盘
13:01:21	71.68	0.01	3	21504	买盘
13:01:18	71.67	--	32	229344	卖盘
13:01:15	71.67	--	1	7167	卖盘
13:01:12	71.67	-0.01	3	21501	卖盘
13:01:09	71.68	0.01	6	43008	买盘
13:01:06	71.67	0.01	10	71670	买盘
13:01:00	71.66	-0.01	7	50162	卖盘
13:00:57	71.67	-0.01	2	14334	卖盘
13:00:54	71.68	--	1	7168	买盘
13:00:48	71.68	-0.01	59	422912	卖盘
13:00:45	71.69	--	6	43014	卖盘
13:00:42	71.69	-0.01	2	14338	卖盘
13:00:36	71.7	--	10	71700	买盘
13:00:33	71.7	--	2	14340	买盘
13:00:30	71.7	--	5	35850	买盘
13:00:27	71.7	--	3	21510	买盘
13:00:24	71.7	-0.06	515	3692550	卖盘
13:00:21	71.76	0.01	1	7176	买盘
13:00:18	71.75	-0.03	4	28700	卖盘
13:00:15	71.78	--	2	14356	买盘
13:00:12	71.78	0.02	41	294298	买盘
13:00:09	71.76	-0.01	56	401856	卖盘
13:00:06	71.77	-0.03	359	2576543	卖盘
13:00:03	71.8	--	126	904680	买盘
11:30:03	71.8	--	1	7180	买盘
11:30:00	71.8	--	13	93340	买盘
11:29:57	71.8	--	57	409260	买盘
11:29:54	71.8	0.01	11	78980	买盘
11:29:51	71.79	-0.01	6	43074	卖盘
11:29:48	71.8	--	33	236940	买盘
11:29:45	71.8	-0.08	439	3155035	卖盘
11:29:42	71.88	-0.1	8	57504	卖盘
11:29:36	71.98	0.1	3	21594	买盘
11:29:33	71.88	--	9	64691	卖盘
11:29:30	71.88	--	17	126365	买盘
11:29:27	71.88	0.03	101	725988	买盘
11:29:21	71.85	-0.03	10	71850	卖盘
11:29:18	71.88	0.04	7	50316	买盘
11:29:15	71.84	-0.04	1	7184	中性盘
11:29:12	71.88	--	11	79068	买盘
11:29:09	71.88	--	6	43128	买盘
11:29:06	71.88	--	3	21564	买盘
11:29:03	71.88	0.05	5	35940	买盘
11:29:00	71.83	-0.05	119	854777	卖盘
11:28:57	71.88	--	10	71880	买盘
11:28:54	71.88	--	9	64691	买盘
11:28:51	71.88	--	11	79068	买盘
11:28:48	71.88	--	14	100632	买盘
11:28:42	71.88	0.06	10	71880	买盘
11:28:36	71.82	-0.06	9	64637	卖盘
11:28:33	71.88	--	20	143760	买盘
11:28:30	71.88	--	91	654108	买盘
11:28:27	71.88	--	68	488783	买盘
11:28:24	71.88	0.07	22	158136	买盘
11:28:21	71.81	--	4	28724	卖盘
11:28:18	71.81	0.01	1	7181	中性盘
11:28:15	71.8	--	29	208220	卖盘
11:28:12	71.8	--	4	28720	卖盘
11:28:09	71.8	-0.01	117	840060	卖盘
11:28:06	71.81	0.02	2	14362	买盘
11:28:03	71.79	-0.01	35	251265	卖盘
11:28:00	71.8	0.04	18	129240	买盘
11:27:57	71.76	-0.04	2	14352	卖盘
11:27:54	71.8	--	34	244120	买盘
11:27:51	71.8	0.01	31	222580	买盘
11:27:48	71.79	--	8	57432	买盘
11:27:45	71.79	-0.01	18	129222	中性盘
11:27:42	71.8	0.05	23	165140	买盘
11:27:39	71.75	-0.02	12	86100	卖盘
11:27:36	71.77	0.04	5	35885	买盘
11:27:33	71.73	-0.03	4	28692	卖盘
11:27:30	71.76	--	23	165048	买盘
11:27:27	71.76	--	27	193752	买盘
11:27:24	71.76	0.05	20	143520	买盘
11:27:21	71.71	-0.06	36	258155	卖盘
11:27:18	71.77	0.01	3	21531	卖盘
11:27:15	71.76	-0.03	6	43056	卖盘
11:27:12	71.79	--	7	50253	买盘
11:27:09	71.79	--	6	43074	买盘
11:27:06	71.79	0.07	8	57432	买盘
11:27:03	71.72	-0.07	12	86064	卖盘
11:27:00	71.79	-0.01	32	229728	卖盘
11:26:57	71.8	--	1	7180	卖盘
11:26:54	71.8	--	9	64620	买盘
11:26:51	71.8	--	37	265660	买盘
11:26:48	71.8	--	306	2197080	买盘
11:26:45	71.8	--	8	57440	买盘
11:26:42	71.8	--	68	488240	卖盘
11:26:39	71.8	--	30	215400	卖盘
11:26:33	71.8	-0.01	95	682100	卖盘
11:26:30	71.81	--	16	114896	卖盘
11:26:27	71.81	--	91	653471	买盘
11:26:24	71.81	-0.01	12	86172	卖盘
11:26:21	71.82	0.02	25	179549	买盘
11:26:18	71.8	--	13	93340	卖盘
11:26:15	71.8	--	179	1285220	卖盘
11:26:12	71.8	-0.01	332	2383760	卖盘
11:26:09	71.81	--	4	28724	卖盘
11:26:06	71.81	-0.01	99	710919	卖盘
11:26:03	71.82	-0.03	16	114911	卖盘
11:26:00	71.85	-0.01	13	93404	卖盘
11:25:57	71.86	0.04	12	86232	中性盘
11:25:54	71.82	-0.04	244	1752407	卖盘
11:25:51	71.86	--	23	165278	卖盘
11:25:45	71.86	-0.02	23	165278	卖盘
11:25:42	71.88	--	17	122195	买盘
11:25:39	71.88	--	12	86256	买盘
11:25:36	71.88	-0.03	447	3216054	卖盘
11:25:33	71.91	-0.01	36	258876	卖盘
11:25:30	71.92	--	8	57536	买盘
11:25:27	71.92	0.01	5	35960	买盘
11:25:24	71.91	--	31	227091	买盘
11:25:21	71.91	--	17	122247	买盘
11:25:18	71.91	--	14	103694	卖盘
11:25:15	71.91	--	36	258876	卖盘
11:25:09	71.91	-0.01	9	64719	卖盘
11:25:06	71.92	-0.06	57	409944	卖盘
11:25:03	71.98	0.02	25	179950	买盘
11:25:00	71.96	--	3	21587	中性盘
11:24:57	71.96	--	120	863519	卖盘
11:24:51	71.96	0.01	10	71960	中性盘
11:24:48	71.95	-0.01	29	208655	卖盘
11:24:45	71.96	0.01	24	172703	买盘
11:24:42	71.95	--	2	14390	卖盘
11:24:39	71.95	--	14	100730	卖盘
11:24:36	71.95	-0.01	4	28780	卖盘
11:24:33	71.96	0.01	1	7195	买盘
11:24:30	71.95	--	15	107925	卖盘
11:24:24	71.95	0.01	15	107925	买盘
11:24:15	71.94	-0.01	6	43164	卖盘
11:24:12	71.95	--	3	21585	买盘
11:24:09	71.95	-0.02	62	446090	卖盘
11:24:06	71.97	0.01	1	7197	买盘
11:24:03	71.96	--	4	28783	中性盘
11:24:00	71.96	--	14	100743	买盘
11:23:54	71.96	--	3	21587	买盘
11:23:51	71.96	-0.04	54	388583	卖盘
11:23:48	72.0	0.05	10	72000	买盘
11:23:45	71.95	-0.01	50	359750	卖盘
11:23:42	71.96	-0.04	4	28783	卖盘
11:23:39	72.0	0.05	9	64800	买盘
11:23:30	71.95	-0.05	19	136705	卖盘
11:23:27	72.0	--	1	7200	卖盘
11:23:21	72.0	0.05	13	93600	卖盘
11:23:18	71.95	--	5	35975	卖盘
11:23:15	71.95	--	18	129510	卖盘
11:23:12	71.95	--	4	28780	卖盘
11:23:09	71.95	--	65	467675	买盘
11:23:06	71.95	--	14	100730	买盘
11:23:03	71.95	0.01	3	21585	买盘
11:23:00	71.94	-0.05	11	79134	卖盘
11:22:57	71.99	0.05	30	215969	卖盘
11:22:54	71.94	-0.11	7	50358	卖盘
11:22:51	72.05	--	26	192661	买盘
11:22:48	72.05	0.06	2	14410	买盘
11:22:42	71.99	-0.01	13	93587	卖盘
11:22:39	72.0	0.07	118	851472	买盘
11:22:36	71.93	-0.06	110	791230	卖盘
11:22:33	71.99	--	2	14397	买盘
11:22:30	71.99	--	48	345552	买盘
11:22:27	71.99	--	2	14397	买盘
11:22:24	71.99	0.05	4	28795	买盘
11:22:21	71.94	--	7	50358	买盘
11:22:18	71.94	0.02	24	176828	买盘
11:22:15	71.92	--	42	305084	卖盘
11:22:12	71.92	-0.04	99	716179	卖盘
11:22:09	71.96	0.04	2	14391	买盘
11:22:06	71.92	--	4	28768	卖盘
11:22:03	71.92	--	1	7192	卖盘
11:22:00	71.92	--	16	115072	买盘
11:21:57	71.92	--	2	14384	买盘
11:21:54	71.92	0.01	1	7192	中性盘
11:21:48	71.91	-0.01	81	582471	卖盘
11:21:45	71.92	0.02	7	50344	买盘
11:21:42	71.9	-0.1	11	79090	卖盘
11:21:39	72.0	0.1	43	309600	买盘
11:21:36	71.9	--	8	57520	卖盘
11:21:33	71.9	--	5	35950	卖盘
11:21:30	71.9	-0.02	31	222890	卖盘
11:21:27	71.92	0.02	29	208568	买盘
11:21:24	71.9	-0.01	52	373880	卖盘
11:21:21	71.91	0.01	41	294831	买盘
11:21:18	71.9	-0.01	61	438590	卖盘
11:21:15	71.91	0.01	3	21573	买盘
11:21:12	71.9	-0.01	14	100660	卖盘
11:21:09	71.91	-0.01	2	14382	卖盘
11:21:06	71.92	0.02	1	7192	买盘
11:21:00	71.9	--	7	50330	卖盘
11:20:57	71.9	-0.02	49	352310	卖盘
11:20:54	71.92	0.02	40	287680	买盘
11:20:51	71.9	-0.01	62	445780	卖盘
11:20:48	71.91	-0.01	49	352359	卖盘
11:20:45	71.92	-0.01	27	194184	卖盘
11:20:42	71.93	--	4	28772	卖盘
11:20:39	71.93	--	15	107895	买盘
11:20:36	71.93	0.02	11	79123	买盘
11:20:33	71.91	--	12	86292	卖盘
11:20:30	71.91	-0.02	48	345168	卖盘
11:20:27	71.93	--	17	122281	买盘
11:20:24	71.93	0.01	18	129474	买盘
11:20:21	71.92	-0.01	5	35960	卖盘
11:20:18	71.93	-0.02	9	64737	卖盘
11:20:15	71.95	0.03	2	14390	买盘
11:20:12	71.92	-0.01	40	287680	卖盘
11:20:09	71.93	-0.05	6	43158	卖盘
11:20:03	71.98	0.05	2	14396	买盘
11:20:00	71.93	0.01	14	100702	卖盘
11:19:51	71.92	--	15	107880	卖盘
11:19:48	71.92	--	104	747968	卖盘
11:19:45	71.92	-0.06	41	294872	卖盘
11:19:42	71.98	0.06	12	86376	买盘
11:19:39	71.92	--	5	35960	买盘
11:19:36	71.92	--	20	143840	买盘
11:19:33	71.92	--	10	71920	买盘
11:19:30	71.92	--	1	7192	买盘
11:19:27	71.92	--	5	35960	买盘
11:19:24	71.92	-0.08	42	302064	卖盘
11:19:21	72.0	0.07	60	432000	买盘
11:19:15	71.93	--	17	122281	卖盘
11:19:12	71.93	--	121	870353	卖盘
11:19:09	71.93	0.02	31	222983	中性盘
11:19:06	71.91	-0.09	52	373932	卖盘
11:19:03	72.0	0.08	172	1238400	买盘
11:19:00	71.92	0.01	45	323640	买盘
11:18:57	71.91	-0.02	129	927639	卖盘
11:18:54	71.93	0.01	2	14386	买盘
11:18:51	71.92	-0.01	8	57536	卖盘
11:18:48	71.93	--	16	115088	买盘
11:18:45	71.93	0.01	20	143860	买盘
11:18:42	71.92	-0.02	55	400882	卖盘
11:18:39	71.94	0.01	2	14388	买盘
11:18:36	71.93	--	4	28772	卖盘
11:18:33	71.93	-0.05	145	1042985	卖盘
11:18:30	71.98	--	23	165554	卖盘
11:18:27	71.98	--	5	35990	卖盘
11:18:21	71.98	-0.02	75	539850	卖盘
11:18:18	72.0	--	1	7200	卖盘
11:18:15	72.0	0.02	28	201600	买盘
11:18:12	71.98	-0.04	172	1238056	卖盘
11:18:09	72.02	0.02	1	7202	买盘
11:18:06	72.0	--	4	28800	卖盘
11:18:03	72.0	-0.03	504	3628800	卖盘
11:18:00	72.03	-0.02	55	396165	中性盘
11:17:54	72.05	0.03	5	36025	买盘
11:17:51	72.02	-0.06	78	561756	卖盘
11:17:45	72.08	-0.02	34	245072	卖盘
11:17:42	72.1	0.02	19	136990	买盘
11:17:39	72.08	-0.02	4	28832	卖盘
11:17:36	72.1	-0.01	66	475859	卖盘
11:17:30	72.11	0.01	17	122587	买盘
11:17:27	72.1	-0.01	4	28839	卖盘
11:17:24	72.11	-0.01	29	209119	买盘
11:17:21	72.12	0.01	10	72120	买盘
11:17:18	72.11	-0.01	6	43266	卖盘
11:17:15	72.12	--	11	79332	买盘
11:17:12	72.12	0.01	1	7212	买盘
11:17:06	72.11	-0.01	6	43266	卖盘
11:17:03	72.12	--	5	36060	买盘
11:17:00	72.12	--	8	57696	买盘
11:16:57	72.12	--	8	57696	买盘
11:16:54	72.12	--	5	36060	买盘
11:16:51	72.12	--	2	14496	卖盘
11:16:45	72.12	--	1	7212	卖盘
11:16:42	72.12	-0.01	9	64908	卖盘
11:16:39	72.13	0.01	2	14426	买盘
11:16:33	72.12	-0.01	4	28848	卖盘
11:16:24	72.13	-0.02	2	14426	卖盘
11:16:21	72.15	0.03	20	144300	买盘
11:16:18	72.12	--	2	14424	卖盘
11:16:15	72.12	-0.01	1	7212	卖盘
11:16:12	72.13	0.01	6	43278	买盘
11:16:09	72.12	-0.01	4	28848	卖盘
11:16:00	72.13	0.01	2	14426	中性盘
11:15:57	72.12	-0.01	5	36060	卖盘
11:15:51	72.13	--	4	28852	卖盘
11:15:45	72.13	--	7	50491	买盘
11:15:42	72.13	--	1	7213	卖盘
11:15:39	72.13	--	2	14426	卖盘
11:15:36	72.13	--	1	7213	卖盘
11:15:33	72.13	0.01	6	43278	中性盘
11:15:30	72.12	-0.08	11	79332	卖盘
11:15:27	72.2	0.08	100	722000	买盘
11:15:24	72.12	--	18	129816	卖盘
11:15:21	72.12	-0.01	4	28848	卖盘
11:15:18	72.13	0.01	8	57704	买盘
11:15:12	72.12	-0.01	10	72120	卖盘
11:15:09	72.13	0.01	5	36065	买盘
11:15:06	72.12	-0.01	4	28848	卖盘
11:15:03	72.13	0.01	1	7213	买盘
11:15:00	72.12	-0.01	11	79332	卖盘
11:14:57	72.13	0.01	56	403928	买盘
11:14:54	72.12	-0.01	10	72120	卖盘
11:14:51	72.13	--	1	7213	买盘
11:14:48	72.13	-0.01	5	36065	中性盘
11:14:39	72.14	--	5	36070	买盘
11:14:36	72.14	0.01	14	100996	买盘
11:14:30	72.13	--	10	72130	卖盘
11:14:24	72.13	-0.01	4	28852	卖盘
11:14:21	72.14	--	1	7214	卖盘
11:14:18	72.14	--	2	14428	卖盘
11:14:12	72.14	--	8	57712	卖盘
11:14:09	72.14	--	17	122638	卖盘
11:14:03	72.14	--	4	28856	卖盘
11:14:00	72.14	-0.01	9	64926	中性盘
11:13:51	72.15	-0.01	7	50505	卖盘
11:13:48	72.16	0.01	2	14432	买盘
11:13:45	72.15	--	2	14430	买盘
11:13:42	72.15	0.02	10	72150	买盘
11:13:39	72.13	-0.01	4	28852	卖盘
11:13:36	72.14	-0.01	2	14428	卖盘
11:13:33	72.15	0.02	3	21645	买盘
11:13:30	72.13	-0.02	11	79343	卖盘
11:13:24	72.15	0.02	6	43290	买盘
11:13:21	72.13	-0.01	4	28852	卖盘
11:13:18	72.14	-0.01	1	7214	卖盘
11:13:15	72.15	0.01	1	7215	买盘
11:13:12	72.14	0.01	4	28856	中性盘
11:13:06	72.13	-0.01	5	36065	卖盘
11:13:03	72.14	-0.01	1	7214	中性盘
11:13:00	72.15	--	7	50505	卖盘
11:12:57	72.15	--	4	28860	卖盘
11:12:54	72.15	0.01	15	108225	买盘
11:12:51	72.14	--	12	86568	买盘
11:12:48	72.14	0.01	8	57712	买盘
11:12:45	72.13	-0.01	62	447206	卖盘
11:12:42	72.14	--	6	43284	卖盘
11:12:33	72.14	--	4	28856	卖盘
11:12:30	72.14	--	9	64926	卖盘
11:12:24	72.14	-0.04	6	43284	中性盘
11:12:18	72.18	0.04	11	79398	买盘
11:12:15	72.14	0.01	2	14428	中性盘
11:12:12	72.13	--	1	7213	卖盘
11:12:09	72.13	0.01	6	43278	中性盘
11:12:03	72.12	--	5	36060	卖盘
11:11:57	72.12	-0.08	7	50484	卖盘
11:11:54	72.2	0.07	9	64980	买盘
11:11:51	72.13	--	4	28852	卖盘
11:11:45	72.13	--	6	43278	卖盘
11:11:42	72.13	-0.07	4	28852	卖盘
11:11:39	72.2	0.08	22	158840	买盘
11:11:33	72.12	-0.01	12	86544	卖盘
11:11:30	72.13	--	10	72130	卖盘
11:11:27	72.13	0.01	4	28852	买盘
11:11:21	72.12	-0.08	9	64908	卖盘
11:11:18	72.2	0.07	18	137107	买盘
11:11:15	72.13	-0.04	3	21639	卖盘
11:11:12	72.17	0.05	5	36085	卖盘
11:11:09	72.12	--	14	100968	卖盘
11:11:06	72.12	--	24	173088	卖盘
11:11:03	72.12	0.02	6	43272	买盘
11:11:00	72.1	-0.01	23	165830	卖盘
11:10:57	72.11	--	2	14422	卖盘
11:10:54	72.11	-0.04	10	72110	中性盘
11:10:51	72.15	--	7	50505	买盘
11:10:45	72.15	0.03	12	86580	买盘
11:10:42	72.12	-0.08	5	36060	卖盘
11:10:39	72.2	0.03	24	173280	买盘
11:10:33	72.17	0.02	24	173208	买盘
11:10:30	72.15	0.03	12	86580	买盘
11:10:27	72.12	-0.03	9	64908	卖盘
11:10:24	72.15	0.02	2	14430	买盘
11:10:21	72.13	-0.02	5	36065	中性盘
11:10:18	72.15	--	9	64935	买盘
11:10:15	72.15	--	9	64935	买盘
11:10:12	72.15	0.03	11	79365	买盘
11:10:09	72.12	0.02	2	14424	买盘
11:10:06	72.1	-0.01	14	100939	卖盘
11:10:03	72.11	-0.01	5	36055	买盘
11:10:00	72.12	0.01	26	187512	买盘
11:09:57	72.11	--	3	21633	卖盘
11:09:54	72.11	-0.03	4	28844	卖盘
11:09:51	72.14	--	12	86568	买盘
11:09:48	72.14	0.04	2	14428	买盘
11:09:45	72.1	--	8	57679	卖盘
11:09:42	72.1	--	35	252349	卖盘
11:09:39	72.1	-0.04	29	209089	卖盘
11:09:33	72.14	0.06	21	151494	买盘
11:09:30	72.08	-0.02	24	172992	卖盘
11:09:27	72.1	--	6	43260	买盘
11:09:21	72.1	0.01	6	43260	卖盘
11:09:18	72.09	-0.01	4	28836	卖盘
11:09:15	72.1	--	21	151410	卖盘
11:09:09	72.1	--	7	50469	卖盘
11:09:06	72.1	-0.04	5	36050	卖盘
11:09:03	72.14	0.04	3	21642	中性盘
11:08:57	72.1	-0.05	5	36050	卖盘
11:08:54	72.15	0.05	21	151515	买盘
11:08:51	72.1	--	4	28839	卖盘
11:08:45	72.1	0.01	25	180250	卖盘
11:08:42	72.09	--	16	115344	卖盘
11:08:39	72.09	-0.02	10	72090	卖盘
11:08:36	72.11	0.02	19	137009	买盘
11:08:33	72.09	-0.01	4	28836	卖盘
11:08:30	72.1	0.01	9	64889	中性盘
11:08:24	72.09	--	2	14418	卖盘
11:08:21	72.09	--	16	115344	卖盘
11:08:18	72.09	--	9	64881	卖盘
11:08:12	72.09	--	6	43254	卖盘
11:08:09	72.09	-0.02	4	28836	卖盘
11:08:03	72.11	0.03	8	57688	买盘
11:08:00	72.08	--	4	28832	卖盘
11:07:57	72.08	--	7	50456	卖盘
11:07:54	72.08	-0.02	6	43248	卖盘
11:07:51	72.1	-0.01	15	108149	卖盘
11:07:48	72.11	0.01	16	115376	买盘
11:07:45	72.1	--	14	100939	卖盘
11:07:42	72.1	-0.01	5	36050	卖盘
11:07:39	72.11	0.01	10	72110	买盘
11:07:36	72.1	-0.01	14	100939	卖盘
11:07:33	72.11	--	9	64899	卖盘
11:07:30	72.11	-0.02	28	201908	卖盘
11:07:27	72.13	0.02	1	7213	买盘
11:07:21	72.11	--	8	57688	卖盘
11:07:15	72.11	--	2	14422	卖盘
11:07:12	72.11	--	4	28844	卖盘
11:07:06	72.11	-0.04	6	43266	卖盘
11:07:00	72.15	0.04	11	79365	买盘
11:06:57	72.11	--	2	14422	买盘
11:06:54	72.11	0.01	12	86532	买盘
11:06:51	72.1	0.01	7	50469	中性盘
11:06:48	72.09	-0.02	6	43254	卖盘
11:06:45	72.11	--	3	21633	买盘
11:06:42	72.11	--	2	14422	买盘
11:06:39	72.11	0.01	1	7211	买盘
11:06:36	72.1	-0.01	5	36050	中性盘
11:06:30	72.11	0.02	14	100954	买盘
11:06:27	72.09	0.01	3	21627	卖盘
11:06:24	72.08	--	4	28832	卖盘
11:06:21	72.08	--	14	100912	卖盘
11:06:18	72.08	--	2	14416	买盘
11:06:15	72.08	0.01	7	50456	买盘
11:06:12	72.07	--	5	36035	卖盘
11:06:06	72.07	-0.01	13	93690	卖盘
11:06:03	72.08	0.01	14	100912	买盘
11:06:00	72.07	-0.01	14	100897	卖盘
11:05:57	72.08	0.01	8	57664	中性盘
11:05:51	72.07	-0.08	22	158553	卖盘
11:05:48	72.15	0.05	2	14430	买盘
11:05:45	72.1	0.01	8	57679	买盘
11:05:42	72.09	0.02	3	21627	中性盘
11:05:39	72.07	-0.04	4	28827	卖盘
11:05:36	72.11	0.02	14	100954	买盘
11:05:33	72.09	0.02	18	129762	买盘
11:05:30	72.07	0.02	4	28827	中性盘
11:05:27	72.05	-0.04	7	50435	卖盘
11:05:24	72.09	0.04	6	43254	买盘
11:05:21	72.05	-0.02	10	72050	卖盘
11:05:18	72.07	--	4	28827	卖盘
11:05:15	72.07	0.02	1	7206	中性盘
11:05:09	72.05	--	10	72050	卖盘
11:05:06	72.05	-0.06	17	122485	卖盘
11:05:03	72.11	0.05	38	274018	买盘
11:04:57	72.06	0.04	8	57648	中性盘
11:04:54	72.02	--	6	43212	卖盘
11:04:51	72.02	-0.07	19	136838	卖盘
11:04:48	72.09	--	24	173016	买盘
11:04:45	72.09	0.07	16	115344	买盘
11:04:42	72.02	-0.09	4	28808	中性盘
11:04:33	72.11	0.1	10	72110	买盘
11:04:30	72.01	0.01	6	43206	卖盘
11:04:27	72.0	--	10	72000	卖盘
11:04:21	72.0	-0.13	6	43200	卖盘
11:04:18	72.13	0.13	23	165899	买盘
11:04:12	72.0	--	4	28800	卖盘
11:04:09	72.0	0.01	4	28800	中性盘
11:04:00	71.99	--	22	158378	卖盘
11:03:57	71.99	--	4	28795	卖盘
11:03:54	71.99	-0.14	96	691104	卖盘
11:03:51	72.13	0.14	47	339011	中性盘
11:03:48	71.99	-0.01	209	1504591	卖盘
11:03:45	72.0	-0.02	265	1908000	卖盘
11:03:39	72.02	--	1	7202	卖盘
11:03:36	72.02	--	6	43212	卖盘
11:03:33	72.02	--	4	28808	卖盘
11:03:30	72.02	--	22	158444	卖盘
11:03:27	72.02	--	13	93626	买盘
11:03:21	72.02	--	62	446524	买盘
11:03:18	72.02	0.01	8	57616	买盘
11:03:15	72.01	0.01	1	7201	卖盘
11:03:12	72.0	-0.02	4	28800	卖盘
11:03:09	72.02	-0.14	3	21606	卖盘
11:03:06	72.16	0.16	11	79376	买盘
11:03:03	72.0	--	17	122400	卖盘
11:03:00	72.0	--	20	144000	卖盘
11:02:57	72.0	--	32	230400	买盘
11:02:54	72.0	0.01	25	180000	买盘
11:02:51	71.99	0.01	24	172776	卖盘
11:02:48	71.98	--	4	28792	卖盘
11:02:45	71.98	--	22	158356	卖盘
11:02:42	71.98	-0.04	7	50386	卖盘
11:02:39	72.02	--	5	36010	卖盘
11:02:36	72.02	0.03	10	72020	买盘
11:02:33	71.99	-0.01	20	143980	卖盘
11:02:30	72.0	--	42	302400	卖盘
11:02:27	72.0	--	59	424800	卖盘
11:02:21	72.0	--	16	115200	卖盘
11:02:18	72.0	--	14	100800	卖盘
11:02:15	72.0	--	1	7200	卖盘
11:02:12	72.0	--	15	108000	卖盘
11:02:06	72.0	--	66	476352	买盘
11:02:03	72.0	0.01	1	7200	买盘
11:02:00	71.99	-0.01	15	107984	卖盘
11:01:57	72.0	--	7	50400	买盘
11:01:54	72.0	-0.02	74	538848	卖盘
11:01:51	72.02	0.01	10	72020	中性盘
11:01:48	72.01	-0.07	155	1116155	卖盘
11:01:45	72.08	--	4	28832	买盘
11:01:42	72.08	0.06	33	237864	中性盘
11:01:39	72.02	-0.03	13	93626	卖盘
11:01:33	72.05	-0.02	31	223355	卖盘
11:01:30	72.07	-0.01	15	108104	卖盘
11:01:21	72.08	-0.01	23	165784	卖盘
11:01:18	72.09	--	5	36045	卖盘
11:01:15	72.09	-0.1	16	115344	卖盘
11:01:12	72.19	0.08	4	28876	卖盘
11:01:09	72.11	-0.01	2	14422	买盘
11:01:06	72.12	-0.05	9	64908	卖盘
11:01:03	72.17	-0.01	24	173208	卖盘
11:00:57	72.18	-0.02	14	101052	卖盘
11:00:54	72.2	--	67	483740	卖盘
11:00:51	72.2	--	4	28880	卖盘
11:00:45	72.2	--	4	28880	卖盘
11:00:42	72.2	-0.01	7	50540	卖盘
11:00:39	72.21	0.01	4	28883	中性盘
11:00:30	72.2	--	10	72200	卖盘
11:00:27	72.2	--	13	93860	卖盘
11:00:24	72.2	0.01	4	28880	买盘
11:00:21	72.19	--	4	28876	卖盘
11:00:18	72.19	-0.11	2	14438	卖盘
11:00:15	72.3	0.1	8	57840	买盘
11:00:12	72.2	--	15	108300	卖盘
11:00:09	72.2	--	5	36100	卖盘
11:00:06	72.2	--	2	14440	卖盘
11:00:03	72.2	--	4	28880	卖盘
11:00:00	72.2	-0.12	18	129960	卖盘
10:59:57	72.32	0.12	3	21695	买盘
10:59:51	72.2	-0.01	4	28880	卖盘
10:59:48	72.21	-0.13	2	14441	中性盘
10:59:42	72.34	0.14	1	7234	中性盘
10:59:39	72.2	-0.06	4	28880	卖盘
10:59:36	72.26	-0.08	2	14452	买盘
10:59:33	72.34	--	5	36170	买盘
10:59:30	72.34	0.13	10	72340	买盘
10:59:27	72.21	-0.05	12	86651	卖盘
10:59:24	72.26	0.01	1	7226	买盘
10:59:21	72.25	-0.11	3	21675	卖盘
10:59:18	72.36	0.1	2	14472	买盘
10:59:15	72.26	-0.01	15	108390	卖盘
10:59:12	72.27	--	4	28908	卖盘
10:59:06	72.27	--	18	130086	卖盘
10:59:03	72.27	--	7	50589	买盘
10:59:00	72.27	-0.04	1	7227	卖盘
10:58:57	72.31	0.04	4	28924	中性盘
10:58:51	72.27	-0.15	13	93951	卖盘
10:58:45	72.42	0.16	36	260712	买盘
10:58:42	72.26	-0.03	12	86712	卖盘
10:58:33	72.29	-0.01	4	28916	卖盘
10:58:27	72.3	-0.13	4	28920	中性盘
10:58:24	72.43	0.16	21	152103	买盘
10:58:21	72.27	--	7	50589	卖盘
10:58:18	72.27	--	6	43362	卖盘
10:58:12	72.27	--	9	65043	卖盘
10:58:09	72.27	-0.03	8	57816	卖盘
10:58:06	72.3	--	6	43380	买盘
10:58:03	72.3	0.03	5	36150	买盘
10:58:00	72.27	--	9	65043	卖盘
10:57:54	72.27	-0.01	18	130086	卖盘
10:57:51	72.28	--	15	108420	卖盘
10:57:39	72.28	-0.19	4	28912	卖盘
10:57:36	72.47	0.2	70	507290	买盘
10:57:33	72.27	--	13	93951	卖盘
10:57:30	72.27	-0.1	4	28908	卖盘
10:57:21	72.37	0.1	16	115792	买盘
10:57:18	72.27	-0.1	7	50589	卖盘
10:57:15	72.37	0.04	17	123029	买盘
10:57:12	72.33	-0.04	22	159126	卖盘
10:57:09	72.37	0.01	2	14474	买盘
10:57:06	72.36	-0.01	19	137484	卖盘
10:57:03	72.37	--	7	50659	买盘
10:57:00	72.37	0.01	2	14474	买盘
10:56:57	72.36	--	5	36180	卖盘
10:56:54	72.36	0.03	11	79596	买盘
10:56:51	72.33	--	10	72330	卖盘
10:56:45	72.33	-0.04	11	79563	卖盘
10:56:42	72.37	0.02	7	50659	中性盘
10:56:36	72.35	--	10	72350	卖盘
10:56:33	72.35	-0.03	9	65114	卖盘
10:56:30	72.38	0.01	11	79618	买盘
10:56:27	72.37	--	2	14474	买盘
10:56:24	72.37	--	6	43422	买盘
10:56:21	72.37	--	10	72370	买盘
10:56:18	72.37	--	1	7237	买盘
10:56:15	72.37	0.02	2	14474	买盘
10:56:12	72.35	--	2	14469	卖盘
10:56:09	72.35	--	12	86820	卖盘
10:56:06	72.35	--	1	7234	卖盘
10:56:03	72.35	0.02	36	260459	买盘
10:56:00	72.33	0.06	2	14466	买盘
10:55:57	72.27	-0.06	4	28908	卖盘
10:55:54	72.33	0.01	2	14466	买盘
10:55:51	72.32	-0.01	11	79551	卖盘
10:55:48	72.33	0.01	2	14466	买盘
10:55:45	72.32	--	7	50623	卖盘
10:55:42	72.32	0.05	7	50623	买盘
10:55:36	72.27	--	4	28908	卖盘
10:55:33	72.27	-0.03	11	79497	卖盘
10:55:30	72.3	--	8	57840	买盘
10:55:27	72.3	0.02	2	14460	买盘
10:55:24	72.28	-0.02	12	86736	卖盘
10:55:21	72.3	0.02	8	57840	买盘
10:55:15	72.28	--	6	43368	卖盘
10:55:12	72.28	-0.02	10	72280	卖盘
10:55:03	72.3	--	10	72300	买盘
10:55:00	72.3	0.03	2	14460	买盘
10:54:57	72.27	-0.03	25	180675	卖盘
10:54:54	72.3	0.02	2	14460	买盘
10:54:51	72.28	0.01	25	180700	买盘
10:54:48	72.27	-0.01	27	195129	卖盘
10:54:45	72.28	0.01	2	14456	买盘
10:54:42	72.27	-0.01	8	57816	卖盘
10:54:39	72.28	0.01	5	36140	买盘
10:54:36	72.27	0.01	41	296307	买盘
10:54:33	72.26	-0.01	1	7226	卖盘
10:54:30	72.27	0.08	2	14454	买盘
10:54:27	72.19	-0.08	6	43314	卖盘
10:54:24	72.27	0.01	5	36135	买盘
10:54:21	72.26	-0.01	6	43356	卖盘
10:54:18	72.27	--	6	43362	买盘
10:54:15	72.27	-0.01	3	21681	中性盘
10:54:12	72.28	0.1	9	65052	买盘
10:54:09	72.18	-0.06	4	28872	卖盘
10:54:06	72.24	0.06	2	14447	买盘
10:54:03	72.18	--	63	454878	买盘
10:54:00	72.18	--	20	144360	买盘
10:53:57	72.18	--	14	101052	买盘
10:53:54	72.18	--	4	28872	买盘
10:53:51	72.18	-0.07	95	685710	卖盘
10:53:45	72.25	-0.04	10	72250	中性盘
10:53:42	72.29	0.05	54	390366	买盘
10:53:36	72.24	0.05	3	21672	卖盘
10:53:30	72.19	-0.05	31	223789	卖盘
10:53:27	72.24	0.06	14	101136	买盘
10:53:21	72.18	-0.06	17	122706	卖盘
10:53:18	72.24	0.07	21	151704	买盘
10:53:15	72.17	--	4	28868	卖盘
10:53:12	72.17	-0.01	4	28868	卖盘
10:53:06	72.18	0.04	379	2735622	买盘
10:53:03	72.14	--	5	36070	买盘
10:53:00	72.14	--	9	64926	买盘
10:52:54	72.14	--	21	151494	买盘
10:52:51	72.14	0.05	2	14428	买盘
10:52:48	72.09	-0.05	11	79299	卖盘
10:52:45	72.14	--	19	137066	买盘
10:52:42	72.14	0.05	5	36070	买盘
10:52:39	72.09	0.02	64	461376	中性盘
10:52:33	72.07	--	10	72070	卖盘
10:52:30	72.07	--	8	57655	卖盘
10:52:24	72.07	0.02	93	671404	买盘
10:52:21	72.05	0.04	4	28820	中性盘
10:52:18	72.01	-0.06	14	100814	卖盘
10:52:12	72.07	0.07	4	28827	买盘
10:52:09	72.0	-0.07	6	43200	卖盘
10:52:06	72.07	0.07	1	7206	买盘
10:52:00	72.0	--	1	7200	卖盘
10:51:57	72.0	-0.07	3	21600	中性盘
10:51:54	72.07	0.07	46	331521	买盘
10:51:51	72.0	--	54	388800	买盘
10:51:48	72.0	--	5	36000	买盘
10:51:45	72.0	--	3	21600	买盘
10:51:42	72.0	--	4	28800	买盘
10:51:39	72.0	--	9	64800	买盘
10:51:36	72.0	--	1	7200	买盘
10:51:33	72.0	--	2	14400	买盘
10:51:30	72.0	--	7	50400	买盘
10:51:27	72.0	--	5	36000	买盘
10:51:24	72.0	--	21	151200	买盘
10:51:21	72.0	-0.07	180	1296000	卖盘
10:51:18	72.07	--	30	216209	买盘
10:51:15	72.07	--	4	28827	买盘
10:51:12	72.07	--	25	180174	买盘
10:51:09	72.07	--	26	187381	买盘
10:51:06	72.07	--	219	1578332	买盘
10:51:03	72.07	-0.06	147	1059429	卖盘
10:51:00	72.13	0.01	11	79343	买盘
10:50:57	72.12	--	6	43272	卖盘
10:50:51	72.12	-0.01	7	50484	卖盘
10:50:48	72.13	--	1	7213	买盘
10:50:42	72.13	0.02	16	115408	买盘
10:50:39	72.11	--	3	21633	卖盘
10:50:36	72.11	--	6	43266	卖盘
10:50:30	72.11	-0.01	4	28844	卖盘
10:50:27	72.12	0.02	2	14424	买盘
10:50:24	72.1	--	5	36050	买盘
10:50:21	72.1	--	8	57679	买盘
10:50:15	72.1	-0.01	4	28839	卖盘
10:50:12	72.11	0.02	6	43266	买盘
10:50:06	72.09	--	1	7209	买盘
10:50:03	72.09	--	3	21627	买盘
10:50:00	72.09	0.02	3	21627	买盘
10:49:57	72.07	--	5	36035	卖盘
10:49:54	72.07	--	10	72070	卖盘
10:49:51	72.07	0.06	36	259451	买盘
10:49:45	72.01	-0.04	2	14402	卖盘
10:49:42	72.05	0.05	23	165715	买盘
10:49:36	72.0	-0.01	3	21600	卖盘
10:49:33	72.01	--	2	14402	买盘
10:49:30	72.01	0.01	14	100814	卖盘
10:49:18	72.0	--	3	21600	卖盘
10:49:12	72.0	--	10	72000	买盘
10:49:09	72.0	--	5	36000	买盘
10:49:06	72.0	--	2	14400	买盘
10:49:03	72.0	--	7	50400	买盘
10:49:00	72.0	--	78	561600	买盘
10:48:57	72.0	--	38	273600	买盘
10:48:54	72.0	--	17	122400	买盘
10:48:51	72.0	--	122	878400	买盘
10:48:48	72.0	--	14	100800	买盘
10:48:45	72.0	--	23	165600	买盘
10:48:42	72.0	--	14	100800	买盘
10:48:39	72.0	--	73	525600	买盘
10:48:36	72.0	-0.08	120	864000	卖盘
10:48:33	72.08	--	5	36040	买盘
10:48:30	72.08	--	1	7208	买盘
10:48:24	72.08	0.08	13	93704	买盘
10:48:21	72.0	--	10	72000	卖盘
10:48:18	72.0	--	21	151200	买盘
10:48:15	72.0	--	3	21600	买盘
10:48:12	72.0	0.01	33	237600	买盘
10:48:09	71.99	-0.01	5	35995	买盘
10:48:03	72.0	0.02	2	14400	买盘
10:48:00	71.98	--	12	86376	卖盘
10:47:57	71.98	0.01	44	316712	买盘
10:47:54	71.97	-0.01	25	180644	卖盘
10:47:51	71.98	0.01	17	122366	买盘
10:47:48	71.97	-0.01	2	14394	中性盘
10:47:45	71.98	--	9	64782	买盘
10:47:42	71.98	--	16	115168	买盘
10:47:39	71.98	0.01	5	35990	买盘
10:47:36	71.97	--	10	71970	卖盘
10:47:33	71.97	-0.01	13	93561	卖盘
10:47:30	71.98	--	33	237534	买盘
10:47:27	71.98	--	4	28792	买盘
10:47:24	71.98	0.02	27	194346	买盘
10:47:21	71.96	-0.01	9	64763	卖盘
10:47:18	71.97	0.01	7	50379	中性盘
10:47:15	71.96	--	3	21587	卖盘
10:47:12	71.96	-0.01	4	28783	卖盘
10:47:06	71.97	--	5	35985	买盘
10:47:03	71.97	--	2	14394	买盘
10:47:00	71.97	0.01	20	143940	买盘
10:46:57	71.96	--	2	14391	卖盘
10:46:54	71.96	--	54	388583	卖盘
10:46:51	71.96	-0.01	16	115135	卖盘
10:46:45	71.97	--	12	86364	买盘
10:46:42	71.97	0.01	21	151137	买盘
10:46:39	71.96	-0.01	13	93547	卖盘
10:46:33	71.97	--	16	115152	买盘
10:46:30	71.97	-0.01	4	28788	买盘
10:46:27	71.98	--	7	50386	买盘
10:46:24	71.98	0.02	18	129564	买盘
10:46:21	71.96	-0.02	37	266252	卖盘
10:46:18	71.98	--	3	21594	买盘
10:46:15	71.98	--	10	71980	买盘
10:46:12	71.98	--	12	86376	买盘
10:46:09	71.98	--	2	14396	买盘
10:46:06	71.98	--	5	35990	买盘
10:46:03	71.98	-0.01	44	316712	卖盘
10:46:00	71.99	--	104	748696	卖盘
10:45:57	71.99	0.01	3	21597	买盘
10:45:54	71.98	--	9	64782	卖盘
10:45:51	71.98	-0.01	6	43188	卖盘
10:45:48	71.99	--	10	71990	买盘
10:45:45	71.99	--	2	14397	买盘
10:45:42	71.99	0.01	5	35995	买盘
10:45:33	71.98	--	6	43188	买盘
10:45:30	71.98	--	4	28792	买盘
10:45:27	71.98	0.03	30	215940	买盘
10:45:24	71.95	--	1	7195	卖盘
10:45:21	71.95	--	13	93535	卖盘
10:45:18	71.95	--	18	129510	买盘
10:45:15	71.95	0.01	1	7195	买盘
10:45:12	71.94	0.01	8	57552	卖盘
10:45:09	71.93	-0.01	44	316492	卖盘
10:45:06	71.94	-0.01	6	43164	卖盘
10:45:03	71.95	0.01	7	50365	买盘
10:45:00	71.94	--	12	86328	买盘
10:44:57	71.94	0.01	1	7194	买盘
10:44:54	71.93	--	13	93509	卖盘
10:44:51	71.93	-0.02	118	848774	卖盘
10:44:45	71.95	0.01	17	122315	买盘
10:44:42	71.94	--	6	43164	买盘
10:44:39	71.94	--	11	79134	买盘
10:44:36	71.94	--	9	64746	买盘
10:44:33	71.94	--	10	71940	买盘
10:44:30	71.94	0.01	4	28776	买盘
10:44:24	71.93	--	40	287720	买盘
10:44:21	71.93	-0.02	7	50351	中性盘
10:44:18	71.95	0.03	61	438895	买盘
10:44:15	71.92	-0.01	6	43152	卖盘
10:44:12	71.93	-0.02	19	136667	卖盘
10:44:09	71.95	--	22	158290	买盘
10:44:06	71.95	--	2	14390	买盘
10:44:03	71.95	--	9	64755	买盘
10:44:00	71.95	0.02	17	122315	买盘
10:43:57	71.93	--	2	14386	买盘
10:43:54	71.93	0.01	10	71930	买盘
10:43:51	71.92	-0.01	6	43152	卖盘
10:43:48	71.93	--	10	71930	买盘
10:43:45	71.93	--	15	107895	买盘
10:43:42	71.93	-0.02	39	280527	卖盘
10:43:39	71.95	0.01	2	14390	买盘
10:43:36	71.94	--	43	309342	买盘
10:43:33	71.94	--	11	79134	买盘
10:43:30	71.94	--	2	14388	买盘
10:43:24	71.94	-0.01	60	431640	卖盘
10:43:21	71.95	--	6	43170	买盘
10:43:18	71.95	--	17	122315	买盘
10:43:15	71.95	0.01	5	35975	买盘
10:43:12	71.94	-0.01	27	194238	卖盘
10:43:09	71.95	--	32	230240	买盘
10:43:06	71.95	-0.01	189	1359855	卖盘
10:43:03	71.96	-0.04	21	151116	卖盘
10:43:00	72.0	0.04	17	122400	买盘
10:42:57	71.96	-0.02	10	71960	卖盘
10:42:54	71.98	0.03	6	43188	买盘
10:42:51	71.95	-0.05	20	143900	卖盘
10:42:45	72.0	--	21	151200	买盘
10:42:42	72.0	0.05	32	230400	买盘
10:42:36	71.95	--	5	35975	卖盘
10:42:33	71.95	--	22	158290	买盘
10:42:30	71.95	--	20	143900	买盘
10:42:24	71.95	0.03	19	136705	买盘
10:42:21	71.92	-0.03	19	136648	卖盘
10:42:18	71.95	0.03	2	14390	买盘
10:42:15	71.92	-0.02	13	93496	卖盘
10:42:12	71.94	-0.01	4	28776	卖盘
10:42:09	71.95	--	30	215850	买盘
10:42:06	71.95	0.01	10	71950	买盘
10:42:03	71.94	0.01	1	7194	买盘
10:42:00	71.93	-0.02	6	43158	卖盘
10:41:57	71.95	-0.04	4	28780	中性盘
10:41:54	71.99	0.01	164	1180636	买盘
10:41:51	71.98	0.03	18	129564	中性盘
10:41:45	71.95	--	11	79145	买盘
10:41:42	71.95	0.03	11	79145	买盘
10:41:39	71.92	-0.06	136	978112	卖盘
10:41:36	71.98	0.03	10	71980	买盘
10:41:33	71.95	0.02	5	35975	买盘
10:41:30	71.93	--	1	7193	卖盘
10:41:27	71.93	-0.02	6	43158	卖盘
10:41:24	71.95	0.02	6	43170	卖盘
10:41:21	71.93	-0.02	10	71930	卖盘
10:41:18	71.95	0.05	7	50365	买盘
10:41:15	71.9	--	3	21570	卖盘
10:41:12	71.9	--	4	28760	卖盘
10:41:09	71.9	--	91	657813	买盘
10:41:06	71.9	--	22	158180	买盘
10:41:03	71.9	0.02	8	57520	买盘
10:41:00	71.88	0.02	44	316272	中性盘
10:40:57	71.86	-0.04	137	984482	卖盘
10:40:54	71.9	0.02	10	71900	买盘
10:40:51	71.88	-0.02	41	294708	卖盘
10:40:48	71.9	--	12	86280	买盘
10:40:45	71.9	--	4	28760	买盘
10:40:42	71.9	--	7	50330	买盘
10:40:39	71.9	-0.05	268	1928717	卖盘
10:40:36	71.95	--	43	309385	卖盘
10:40:30	71.95	--	176	1271716	买盘
10:40:27	71.95	--	15	107925	买盘
10:40:24	71.95	0.01	144	1036080	卖盘
10:40:21	71.94	-0.03	103	740982	卖盘
10:40:18	71.97	0.02	14	100758	买盘
10:40:15	71.95	-0.01	70	503650	卖盘
10:40:12	71.96	0.01	20	143920	中性盘
10:40:09	71.95	-0.02	14	100730	卖盘
10:39:57	71.97	-0.02	40	287880	买盘
10:39:54	71.99	--	34	244765	买盘
10:39:51	71.99	0.01	235	1691764	买盘
10:39:48	71.98	-0.01	30	215940	卖盘
10:39:45	71.99	--	130	935869	买盘
10:39:42	71.99	--	12	86388	买盘
10:39:39	71.99	--	6	43194	买盘
10:39:36	71.99	--	9	64790	买盘
10:39:30	71.99	0.01	53	381547	卖盘
10:39:27	71.98	--	98	705404	卖盘
10:39:24	71.98	--	163	1173274	买盘
10:39:21	71.98	--	8	57584	买盘
10:39:18	71.98	--	8	57584	买盘
10:39:15	71.98	--	10	71980	买盘
10:39:09	71.98	--	9	64782	买盘
10:39:06	71.98	--	6	43188	买盘
10:39:03	71.98	-0.01	82	590236	卖盘
10:39:00	71.99	0.01	4	28795	中性盘
10:38:57	71.98	-0.01	47	338306	卖盘
10:38:54	71.99	--	35	251964	买盘
10:38:51	71.99	--	23	165577	买盘
10:38:48	71.99	--	9	64790	买盘
10:38:45	71.99	0.01	15	107984	买盘
10:38:42	71.98	--	4	28792	卖盘
10:38:39	71.98	0.02	70	503860	买盘
10:38:36	71.96	--	27	194291	卖盘
10:38:33	71.96	--	1	7195	卖盘
10:38:30	71.96	-0.02	9	64763	卖盘
10:38:27	71.98	0.03	43	309514	买盘
10:38:24	71.95	--	6	43170	买盘
10:38:21	71.95	--	12	86340	买盘
10:38:18	71.95	--	19	136705	买盘
10:38:15	71.95	--	16	115120	买盘
10:38:12	71.95	--	5	35975	买盘
10:38:09	71.95	-0.01	27	194265	卖盘
10:38:06	71.96	--	18	129527	买盘
10:38:03	71.96	--	7	50371	买盘
10:38:00	71.96	0.01	6	43175	买盘
10:37:57	71.95	-0.01	1	7195	卖盘
10:37:54	71.96	--	3	21587	买盘
10:37:51	71.96	-0.03	1	7195	买盘
10:37:48	71.99	--	1	7198	买盘
10:37:45	71.99	-0.01	4	28795	卖盘
10:37:42	72.0	0.1	5	36000	买盘
10:37:39	71.9	-0.15	157	1128830	卖盘
10:37:30	72.05	0.15	3	21615	买盘
10:37:27	71.9	-0.1	151	1085690	卖盘
10:37:24	72.0	0.02	37	266400	买盘
10:37:21	71.98	0.07	10	71980	卖盘
10:37:18	71.91	-0.14	156	1121796	卖盘
10:37:15	72.05	0.06	14	100870	买盘
10:37:12	71.99	0.04	6	43194	中性盘
10:37:09	71.95	-0.04	82	589990	卖盘
10:37:06	71.99	--	1	7198	买盘
10:37:03	71.99	--	3	21597	买盘
10:37:00	71.99	--	6	43194	卖盘
10:36:57	71.99	--	2	14397	卖盘
10:36:54	71.99	0.02	30	215969	买盘
10:36:51	71.97	0.02	22	158334	买盘
10:36:48	71.95	-0.02	18	129510	卖盘
10:36:45	71.97	-0.02	4	28788	中性盘
10:36:42	71.99	--	76	547124	买盘
10:36:39	71.99	0.06	8	57591	买盘
10:36:36	71.93	-0.04	8	57544	买盘
10:36:33	71.97	--	2	14394	中性盘
10:36:30	71.97	-0.02	37	266289	卖盘
10:36:27	71.99	0.04	12	86388	买盘
10:36:24	71.95	--	2	14390	买盘
10:36:21	71.95	-0.02	13	93535	卖盘
10:36:18	71.97	0.02	4	28788	买盘
10:36:15	71.95	-0.02	18	129510	卖盘
10:36:12	71.97	0.07	7	50379	买盘
10:36:06	71.9	--	32	230080	买盘
10:36:03	71.9	--	15	107850	买盘
10:36:00	71.9	--	26	186940	买盘
10:35:57	71.9	-0.07	156	1121640	卖盘
10:35:54	71.97	0.02	7	50379	买盘
10:35:51	71.95	--	4	28780	买盘
10:35:48	71.95	-0.03	4	28780	中性盘
10:35:45	71.98	--	13	93574	卖盘
10:35:42	71.98	0.1	48	345504	买盘
10:35:39	71.88	-0.11	210	1509480	卖盘
10:35:36	71.99	0.04	3	21597	买盘
10:35:33	71.95	0.07	9	64755	买盘
10:35:30	71.88	--	33	237203	买盘
10:35:27	71.88	--	244	1753872	买盘
10:35:24	71.88	-0.07	169	1214772	卖盘
10:35:21	71.95	-0.04	5	35975	卖盘
10:35:18	71.99	0.04	11	79189	买盘
10:35:15	71.95	0.03	30	215850	中性盘
10:35:12	71.92	--	4	28768	卖盘
10:35:09	71.92	--	18	129456	买盘
10:35:06	71.92	--	20	143840	买盘
10:35:03	71.92	0.01	16	115072	买盘
10:35:00	71.91	--	4	28764	卖盘
10:34:57	71.91	0.06	8	57528	买盘
10:34:54	71.85	-0.03	163	1171155	卖盘
10:34:51	71.88	--	14	100632	卖盘
10:34:48	71.88	-0.03	110	790680	卖盘
10:34:45	71.91	0.06	12	86292	买盘
10:34:42	71.85	-0.05	36	258659	卖盘
10:34:39	71.9	0.05	10	71900	买盘
10:34:36	71.85	--	32	229919	买盘
10:34:33	71.85	0.02	25	179625	买盘
10:34:30	71.83	-0.02	9	64647	卖盘
10:34:27	71.85	0.01	11	79035	买盘
10:34:24	71.84	-0.01	9	64656	卖盘
10:34:21	71.85	--	16	114959	买盘
10:34:18	71.85	-0.05	111	797534	卖盘
10:34:15	71.9	-0.01	56	402640	卖盘
10:34:12	71.91	-0.01	54	388314	卖盘
10:34:09	71.92	--	34	244528	买盘
10:34:06	71.92	--	26	186992	买盘
10:34:03	71.92	-0.03	26	186992	卖盘
10:34:00	71.95	--	5	35975	买盘
10:33:57	71.95	--	6	43170	买盘
10:33:54	71.95	--	16	115120	买盘
10:33:51	71.95	--	39	280605	买盘
10:33:48	71.95	-0.05	462	3324090	卖盘
10:33:45	72.0	0.01	31	223200	买盘
10:33:42	71.99	-0.01	130	935869	卖盘
10:33:39	72.0	--	28	201600	买盘
10:33:36	72.0	--	42	302400	买盘
10:33:33	72.0	--	24	172800	买盘
10:33:30	72.0	-0.05	485	3492000	卖盘
10:33:27	72.05	--	272	1959760	买盘
10:33:24	72.05	--	2	14410	买盘
10:33:21	72.05	-0.06	5	36025	中性盘
10:33:18	72.11	0.02	66	475926	买盘
10:33:15	72.09	--	55	396495	卖盘
10:33:12	72.09	0.04	53	382077	买盘
10:33:09	72.05	0.03	12	86460	中性盘
10:33:06	72.02	-0.01	84	604968	卖盘
10:33:03	72.03	--	11	79233	卖盘
10:33:00	72.03	0.02	352	2535456	中性盘
10:32:57	72.01	-0.02	149	1072949	卖盘
10:32:54	72.03	--	70	504210	卖盘
10:32:51	72.03	-0.02	52	374556	卖盘
10:32:48	72.05	-0.07	60	432300	卖盘
10:32:45	72.12	0.06	90	649080	买盘
10:32:42	72.06	--	9	64854	买盘
10:32:39	72.06	0.01	12	86472	买盘
10:32:36	72.05	-0.07	241	1736405	卖盘
10:32:33	72.12	0.02	27	194724	买盘
10:32:30	72.1	0.02	55	396549	卖盘
10:32:27	72.08	-0.04	204	1470432	卖盘
10:32:24	72.12	0.01	19	137028	卖盘
10:32:21	72.11	-0.01	50	360550	卖盘
10:32:18	72.12	-0.02	12	86544	卖盘
10:32:15	72.14	0.02	20	144280	买盘
10:32:12	72.12	--	15	108180	买盘
10:32:09	72.12	--	162	1168344	买盘
10:32:06	72.12	--	17	122604	买盘
10:32:03	72.12	--	1	7212	买盘
10:32:00	72.12	-0.02	22	158664	卖盘
10:31:57	72.14	0.02	6	43284	买盘
10:31:54	72.12	0.01	95	685140	买盘
10:31:51	72.11	-0.02	18	129798	卖盘
10:31:48	72.13	-0.03	51	367863	卖盘
10:31:45	72.16	0.01	11	79376	买盘
10:31:42	72.15	-0.01	12	86580	卖盘
10:31:39	72.16	--	23	165968	买盘
10:31:36	72.16	--	11	79376	买盘
10:31:33	72.16	--	26	187616	买盘
10:31:30	72.16	--	7	50512	买盘
10:31:27	72.16	-0.04	92	663872	卖盘
10:31:21	72.2	--	8	57760	卖盘
10:31:18	72.2	--	16	115520	卖盘
10:31:12	72.2	0.01	6	43320	买盘
10:31:09	72.19	--	37	267103	卖盘
10:31:06	72.19	--	12	86628	卖盘
10:31:00	72.19	--	26	187694	卖盘
10:30:57	72.19	-0.01	6	43314	卖盘
10:30:54	72.2	--	28	202160	买盘
10:30:51	72.2	--	6	43320	买盘
10:30:48	72.2	--	13	93860	买盘
10:30:45	72.2	-0.02	88	635360	卖盘
10:30:42	72.22	-0.01	3	21666	卖盘
10:30:33	72.23	--	2	14446	买盘
10:30:30	72.23	--	8	57784	卖盘
10:30:27	72.23	-0.02	6	43338	卖盘
10:30:24	72.25	--	9	65025	买盘
10:30:21	72.25	--	6	43350	买盘
10:30:18	72.25	--	45	325125	买盘
10:30:15	72.25	-0.05	116	839978	卖盘
10:30:12	72.3	--	10	72300	买盘
10:30:09	72.3	0.02	7	50610	买盘
10:30:06	72.28	-0.01	58	419224	卖盘
10:30:03	72.29	-0.01	1	7229	卖盘
10:30:00	72.3	--	9	65070	买盘
10:29:57	72.3	--	2	14460	买盘
10:29:54	72.3	--	1	7230	买盘
10:29:51	72.3	-0.02	16	115680	卖盘
10:29:48	72.32	-0.01	3	21695	卖盘
10:29:45	72.33	-0.02	2	14466	买盘
10:29:42	72.35	0.05	2	14469	中性盘
10:29:36	72.3	-0.03	28	202440	卖盘
10:29:33	72.33	0.04	15	108495	买盘
10:29:30	72.29	--	3	21687	卖盘
10:29:21	72.29	-0.03	4	28916	卖盘
10:29:18	72.32	0.03	2	14463	中性盘
10:29:15	72.29	-0.04	8	57832	卖盘
10:29:12	72.33	--	36	260388	买盘
10:29:09	72.33	--	10	72330	买盘
10:29:03	72.33	--	2	14466	买盘
10:29:00	72.33	--	12	86796	买盘
10:28:57	72.33	--	5	36165	买盘
10:28:54	72.33	--	16	115728	买盘
10:28:51	72.33	-0.07	62	448446	卖盘
10:28:48	72.4	0.07	33	238920	买盘
10:28:42	72.33	-0.05	8	57864	卖盘
10:28:39	72.38	0.05	12	86856	买盘
10:28:33	72.33	--	2	14466	卖盘
10:28:30	72.33	-0.05	4	28932	卖盘
10:28:27	72.38	0.05	21	151998	买盘
10:28:21	72.33	--	8	57864	卖盘
10:28:18	72.33	--	1	7233	卖盘
10:28:15	72.33	-0.05	1	7233	卖盘
10:28:12	72.38	0.05	6	43428	买盘
10:28:09	72.33	0.01	14	101262	中性盘
10:28:06	72.32	--	12	86783	卖盘
10:28:03	72.32	--	12	86783	卖盘
10:28:00	72.32	--	4	28927	卖盘
10:27:54	72.32	--	1	7231	卖盘
10:27:51	72.32	-0.06	2	14463	卖盘
10:27:45	72.38	0.06	1	7238	买盘
10:27:42	72.32	0.05	25	180799	买盘
10:27:39	72.27	-0.01	10	72270	卖盘
10:27:36	72.28	-0.01	30	216840	卖盘
10:27:33	72.29	0.01	8	57832	买盘
10:27:30	72.28	-0.04	6	43368	卖盘
10:27:27	72.32	0.03	10	72320	买盘
10:27:24	72.29	--	5	36145	卖盘
10:27:18	72.29	-0.03	3	21687	卖盘
10:27:12	72.32	0.03	24	173567	买盘
10:27:09	72.29	--	1	7229	买盘
10:27:03	72.29	0.02	1	7229	买盘
10:27:00	72.27	0.02	18	130086	买盘
10:26:57	72.25	--	23	166175	卖盘
10:26:54	72.25	-0.04	10	72250	卖盘
10:26:51	72.29	0.02	7	50603	买盘
10:26:48	72.27	--	4	28908	卖盘
10:26:45	72.27	--	3	21681	卖盘
10:26:42	72.27	0.02	12	92071	买盘
10:26:39	72.25	--	7	50575	买盘
10:26:36	72.25	--	1	7225	买盘
10:26:33	72.25	-0.02	5	36125	买盘
10:26:30	72.27	0.02	31	224037	买盘
10:26:27	72.25	-0.02	53	382925	卖盘
10:26:24	72.27	--	3	21681	买盘
10:26:21	72.27	--	14	101178	买盘
10:26:18	72.27	--	13	93951	买盘
10:26:15	72.27	--	10	72270	买盘
10:26:12	72.27	0.01	96	693792	买盘
10:26:09	72.26	-0.01	23	166198	卖盘
10:26:03	72.27	0.01	5	36135	买盘
10:26:00	72.26	-0.01	10	72260	卖盘
10:25:54	72.27	-0.03	286	2066922	卖盘
10:25:51	72.3	-0.01	15	108450	卖盘
10:25:42	72.31	--	24	173544	卖盘
10:25:36	72.31	--	18	130158	买盘
10:25:33	72.31	--	1	7231	买盘
10:25:30	72.31	--	10	72310	买盘
10:25:27	72.31	-0.09	8	57848	卖盘
10:25:24	72.4	--	9	65160	买盘
10:25:21	72.4	--	16	123007	卖盘
10:25:12	72.4	-0.01	7	50680	卖盘
10:25:09	72.41	0.01	1	7241	买盘
10:25:06	72.4	-0.02	6	43440	卖盘
10:25:03	72.42	0.01	7	50694	买盘
10:25:00	72.41	-0.01	19	137579	卖盘
10:24:54	72.42	0.01	2	14484	买盘
10:24:51	72.41	--	4	28964	卖盘
10:24:45	72.41	0.01	2	14482	卖盘
10:24:42	72.4	-0.02	113	818120	卖盘
10:24:36	72.42	0.01	4	28968	中性盘
10:24:33	72.41	--	17	123097	卖盘
10:24:30	72.41	--	5	36205	卖盘
10:24:27	72.41	--	11	79651	卖盘
10:24:18	72.41	-0.07	1	7241	卖盘
10:24:15	72.48	--	8	57984	买盘
10:24:12	72.48	-0.01	2	14496	中性盘
10:24:09	72.49	0.01	56	405944	买盘
10:24:06	72.48	--	12	86976	买盘
10:24:00	72.48	-0.02	22	159456	卖盘
10:23:57	72.5	--	1	7250	买盘
10:23:54	72.5	--	7	50750	买盘
10:23:51	72.5	0.02	32	232000	买盘
10:23:48	72.48	--	8	57984	卖盘
10:23:45	72.48	0.07	14	101472	买盘
10:23:42	72.41	0.01	6	43446	卖盘
10:23:36	72.4	--	2	14480	卖盘
10:23:33	72.4	--	60	434400	卖盘
10:23:30	72.4	-0.08	50	362000	卖盘
10:23:27	72.48	--	1	7248	买盘
10:23:24	72.48	0.08	5	36240	买盘
10:23:21	72.4	--	4	28960	卖盘
10:23:18	72.4	--	1	7240	卖盘
10:23:15	72.4	0.1	128	926792	买盘
10:23:12	72.3	--	9	65070	买盘
10:23:09	72.3	--	12	86760	买盘
10:23:06	72.3	0.01	124	896520	买盘
10:23:03	72.29	--	25	180725	买盘
10:23:00	72.29	--	31	224099	买盘
10:22:57	72.29	-0.01	7	50603	卖盘
10:22:54	72.3	--	5	36150	买盘
10:22:51	72.3	--	5	36150	买盘
10:22:48	72.3	--	15	108450	买盘
10:22:42	72.3	0.01	41	296430	买盘
10:22:39	72.29	0.02	18	130122	买盘
10:22:36	72.27	-0.03	30	216810	卖盘
10:22:33	72.3	0.05	12	86760	买盘
10:22:30	72.25	-0.05	4	28900	卖盘
10:22:27	72.3	--	84	607320	买盘
10:22:24	72.3	--	14	101220	买盘
10:22:21	72.3	--	13	93990	买盘
10:22:18	72.3	--	2	14460	买盘
10:22:15	72.3	--	32	231360	卖盘
10:22:12	72.3	-0.05	3	21690	卖盘
10:22:09	72.35	--	1	7234	买盘
10:22:06	72.35	0.04	18	130229	买盘
10:22:03	72.31	0.09	5	36155	买盘
10:22:00	72.22	--	6	43332	卖盘
10:21:57	72.22	0.01	15	108330	中性盘
10:21:45	72.21	0.02	69	498248	买盘
10:21:42	72.19	-0.02	87	628053	卖盘
10:21:39	72.21	0.01	13	93872	买盘
10:21:36	72.2	0.03	1	7220	卖盘
10:21:33	72.17	0.02	30	223654	买盘
10:21:30	72.15	-0.04	130	938022	卖盘
10:21:27	72.19	0.01	535	3862742	买盘
10:21:24	72.18	0.02	21	157424	买盘
10:21:21	72.16	--	371	2677857	卖盘
10:21:18	72.16	0.01	61	440176	中性盘
10:21:15	72.15	-0.01	60	432900	卖盘
10:21:12	72.16	0.01	10	72160	中性盘
10:21:06	72.15	-0.03	68	490620	卖盘
10:21:03	72.18	0.02	49	353682	买盘
10:21:00	72.16	--	14	101024	买盘
10:20:57	72.16	--	31	223696	买盘
10:20:54	72.16	--	4	28864	买盘
10:20:51	72.16	0.01	2	14432	中性盘
10:20:48	72.15	-0.03	46	331890	卖盘
10:20:45	72.18	--	62	447516	买盘
10:20:42	72.18	--	30	216540	卖盘
10:20:39	72.18	--	14	101052	卖盘
10:20:36	72.18	-0.01	4	28872	中性盘
10:20:33	72.19	0.01	74	534206	买盘
10:20:30	72.18	-0.02	17	122706	卖盘
10:20:27	72.2	0.02	12	86640	买盘
10:20:24	72.18	-0.02	17	122706	卖盘
10:20:21	72.2	0.01	67	483740	买盘
10:20:18	72.19	-0.01	25	180475	卖盘
10:20:15	72.2	--	27	194940	买盘
10:20:12	72.2	--	33	238260	买盘
10:20:09	72.2	--	62	447640	买盘
10:20:06	72.2	--	84	606480	买盘
10:20:03	72.2	-0.01	87	634782	卖盘
10:20:00	72.21	-0.01	197	1422536	卖盘
10:19:57	72.22	-0.02	72	520561	卖盘
10:19:54	72.24	0.02	3	21672	中性盘
10:19:51	72.22	--	15	108330	卖盘
10:19:48	72.22	-0.03	52	375544	卖盘
10:19:45	72.25	0.02	35	252875	买盘
10:19:42	72.23	--	12	86676	卖盘
10:19:39	72.23	-0.01	7	50561	卖盘
10:19:36	72.24	--	2	14447	买盘
10:19:33	72.24	-0.01	32	231167	卖盘
10:19:30	72.25	-0.04	38	274550	卖盘
10:19:27	72.29	-0.01	1	7229	买盘
10:19:24	72.3	--	3	21690	买盘
10:19:21	72.3	--	13	93990	买盘
10:19:18	72.3	0.02	5	36150	买盘
10:19:15	72.28	-0.02	25	180700	卖盘
10:19:12	72.3	--	7	50610	卖盘
10:19:09	72.3	--	98	708540	卖盘
10:19:06	72.3	-0.04	6	43380	卖盘
10:19:03	72.34	0.04	15	108510	买盘
10:19:00	72.3	--	74	535020	卖盘
10:18:57	72.3	--	55	397650	卖盘
10:18:54	72.3	-0.04	59	426570	卖盘
10:18:51	72.34	-0.01	16	115744	中性盘
10:18:48	72.35	0.04	24	173640	买盘
10:18:45	72.31	-0.04	28	202468	卖盘
