成交时间	成交价	价格变动	成交量(手)	成交额(元)	性质
15:00:03	38.9	-0.48	1645	6399050	卖盘
14:57:03	39.38	0.05	2	7876	买盘
14:56:54	39.33	--	2	7866	买盘
14:56:48	39.33	--	6	23598	卖盘
14:56:42	39.33	-0.05	1	3933	卖盘
14:56:36	39.38	--	1	3938	买盘
14:56:27	39.38	0.06	10	39380	中性盘
14:56:21	39.32	-0.06	18	70776	卖盘
14:56:06	39.38	0.06	9	35442	买盘
14:56:00	39.32	0.01	0	471	中性盘
14:55:57	39.31	--	8	31448	卖盘
14:55:36	39.31	0.02	89	350487	买盘
14:55:33	39.29	-0.01	27	109186	卖盘
14:55:30	39.3	-0.01	37	145410	卖盘
14:55:27	39.31	0.01	2	7862	买盘
14:55:24	39.3	--	5	19650	卖盘
14:55:18	39.3	-0.01	29	113969	卖盘
14:55:12	39.31	0.01	2	7862	买盘
14:55:00	39.3	-0.01	8	31439	卖盘
14:54:54	39.31	-0.08	54	212470	卖盘
14:54:51	39.39	0.04	3	11817	中性盘
14:54:45	39.35	-0.05	55	216425	卖盘
14:54:39	39.4	0.02	8	31520	买盘
14:54:33	39.38	--	3	11814	卖盘
14:54:30	39.38	-0.01	13	51194	卖盘
14:54:27	39.39	--	4	19498	买盘
14:54:24	39.39	--	10	39390	买盘
14:54:15	39.39	--	10	42226	卖盘
14:54:06	39.39	-0.01	3	11817	卖盘
14:53:57	39.4	--	2	8037	买盘
14:53:51	39.4	--	1	7722	卖盘
14:53:45	39.4	--	3	11977	买盘
14:53:36	39.4	--	7	27580	买盘
14:53:33	39.4	--	10	39400	买盘
14:53:24	39.4	--	9	35460	卖盘
14:53:15	39.4	--	17	66980	卖盘
14:53:06	39.4	-0.01	76	299440	卖盘
14:52:57	39.41	0.02	3	11822	买盘
14:52:42	39.39	--	5	19695	卖盘
14:52:36	39.39	--	24	94536	卖盘
14:52:30	39.39	-0.01	19	74841	卖盘
14:52:27	39.4	0.01	10	39400	买盘
14:52:21	39.39	--	2	7878	卖盘
14:52:18	39.39	-0.02	71	279669	卖盘
14:52:15	39.41	0.01	16	63055	中性盘
14:52:12	39.4	--	19	74860	卖盘
14:52:09	39.4	-0.01	10	39400	卖盘
14:52:06	39.41	-0.04	10	39410	卖盘
14:52:00	39.45	0.06	10	39450	买盘
14:51:36	39.39	-0.06	5	19695	卖盘
14:51:33	39.45	--	5	19725	买盘
14:51:24	39.45	--	10	43316	卖盘
14:51:09	39.45	--	70	276228	卖盘
14:51:00	39.45	--	8	31560	卖盘
14:50:57	39.45	-0.01	13	51285	卖盘
14:50:51	39.46	0.01	2	7892	买盘
14:50:42	39.45	--	22	86790	卖盘
14:50:36	39.45	--	34	134130	卖盘
14:50:33	39.45	--	33	130185	卖盘
14:50:30	39.45	-0.02	60	236700	卖盘
14:50:27	39.47	0.01	2	7894	买盘
14:50:24	39.46	0.01	4	15784	中性盘
14:50:12	39.45	-0.01	22	86790	卖盘
14:50:09	39.46	0.01	17	67082	买盘
14:50:03	39.45	0.04	19	74955	中性盘
14:49:54	39.41	-0.04	75	295575	卖盘
14:49:51	39.45	-0.01	12	47340	卖盘
14:49:45	39.46	--	1	3946	卖盘
14:49:39	39.46	0.01	13	51298	中性盘
14:49:33	39.45	-0.03	25	98625	卖盘
14:49:18	39.48	-0.02	5	19740	卖盘
14:49:09	39.5	0.01	13	51350	买盘
14:49:06	39.49	--	4	15796	卖盘
14:49:03	39.49	-0.01	3	11847	卖盘
14:49:00	39.5	--	3	11850	买盘
14:48:51	39.5	--	149	588550	卖盘
14:48:45	39.5	--	10	39500	卖盘
14:48:39	39.5	-0.03	19	75050	卖盘
14:48:33	39.53	--	5	19765	卖盘
14:48:30	39.53	0.03	6	23718	中性盘
14:48:00	39.5	-0.04	2	7900	卖盘
14:47:57	39.54	0.03	5	19770	买盘
14:47:51	39.51	--	8	31608	中性盘
14:47:30	39.51	0.01	5	19755	中性盘
14:47:24	39.5	-0.01	19	75050	卖盘
14:47:21	39.51	--	3	11853	买盘
14:47:15	39.51	--	1	3951	买盘
14:47:00	39.51	-0.03	8	31608	卖盘
14:46:54	39.54	0.01	2	7908	买盘
14:46:48	39.53	--	2	7906	买盘
14:46:39	39.53	-0.01	1	3953	卖盘
14:46:33	39.54	0.01	2	7908	中性盘
14:46:12	39.53	-0.04	1	3953	卖盘
14:46:03	39.57	0.02	20	79140	买盘
14:45:51	39.55	--	1	3954	买盘
14:45:36	39.55	0.03	5	19775	买盘
14:45:24	39.52	-0.01	13	51376	卖盘
14:45:21	39.53	0.01	1	3953	买盘
14:45:18	39.52	--	1	3952	卖盘
14:45:09	39.52	--	3	11856	卖盘
14:45:00	39.52	--	2	7904	卖盘
14:44:57	39.52	--	5	19760	卖盘
14:44:54	39.52	--	36	142272	买盘
14:44:48	39.52	0.01	10	39520	中性盘
14:44:33	39.51	-0.01	10	39510	卖盘
14:44:30	39.52	--	22	86944	卖盘
14:44:18	39.52	0.01	6	23712	买盘
14:44:15	39.51	--	5	19755	卖盘
14:44:12	39.51	--	3	11853	卖盘
14:44:03	39.51	0.01	7	27657	买盘
14:44:00	39.5	--	5	19750	卖盘
14:43:54	39.5	--	4	15800	卖盘
14:43:27	39.5	-0.01	3	11850	卖盘
14:43:18	39.51	--	1	3951	买盘
14:43:12	39.51	0.01	1	3951	买盘
14:43:06	39.5	--	26	102700	卖盘
14:42:48	39.5	-0.02	33	130350	卖盘
14:42:36	39.52	0.01	5	19760	中性盘
14:42:30	39.51	-0.01	26	102726	卖盘
14:42:21	39.52	--	1	3952	卖盘
14:42:18	39.52	0.01	3	11856	买盘
14:42:15	39.51	--	15	59265	卖盘
14:42:12	39.51	--	10	39510	卖盘
14:42:09	39.51	-0.01	50	197550	卖盘
14:42:00	39.52	0.01	10	39520	买盘
14:41:57	39.51	-0.01	28	110628	卖盘
14:41:48	39.52	--	1	3952	买盘
14:41:39	39.52	-0.03	6	23712	卖盘
14:41:30	39.55	0.03	4	15819	买盘
14:41:18	39.52	0.01	7	27664	中性盘
14:41:12	39.51	-0.01	34	134334	卖盘
14:41:09	39.52	--	9	35568	卖盘
14:40:45	39.52	0.01	1	3952	中性盘
14:40:09	39.51	--	26	102726	卖盘
14:40:03	39.51	--	10	39510	卖盘
14:39:42	39.51	--	10	39510	卖盘
14:39:33	39.51	--	28	110628	卖盘
14:39:09	39.51	--	31	122481	买盘
14:39:06	39.51	0.01	6	23706	买盘
14:39:03	39.5	-0.01	24	94800	卖盘
14:38:30	39.51	--	3	11853	买盘
14:38:27	39.51	--	2	7902	卖盘
14:38:03	39.51	--	9	35559	卖盘
14:37:51	39.51	0.01	1	3951	买盘
14:37:39	39.5	-0.01	20	79000	卖盘
14:37:36	39.51	0.01	8	31608	买盘
14:37:33	39.5	-0.01	9	35550	卖盘
14:37:21	39.51	--	1	3951	买盘
14:37:06	39.51	--	5	19755	买盘
14:37:03	39.51	0.01	10	39510	买盘
14:36:57	39.5	-0.01	10	39500	卖盘
14:36:51	39.51	--	2	7902	买盘
14:36:27	39.51	--	18	71118	卖盘
14:36:18	39.51	--	2	7902	卖盘
14:35:36	39.51	-0.08	2	7902	卖盘
14:35:30	39.59	--	1	3959	买盘
14:35:21	39.59	-0.01	20	79180	中性盘
14:35:15	39.6	0.09	5	19800	买盘
14:35:12	39.51	-0.08	24	94824	卖盘
14:35:06	39.59	-0.01	1	3959	卖盘
14:35:03	39.6	0.01	5	19800	买盘
14:35:00	39.59	--	1	3959	卖盘
14:34:33	39.59	-0.01	8	31672	卖盘
14:34:30	39.6	--	2	7920	买盘
14:34:27	39.6	0.01	10	39600	买盘
14:34:12	39.59	-0.01	11	43549	中性盘
14:33:45	39.6	0.09	19	75240	买盘
14:33:42	39.51	--	14	55314	买盘
14:33:33	39.51	-0.03	1	3951	卖盘
14:33:30	39.54	--	2	7908	买盘
14:33:15	39.54	-0.05	4	15816	卖盘
14:33:12	39.59	0.04	66	261294	买盘
14:33:06	39.55	0.01	4	15819	买盘
14:33:03	39.54	0.02	5	19770	买盘
14:33:00	39.52	--	3	11856	买盘
14:32:57	39.52	--	16	63232	买盘
14:32:30	39.52	0.08	100	395200	买盘
14:32:03	39.44	0.05	49	194202	买盘
14:32:00	39.39	-0.01	5	19695	中性盘
14:31:39	39.4	--	1	3940	买盘
14:31:30	39.4	--	2	7880	买盘
14:31:27	39.4	--	51	200940	买盘
14:31:06	39.4	--	1	3940	买盘
14:31:03	39.4	0.02	20	78800	买盘
14:31:00	39.38	-0.01	4	15752	卖盘
14:30:45	39.39	--	3	11817	买盘
14:30:42	39.39	-0.01	10	39390	卖盘
14:30:30	39.4	--	4	15760	买盘
14:30:27	39.4	0.01	1	3940	买盘
14:29:48	39.39	--	2	7878	卖盘
14:29:45	39.39	-0.01	1	3939	卖盘
14:29:39	39.4	--	1	3940	买盘
14:29:30	39.4	0.01	1	3940	买盘
14:28:54	39.39	0.01	12	47268	买盘
14:28:51	39.38	-0.01	10	39380	卖盘
14:28:36	39.39	--	6	23634	买盘
14:28:30	39.39	0.01	1	3939	买盘
14:28:15	39.38	0.02	10	39380	买盘
14:28:06	39.36	-0.01	7	29913	卖盘
14:27:54	39.37	0.01	22	86614	买盘
14:27:45	39.36	-0.01	1	3936	卖盘
14:27:42	39.37	-0.02	5	19685	卖盘
14:27:30	39.39	0.02	1	3939	买盘
14:27:21	39.37	-0.02	3	11811	卖盘
14:27:15	39.39	--	12	47268	买盘
14:27:12	39.39	0.02	8	31512	买盘
14:27:09	39.37	--	8	31495	卖盘
14:26:57	39.37	-0.03	8	31495	卖盘
14:26:48	39.4	0.02	1	3940	买盘
14:26:30	39.38	-0.01	4	15752	卖盘
14:26:09	39.39	--	3	11817	买盘
14:25:57	39.39	--	5	19695	买盘
14:25:30	39.39	--	2	7878	买盘
14:25:24	39.39	0.02	1	3939	中性盘
14:25:15	39.37	-0.03	6	23622	卖盘
14:25:00	39.4	0.03	1	3940	买盘
14:24:54	39.37	-0.03	3	11811	中性盘
14:24:30	39.4	0.05	1	3940	买盘
14:23:51	39.35	-0.05	75	295125	卖盘
14:23:39	39.4	0.03	9	35460	买盘
14:23:36	39.37	-0.03	1	3936	卖盘
14:23:30	39.4	--	2	7880	买盘
14:23:24	39.4	--	19	74860	买盘
14:23:18	39.4	--	23	90620	买盘
14:22:42	39.4	0.04	8	31520	买盘
14:22:36	39.36	-0.04	10	39360	卖盘
14:22:30	39.4	--	2	7880	买盘
14:22:24	39.4	--	1	3940	买盘
14:21:57	39.4	--	1	3940	买盘
14:21:36	39.4	0.01	3	11820	买盘
14:21:30	39.39	--	1	3939	买盘
14:21:27	39.39	--	8	31512	卖盘
14:21:06	39.39	--	7	27573	卖盘
14:20:36	39.39	--	5	19695	买盘
14:20:33	39.39	--	12	47268	买盘
14:20:30	39.39	--	1	3939	买盘
14:20:06	39.39	0.04	14	55146	买盘
14:19:30	39.35	-0.04	3	11805	卖盘
14:19:12	39.39	--	1	3939	买盘
14:18:51	39.39	0.04	2	7878	买盘
14:18:39	39.35	-0.05	1	3935	卖盘
14:18:33	39.4	--	3	11820	买盘
14:18:30	39.4	0.05	2	7880	买盘
14:18:24	39.35	--	8	31480	卖盘
14:18:09	39.35	-0.05	11	43285	卖盘
14:17:51	39.4	0.01	24	94560	买盘
14:17:30	39.39	0.04	1	3939	买盘
14:17:06	39.35	--	5	19675	卖盘
14:16:57	39.35	--	8	31480	买盘
14:16:36	39.35	--	4	15740	买盘
14:16:30	39.35	--	2	7870	买盘
14:16:27	39.35	--	8	31480	买盘
14:16:09	39.35	0.05	1	3935	买盘
14:16:03	39.3	-0.05	27	106109	卖盘
14:16:00	39.35	--	1	3935	买盘
14:15:57	39.35	--	10	39350	买盘
14:15:48	39.35	0.05	101	397435	买盘
14:15:42	39.3	-0.05	10	39300	卖盘
14:15:30	39.35	--	2	7870	买盘
14:15:18	39.35	--	5	19675	卖盘
14:15:00	39.35	-0.05	5	19675	卖盘
14:14:45	39.4	-0.08	38	152399	卖盘
14:14:33	39.48	--	5	19740	买盘
14:14:30	39.48	--	1	3947	买盘
14:14:12	39.48	0.01	45	177660	买盘
14:14:03	39.47	-0.01	5	19735	卖盘
14:13:51	39.48	0.01	1	3947	买盘
14:13:48	39.47	--	5	19735	卖盘
14:13:45	39.47	-0.01	3	11841	卖盘
14:13:33	39.48	--	5	19740	买盘
14:13:30	39.48	--	1	3947	买盘
14:13:27	39.48	--	10	39480	买盘
14:13:06	39.48	-0.04	10	39480	中性盘
14:12:33	39.52	--	8	31616	买盘
14:12:30	39.52	-0.02	2	7904	中性盘
14:12:00	39.54	-0.01	5	19770	卖盘
14:11:57	39.55	--	2	7909	买盘
14:11:54	39.55	--	6	23730	买盘
14:11:48	39.55	--	5	23690	卖盘
14:11:42	39.55	--	2	7909	卖盘
14:11:24	39.55	0.03	42	166149	买盘
14:11:12	39.52	--	5	19760	买盘
14:10:33	39.52	--	14	55328	买盘
14:10:30	39.52	--	59	233168	买盘
14:10:27	39.52	--	13	51376	卖盘
14:10:15	39.52	--	1	3952	卖盘
14:10:12	39.52	--	5	19760	卖盘
14:10:09	39.52	--	6	23712	卖盘
14:10:06	39.52	--	7	27664	买盘
14:10:00	39.52	0.01	4	15808	买盘
14:09:45	39.51	--	2	7902	卖盘
14:09:42	39.51	-0.01	2	7902	卖盘
14:09:33	39.52	-0.01	4	15808	中性盘
14:09:30	39.53	0.02	1	3953	买盘
14:09:15	39.51	--	8	31608	卖盘
14:09:12	39.51	--	11	45041	买盘
14:09:03	39.51	--	3	14223	卖盘
14:08:57	39.51	--	6	25286	卖盘
14:08:54	39.51	--	6	23706	买盘
14:08:48	39.51	--	1	3951	买盘
14:08:45	39.51	--	5	19755	中性盘
14:08:30	39.51	0.01	1	3951	买盘
14:08:27	39.5	--	3	13430	买盘
14:08:24	39.5	0.01	48	189600	买盘
14:08:21	39.49	--	10	39490	卖盘
14:08:18	39.49	-0.01	10	39490	卖盘
14:08:15	39.5	0.01	17	67150	买盘
14:08:12	39.49	--	1	3949	卖盘
14:08:06	39.49	-0.01	28	110572	卖盘
14:08:03	39.5	--	28	110600	买盘
14:07:51	39.5	0.01	10	39500	买盘
14:07:42	39.49	0.01	5	19745	买盘
14:07:36	39.48	-0.01	12	47375	卖盘
14:07:33	39.49	--	12	47388	买盘
14:07:30	39.49	0.01	6	23694	买盘
14:07:24	39.48	--	14	55271	买盘
14:07:21	39.48	0.01	4	15791	买盘
14:07:09	39.47	--	14	57310	买盘
14:07:03	39.47	--	1	3947	买盘
14:07:00	39.47	0.01	1	3947	买盘
14:06:45	39.46	-0.01	3	11838	中性盘
14:06:42	39.47	0.01	8	31576	买盘
14:06:30	39.46	--	25	98650	买盘
14:06:27	39.46	0.01	52	205192	买盘
14:06:18	39.45	0.05	6	23670	买盘
14:06:15	39.4	-0.05	1	3940	卖盘
14:06:06	39.45	0.01	50	197250	买盘
14:05:51	39.44	-0.01	5	19720	中性盘
14:05:33	39.45	--	6	23670	买盘
14:05:30	39.45	0.05	2	7890	买盘
14:05:21	39.4	-0.05	5	19700	卖盘
14:05:15	39.45	0.05	13	51285	买盘
14:05:00	39.4	0.08	75	298652	买盘
14:04:42	39.32	-0.04	3	11796	卖盘
14:04:30	39.36	0.04	2	7872	买盘
14:03:57	39.32	-0.04	6	23592	卖盘
14:03:42	39.36	0.05	3	11808	买盘
14:03:39	39.31	-0.05	10	39310	卖盘
14:03:30	39.36	--	2	7872	买盘
14:02:48	39.36	--	5	19680	买盘
14:02:42	39.36	--	1	3936	买盘
14:02:30	39.36	0.01	3	11808	买盘
14:02:15	39.35	--	2	7870	卖盘
14:01:57	39.35	-0.01	4	15740	卖盘
14:01:54	39.36	--	5	19680	买盘
14:01:30	39.36	--	2	7872	买盘
14:00:57	39.36	--	3	11808	买盘
14:00:30	39.36	0.07	1	3936	买盘
14:00:12	39.29	--	16	63689	买盘
13:59:48	39.29	-0.01	15	58935	卖盘
13:59:30	39.3	-0.05	1	3929	买盘
13:59:21	39.35	-0.01	4	15740	卖盘
13:58:54	39.36	--	3	14917	卖盘
13:58:51	39.36	-0.01	10	39360	卖盘
13:58:39	39.37	--	2	7873	买盘
13:58:30	39.37	--	2	7873	买盘
13:58:24	39.37	0.01	10	39370	买盘
13:58:15	39.36	--	4	15744	卖盘
13:58:03	39.36	--	2	7872	卖盘
13:57:45	39.36	--	1	3936	卖盘
13:57:33	39.36	--	0	826	卖盘
13:57:30	39.36	--	3	11808	卖盘
13:57:12	39.36	--	5	19680	卖盘
13:57:06	39.36	--	1	3936	买盘
13:57:03	39.36	--	5	19680	买盘
13:56:39	39.36	--	5	19680	买盘
13:56:30	39.36	--	2	7872	买盘
13:56:24	39.36	--	4	15744	买盘
13:55:30	39.36	0.01	15	59040	买盘
13:55:21	39.35	-0.02	5	19675	中性盘
13:55:00	39.37	--	39	153543	卖盘
13:54:57	39.37	--	5	19685	卖盘
13:54:51	39.37	--	2	7873	卖盘
13:54:48	39.37	--	10	39370	卖盘
13:54:45	39.37	--	16	62991	买盘
13:54:42	39.37	0.08	5	19685	买盘
13:54:39	39.29	-0.06	27	106083	卖盘
13:54:24	39.35	--	2	7870	买盘
13:53:48	39.35	0.03	4	15740	买盘
13:53:39	39.32	-0.01	1	3932	卖盘
13:53:30	39.33	0.01	8	31464	买盘
13:53:12	39.32	0.02	5	19660	中性盘
13:52:48	39.3	--	5	19650	买盘
13:52:33	39.3	-0.05	44	174570	卖盘
13:52:30	39.35	-0.02	2	7870	中性盘
13:51:42	39.37	--	7	27559	买盘
13:51:30	39.37	0.06	2	7873	买盘
13:51:18	39.31	0.01	1	3931	中性盘
13:51:03	39.3	-0.06	13	51089	卖盘
13:50:57	39.36	--	2	7872	买盘
13:50:30	39.36	0.06	2	7872	买盘
13:50:27	39.3	--	3	14069	买盘
13:50:15	39.3	0.01	20	78600	买盘
13:50:06	39.29	-0.01	20	78580	卖盘
13:49:39	39.3	-0.08	25	98250	卖盘
13:49:30	39.38	--	1	3938	买盘
13:49:27	39.38	--	24	94512	买盘
13:49:03	39.38	-0.01	3	11814	卖盘
13:48:42	39.39	-0.01	7	27573	卖盘
13:48:30	39.4	--	7	27580	买盘
13:48:24	39.4	0.01	6	23640	买盘
13:48:15	39.39	--	10	39390	卖盘
13:47:57	39.39	--	9	35451	卖盘
13:47:48	39.39	0.01	5	19695	买盘
13:47:39	39.38	-0.02	1	3938	卖盘
13:47:30	39.4	0.01	22	86680	买盘
13:47:24	39.39	-0.01	4	17410	卖盘
13:47:12	39.4	--	1	3940	买盘
13:47:00	39.4	--	5	19700	卖盘
13:46:51	39.4	--	10	39400	卖盘
13:46:48	39.4	--	2	7880	卖盘
13:46:39	39.4	-0.02	2	7880	卖盘
13:46:30	39.42	--	2	7884	买盘
13:46:21	39.42	--	1	3942	卖盘
13:45:57	39.42	-0.02	1	3942	卖盘
13:45:48	39.44	0.02	3	11832	买盘
13:45:39	39.42	--	3	11826	卖盘
13:45:33	39.42	-0.02	2	7884	卖盘
13:45:30	39.44	--	4	15776	买盘
13:45:15	39.44	-0.01	25	98600	买盘
13:45:03	39.45	--	10	39450	买盘
13:44:57	39.45	0.01	20	78900	买盘
13:44:51	39.44	-0.01	5	19720	卖盘
13:44:48	39.45	--	1	3945	买盘
13:44:45	39.45	0.01	2	7890	买盘
13:44:42	39.44	--	3	11832	卖盘
13:44:39	39.44	-0.01	3	11832	卖盘
13:44:36	39.45	0.05	3	11835	买盘
13:44:33	39.4	-0.05	22	86680	卖盘
13:44:30	39.45	0.01	21	82845	买盘
13:44:24	39.44	--	9	35496	买盘
13:44:21	39.44	-0.01	6	23664	中性盘
13:44:12	39.45	--	9	35505	买盘
13:44:09	39.45	0.05	23	90735	买盘
13:44:06	39.4	--	2	7880	卖盘
13:44:03	39.4	-0.05	10	39400	卖盘
13:43:57	39.45	0.05	26	102570	买盘
13:43:45	39.4	0.01	10	39400	买盘
13:43:39	39.39	--	2	7878	卖盘
13:43:36	39.39	--	1	3939	卖盘
13:43:33	39.39	0.03	15	61369	买盘
13:43:30	39.36	--	3	11808	买盘
13:43:27	39.36	-0.02	16	64629	卖盘
13:43:24	39.38	0.05	4	15752	中性盘
13:43:15	39.33	-0.04	34	136003	卖盘
13:43:12	39.37	--	8	31495	买盘
13:43:06	39.37	0.01	10	39370	买盘
13:42:54	39.36	0.02	18	70848	买盘
13:42:51	39.34	0.02	13	51142	买盘
13:42:42	39.32	0.02	4	15728	买盘
13:42:39	39.3	-0.01	3	11790	中性盘
13:42:30	39.31	0.02	11	43241	买盘
13:42:27	39.29	0.01	1	3929	中性盘
13:42:24	39.28	-0.02	2	7856	卖盘
13:42:21	39.3	0.02	26	102179	买盘
13:42:18	39.28	0.02	29	113912	买盘
13:42:06	39.26	--	6	23556	买盘
13:41:54	39.26	-0.01	8	31408	买盘
13:41:48	39.27	-0.01	2	7854	中性盘
13:41:45	39.28	0.01	11	43208	买盘
13:41:42	39.27	0.01	36	141372	买盘
13:41:36	39.26	-0.01	1	3926	中性盘
13:41:30	39.27	0.01	3	11781	买盘
13:41:27	39.26	0.01	5	19630	买盘
13:41:24	39.25	--	15	58875	卖盘
13:41:09	39.25	-0.01	10	39250	卖盘
13:41:03	39.26	--	5	19630	买盘
13:41:00	39.26	0.01	8	31408	买盘
13:40:54	39.25	--	2	7850	卖盘
13:40:39	39.25	--	3	11775	卖盘
13:40:36	39.25	--	1	3925	卖盘
13:40:30	39.25	--	3	11775	卖盘
13:40:27	39.25	0.1	137	539412	买盘
13:40:18	39.15	--	6	23490	卖盘
13:40:15	39.15	--	7	27405	买盘
13:40:09	39.15	-0.01	2	7830	中性盘
13:39:57	39.16	-0.08	1	3915	中性盘
13:39:33	39.24	0.06	150	588600	买盘
13:39:30	39.18	-0.02	1	3918	中性盘
13:38:57	39.2	0.1	150	588000	买盘
13:38:51	39.1	--	3	11730	卖盘
13:38:39	39.1	-0.02	3	11730	卖盘
13:38:33	39.12	-0.04	48	187776	卖盘
13:38:30	39.16	0.01	2	7831	买盘
13:38:24	39.15	-0.01	3	11745	卖盘
13:38:21	39.16	--	4	15663	卖盘
13:38:18	39.16	-0.01	3	11747	卖盘
13:38:00	39.17	--	1	3917	卖盘
13:37:51	39.17	--	3	11751	卖盘
13:37:45	39.17	--	10	39170	卖盘
13:37:42	39.17	--	5	19585	卖盘
13:37:33	39.17	-0.01	30	117510	卖盘
13:37:30	39.18	0.01	4	15672	买盘
13:37:24	39.17	-0.01	4	15668	卖盘
13:36:57	39.18	--	54	211572	卖盘
13:36:54	39.18	-0.02	13	50934	卖盘
13:36:42	39.2	0.02	2	7840	买盘
13:36:39	39.18	-0.02	3	11754	卖盘
13:36:33	39.2	-0.01	74	292314	卖盘
13:36:30	39.21	0.01	5	19605	买盘
13:36:24	39.2	--	3	11760	卖盘
13:36:21	39.2	--	2	7840	卖盘
13:36:15	39.2	--	3	11760	卖盘
13:36:09	39.2	--	2	7840	卖盘
13:36:00	39.2	-0.01	3	11760	卖盘
13:35:57	39.21	--	5	19605	卖盘
13:35:48	39.21	--	1	3921	卖盘
13:35:45	39.21	--	3	11763	卖盘
13:35:33	39.21	-0.01	3	11763	卖盘
13:35:30	39.22	--	2	7844	买盘
13:35:18	39.22	0.01	2	7844	买盘
13:34:54	39.21	--	15	58815	卖盘
13:34:45	39.21	-0.01	4	15684	卖盘
13:34:42	39.22	--	10	39220	买盘
13:34:30	39.22	--	1	3922	买盘
13:34:21	39.22	--	5	19610	买盘
13:33:57	39.22	--	5	19610	买盘
13:33:54	39.22	-0.01	6	23532	卖盘
13:33:48	39.23	--	1	3922	买盘
13:33:42	39.23	--	5	19615	买盘
13:33:30	39.23	0.01	10	39230	买盘
13:33:27	39.22	--	2	7844	卖盘
13:33:21	39.22	-0.01	1	3922	卖盘
13:33:09	39.23	0.01	4	15691	买盘
13:33:06	39.22	0.01	1	3922	中性盘
13:32:42	39.21	-0.03	1	3921	卖盘
13:32:39	39.24	0.03	12	47088	买盘
13:32:30	39.21	-0.03	20	78420	卖盘
13:32:24	39.24	--	20	78480	买盘
13:32:15	39.24	--	8	31392	买盘
13:32:09	39.24	--	16	62784	买盘
13:32:06	39.24	--	23	90252	买盘
13:32:03	39.24	-0.04	18	70632	卖盘
13:32:00	39.28	--	2	7856	买盘
13:31:57	39.28	0.01	8	31424	买盘
13:31:51	39.27	0.02	54	212058	买盘
13:31:48	39.25	--	5	19625	买盘
13:31:45	39.25	--	20	78500	买盘
13:31:39	39.25	--	7	27475	买盘
13:31:30	39.25	--	1	3925	买盘
13:31:24	39.25	0.05	152	596600	买盘
13:31:15	39.2	0.02	32	127125	买盘
13:31:12	39.18	-0.02	5	19590	卖盘
13:31:03	39.2	--	3	11760	买盘
13:30:57	39.2	0.02	7	27440	买盘
13:30:45	39.18	-0.02	1	3918	卖盘
13:30:42	39.2	0.01	5	19600	买盘
13:30:36	39.19	-0.01	6	23514	卖盘
13:30:30	39.2	0.01	2	7840	买盘
13:30:27	39.19	--	16	62704	卖盘
13:30:21	39.19	-0.01	6	23514	卖盘
13:30:09	39.2	--	5	19600	买盘
13:30:00	39.2	--	30	117600	买盘
13:29:54	39.2	0.01	5	19600	买盘
13:29:39	39.19	--	5	19595	买盘
13:29:36	39.19	--	11	43109	买盘
13:29:30	39.19	--	2	7838	买盘
13:29:21	39.19	--	5	19595	买盘
13:29:09	39.19	-0.01	4	15676	卖盘
13:29:06	39.2	--	5	19600	买盘
13:28:51	39.2	0.01	6	23520	买盘
13:28:45	39.19	--	11	43109	卖盘
13:28:39	39.19	-0.01	6	23514	卖盘
13:28:36	39.2	--	1	6154	卖盘
13:28:33	39.2	--	3	13445	买盘
13:28:30	39.2	--	1	3920	买盘
13:28:21	39.2	--	4	15680	买盘
13:28:18	39.2	0.01	6	23520	买盘
13:28:12	39.19	-0.01	2	7838	卖盘
13:28:03	39.2	--	7	27440	买盘
13:27:57	39.2	--	9	37514	卖盘
13:27:45	39.2	--	0	1685	买盘
13:27:39	39.2	--	15	58800	买盘
13:27:33	39.2	--	3	11760	买盘
13:27:30	39.2	0.01	8	31360	买盘
13:27:15	39.19	-0.01	7	27433	卖盘
13:27:12	39.2	--	6	23520	买盘
13:26:57	39.2	--	6	23520	买盘
13:26:54	39.2	0.01	1	3920	买盘
13:26:48	39.19	-0.01	6	23514	卖盘
13:26:42	39.2	--	6	23520	买盘
13:26:36	39.2	--	50	196000	买盘
13:26:30	39.2	--	2	7840	买盘
13:26:27	39.2	--	5	19600	买盘
13:26:15	39.2	0.02	36	141120	买盘
13:26:09	39.18	-0.01	7	27426	卖盘
13:25:54	39.19	0.01	5	19595	买盘
13:25:39	39.18	-0.01	1	3918	卖盘
13:25:36	39.19	0.01	6	23514	买盘
13:25:30	39.18	--	11	43098	卖盘
13:25:24	39.18	-0.01	1	3918	卖盘
13:25:21	39.19	0.01	26	101894	买盘
13:25:09	39.18	-0.01	10	39180	卖盘
13:25:06	39.19	0.01	5	19595	买盘
13:25:03	39.18	--	5	19590	卖盘
13:24:54	39.18	-0.01	17	66606	卖盘
13:24:48	39.19	--	6	23514	买盘
13:24:33	39.19	--	5	19595	买盘
13:24:30	39.19	--	2	7838	买盘
13:24:24	39.19	-0.01	3	11757	卖盘
13:24:18	39.2	--	6	23520	买盘
13:24:15	39.2	-0.01	4	15680	中性盘
13:24:00	39.21	0.01	10	39210	买盘
13:23:57	39.2	-0.01	5	19600	卖盘
13:23:54	39.21	--	3	11763	买盘
13:23:48	39.21	-0.01	26	101946	卖盘
13:23:45	39.22	--	9	35298	买盘
13:23:42	39.22	0.01	3	11766	买盘
13:23:39	39.21	-0.01	3	11763	中性盘
13:23:30	39.22	--	7	27454	买盘
13:23:12	39.22	0.02	5	19610	买盘
13:22:57	39.2	0.01	2	7840	买盘
13:22:54	39.19	-0.01	3	11757	中性盘
13:22:48	39.2	--	2	7840	买盘
13:22:42	39.2	0.02	5	19600	买盘
13:22:39	39.18	--	10	39180	卖盘
13:22:33	39.18	-0.02	12	47016	卖盘
13:22:30	39.2	-0.01	5	19600	卖盘
13:22:27	39.21	--	3	11763	买盘
13:22:24	39.21	-0.01	5	19605	中性盘
13:22:09	39.22	0.04	6	23532	买盘
13:21:57	39.18	-0.04	10	39180	卖盘
13:21:54	39.22	--	5	19610	买盘
13:21:51	39.22	--	12	47064	卖盘
13:21:36	39.22	--	14	54908	买盘
13:21:30	39.22	0.02	1	3922	买盘
13:21:27	39.2	--	2	7840	买盘
13:21:21	39.2	--	5	19600	买盘
13:21:06	39.2	0.01	5	19600	买盘
13:20:57	39.19	--	1	3919	买盘
13:20:51	39.19	--	5	19595	卖盘
13:20:48	39.19	-0.01	3	11757	买盘
13:20:36	39.2	--	1	3920	买盘
13:20:33	39.2	--	5	19600	买盘
13:20:30	39.2	--	2	7840	买盘
13:20:18	39.2	0.01	6	23520	买盘
13:20:15	39.19	-0.03	9	35271	卖盘
13:20:00	39.22	--	5	19610	买盘
13:19:45	39.22	0.01	5	19610	买盘
13:19:30	39.21	0.04	5	19605	买盘
13:19:18	39.17	-0.05	10	39170	卖盘
13:19:12	39.22	0.04	5	19610	买盘
13:18:57	39.18	--	5	19590	买盘
13:18:48	39.18	-0.01	11	43098	卖盘
13:18:42	39.19	0.01	24	94056	买盘
13:18:30	39.18	-0.01	3	11754	卖盘
13:18:24	39.19	--	5	19595	买盘
13:18:21	39.19	0.02	6	23514	买盘
13:18:09	39.17	-0.01	10	39170	卖盘
13:18:03	39.18	0.01	4	15672	买盘
13:18:00	39.17	-0.01	1	3917	卖盘
13:17:54	39.18	-0.01	5	19590	中性盘
13:17:36	39.19	--	5	19595	买盘
13:17:30	39.19	--	2	7838	买盘
13:17:21	39.19	--	6	23514	买盘
13:17:18	39.19	--	50	195950	卖盘
13:17:12	39.19	-0.03	28	109732	卖盘
13:17:06	39.22	0.03	5	19610	买盘
13:16:51	39.19	-0.01	10	39190	卖盘
13:16:48	39.2	--	1	3920	买盘
13:16:45	39.2	0.01	37	145040	买盘
13:16:39	39.19	-0.01	11	43109	卖盘
13:16:36	39.2	--	3	11760	买盘
13:16:33	39.2	--	7	27440	买盘
13:16:30	39.2	--	1	3920	买盘
13:16:18	39.2	0.01	5	19600	买盘
13:16:03	39.19	-0.01	27	105813	卖盘
13:16:00	39.2	0.01	6	23520	买盘
13:15:57	39.19	-0.01	10	39190	卖盘
13:15:54	39.2	0.01	20	78400	买盘
13:15:51	39.19	--	5	19595	卖盘
13:15:45	39.19	-0.01	8	31352	中性盘
13:15:33	39.2	--	5	19600	买盘
13:15:30	39.2	0.01	8	31360	买盘
13:15:27	39.19	-0.01	5	19595	卖盘
13:15:24	39.2	--	3	11760	买盘
13:15:09	39.2	0.01	2	7840	买盘
13:14:57	39.19	-0.01	7	27433	卖盘
13:14:42	39.2	0.01	6	23520	买盘
13:14:33	39.19	--	5	19595	卖盘
13:14:30	39.19	-0.01	16	62704	中性盘
13:14:24	39.2	0.01	15	58800	买盘
13:14:21	39.19	0.01	2	7838	买盘
13:14:18	39.18	-0.01	10	39180	卖盘
13:14:09	39.19	--	1	3919	买盘
13:14:00	39.19	--	26	101894	买盘
13:13:54	39.19	0.01	5	19595	买盘
13:13:45	39.18	0.01	16	62688	中性盘
13:13:39	39.17	-0.02	22	86174	卖盘
13:13:36	39.19	0.01	6	23514	买盘
13:13:30	39.18	--	7	27426	买盘
13:13:27	39.18	--	3	11754	买盘
13:13:21	39.18	-0.01	3	11754	中性盘
13:13:15	39.19	0.03	1	3919	买盘
13:13:12	39.16	-0.01	13	50907	卖盘
13:13:09	39.17	--	6	23502	买盘
13:13:06	39.17	-0.01	4	15668	卖盘
13:13:03	39.18	-0.02	21	82278	卖盘
13:13:00	39.2	--	13	50960	卖盘
13:12:57	39.2	0.01	72	282240	买盘
13:12:54	39.19	0.01	12	47028	买盘
13:12:51	39.18	0.01	6	23508	买盘
13:12:30	39.17	--	8	31336	卖盘
13:12:27	39.17	--	18	70506	买盘
13:12:15	39.17	--	1	3917	买盘
13:12:09	39.17	--	5	19585	买盘
13:12:03	39.17	0.01	5	19585	买盘
13:11:54	39.16	-0.01	10	39160	卖盘
13:11:51	39.17	0.01	2	7834	买盘
13:11:48	39.16	-0.01	10	39160	卖盘
13:11:45	39.17	--	2	7834	买盘
13:11:30	39.17	0.01	2	7834	中性盘
13:11:21	39.16	--	7	27411	卖盘
13:11:15	39.16	-0.02	5	19580	中性盘
13:11:12	39.18	0.03	15	58770	买盘
13:11:09	39.15	--	10	39150	卖盘
13:11:03	39.15	-0.02	10	39150	卖盘
13:11:00	39.17	--	10	39170	买盘
13:10:57	39.17	0.04	30	117510	买盘
13:10:54	39.13	-0.05	73	285649	卖盘
13:10:48	39.18	0.02	200	783600	买盘
13:10:36	39.16	-0.01	3	11747	中性盘
13:10:30	39.17	0.02	1	3917	买盘
13:10:27	39.15	-0.01	10	39150	卖盘
13:10:21	39.16	0.02	13	50907	中性盘
13:10:03	39.14	-0.02	4	15656	买盘
13:09:54	39.16	--	5	19580	卖盘
13:09:51	39.16	0.01	25	97899	买盘
13:09:45	39.15	-0.01	37	144855	买盘
13:09:42	39.16	--	6	23495	买盘
13:09:39	39.16	--	29	113563	买盘
13:09:36	39.16	0.01	4	15663	买盘
13:09:33	39.15	-0.01	16	65302	卖盘
13:09:30	39.16	0.01	1	3915	买盘
13:09:15	39.15	-0.01	11	43065	卖盘
13:09:09	39.16	--	35	137060	卖盘
13:09:03	39.16	0.01	6	23495	卖盘
13:08:45	39.15	-0.01	38	148770	卖盘
13:08:42	39.16	-0.01	5	19580	中性盘
13:08:39	39.17	0.01	55	215435	买盘
13:08:30	39.16	0.01	2	7831	买盘
13:08:21	39.15	-0.01	10	39150	卖盘
13:08:03	39.16	--	7	27411	买盘
13:08:00	39.16	--	16	62655	买盘
13:07:57	39.16	--	1	3915	买盘
13:07:48	39.16	0.01	2	7831	买盘
13:07:45	39.15	--	22	86130	卖盘
13:07:39	39.15	--	20	78300	卖盘
13:07:33	39.15	-0.01	5	19575	卖盘
13:07:30	39.16	--	2	7831	买盘
13:07:24	39.16	0.01	1	3915	买盘
13:07:09	39.15	0.02	11	43065	买盘
13:07:06	39.13	-0.04	5	19565	卖盘
13:06:36	39.17	0.03	23	90091	买盘
13:06:33	39.14	--	2	7828	买盘
13:06:30	39.14	--	1	3914	买盘
13:06:27	39.14	--	16	62624	买盘
13:06:21	39.14	-0.01	10	39140	中性盘
13:05:51	39.15	-0.03	4	15660	中性盘
13:05:30	39.18	0.05	3	11754	买盘
13:05:12	39.13	0.01	15	58695	卖盘
13:05:09	39.12	--	3	11736	买盘
13:05:06	39.12	0.01	17	66504	买盘
13:04:57	39.11	0.01	1	3911	中性盘
13:04:48	39.1	--	28	109480	卖盘
13:04:36	39.1	-0.01	51	199410	卖盘
13:04:30	39.11	0.01	1	3911	中性盘
13:04:18	39.1	--	12	46920	卖盘
13:04:12	39.1	-0.01	11	43010	卖盘
13:04:06	39.11	-0.01	25	97775	卖盘
13:04:00	39.12	--	55	215160	买盘
13:03:42	39.12	--	10	39120	买盘
13:03:30	39.12	--	2	7823	买盘
13:03:18	39.12	--	3	11736	买盘
13:03:12	39.12	--	31	121271	买盘
13:03:09	39.12	0.01	1	3911	买盘
13:03:06	39.11	-0.03	69	269859	卖盘
13:02:54	39.14	-0.05	16	62624	中性盘
13:02:33	39.19	0.05	20	78380	买盘
13:02:30	39.14	--	2	7828	买盘
13:02:27	39.14	-0.02	2	7828	买盘
13:02:18	39.16	-0.03	5	19580	卖盘
13:02:12	39.19	-0.01	27	105813	卖盘
13:02:09	39.2	--	1	3920	卖盘
13:02:06	39.2	--	4	15680	买盘
13:01:57	39.2	0.01	3	11760	买盘
13:01:45	39.19	-0.01	10	39190	卖盘
13:01:42	39.2	0.01	3	11760	买盘
13:01:39	39.19	--	7	27433	卖盘
13:01:30	39.19	-0.01	13	50947	卖盘
13:01:27	39.2	--	10	39200	买盘
13:01:24	39.2	0.01	6	23520	买盘
13:01:21	39.19	--	1	3919	卖盘
13:01:18	39.19	--	40	156760	卖盘
13:01:12	39.19	-0.01	98	384062	卖盘
13:01:09	39.2	--	6	23520	卖盘
13:01:06	39.2	--	43	168560	买盘
13:01:00	39.2	0.01	22	86240	买盘
13:00:51	39.19	--	2	7838	卖盘
13:00:48	39.19	--	15	58785	卖盘
13:00:42	39.19	0.09	77	301763	买盘
13:00:27	39.1	0.04	11	43010	中性盘
13:00:24	39.06	0.02	15	58590	买盘
13:00:21	39.04	-0.02	20	78080	卖盘
13:00:15	39.06	-0.03	5	19530	买盘
13:00:12	39.09	-0.07	32	125088	卖盘
13:00:09	39.16	0.06	39	152724	买盘
13:00:06	39.1	0.09	153	598230	买盘
13:00:03	39.01	--	0	0	卖盘
11:30:03	39.01	--	0	0	卖盘
11:30:00	39.01	--	7	27307	买盘
11:29:45	39.01	--	1	3901	买盘
11:29:42	39.01	0.02	7	27307	买盘
11:29:36	38.99	--	10	38990	卖盘
11:29:33	38.99	-0.02	1	3899	卖盘
11:29:30	39.01	-0.01	2	7802	买盘
11:29:18	39.02	0.05	3	11706	中性盘
11:28:51	38.97	-0.01	29	113013	卖盘
11:28:48	38.98	-0.05	1	3897	中性盘
11:28:33	39.03	0.03	4	15612	买盘
11:28:30	39.0	--	16	62400	买盘
11:28:27	39.0	--	14	54600	买盘
11:28:24	39.0	--	5	19500	中性盘
11:28:03	39.0	--	1	3900	卖盘
11:27:54	39.0	0.03	19	74100	买盘
11:27:51	38.97	-0.01	7	27279	卖盘
11:27:48	38.98	0.01	4	15591	中性盘
11:27:33	38.97	-0.02	6	23382	卖盘
11:27:30	38.99	--	5	19495	买盘
11:27:27	38.99	0.02	2	7798	中性盘
11:27:03	38.97	-0.02	34	132498	卖盘
11:26:57	38.99	--	134	522466	卖盘
11:26:51	38.99	-0.02	492	1918775	卖盘
11:26:45	39.01	0.01	17	66317	买盘
11:26:39	39.0	-0.01	11	42900	卖盘
11:26:33	39.01	-0.02	22	85822	卖盘
11:26:30	39.03	0.01	5	19515	买盘
11:26:15	39.02	--	1	3902	买盘
11:26:09	39.02	--	4	15608	卖盘
11:26:06	39.02	0.01	5	19510	买盘
11:26:03	39.01	--	5	19505	卖盘
11:26:00	39.01	-0.01	15	58515	卖盘
11:25:57	39.02	--	10	39020	买盘
11:25:54	39.02	--	4	15608	买盘
11:25:51	39.02	--	18	70236	买盘
11:25:48	39.02	0.01	5	19510	买盘
11:25:45	39.01	-0.01	10	39010	卖盘
11:25:36	39.02	--	10	39020	买盘
11:25:27	39.02	0.01	2	7804	中性盘
11:25:00	39.01	--	23	89723	卖盘
11:24:54	39.01	-0.03	42	163842	卖盘
11:24:51	39.04	--	6	23424	买盘
11:24:42	39.04	--	14	54656	买盘
11:24:33	39.04	--	3	11712	买盘
11:24:27	39.04	0.01	3	11712	中性盘
11:24:18	39.03	-0.02	11	42933	卖盘
11:24:12	39.05	--	10	39050	买盘
11:24:09	39.05	--	3	11715	买盘
11:24:06	39.05	-0.02	16	62479	中性盘
11:23:57	39.07	--	11	42977	买盘
11:23:27	39.07	--	1	3907	中性盘
11:23:18	39.07	0.03	5	19535	中性盘
11:23:00	39.04	--	7	27328	买盘
11:22:51	39.04	-0.04	2	7808	买盘
11:22:48	39.08	--	8	31264	卖盘
11:22:42	39.08	--	18	70344	中性盘
11:22:36	39.08	--	18	70344	买盘
11:22:27	39.08	0.1	7	27356	买盘
11:22:24	38.98	-0.01	3	11693	买盘
11:22:09	38.99	--	1	3899	卖盘
11:22:06	38.99	0.02	12	46788	买盘
11:21:54	38.97	0.01	14	54558	买盘
11:21:30	38.96	--	11	42856	买盘
11:21:27	38.96	0.01	4	15584	买盘
11:21:06	38.95	-0.02	10	38950	卖盘
11:21:00	38.97	-0.01	10	38970	中性盘
11:20:27	38.98	0.03	2	7795	买盘
11:20:24	38.95	-0.04	11	42845	卖盘
11:20:18	38.99	0.04	23	89677	买盘
11:20:09	38.95	--	1	3895	卖盘
11:20:06	38.95	-0.03	10	38950	卖盘
11:20:00	38.98	0.03	5	19490	中性盘
11:19:36	38.95	-0.04	10	38950	卖盘
11:19:30	38.99	--	5	19495	买盘
11:19:27	38.99	0.01	1	3899	买盘
11:19:15	38.98	--	10	38980	卖盘
11:19:09	38.98	-0.01	6	23387	卖盘
11:18:54	38.99	0.01	2	7798	中性盘
11:18:30	38.98	--	8	31183	买盘
11:18:27	38.98	0.01	22	85756	买盘
11:18:21	38.97	-0.01	21	81837	卖盘
11:18:15	38.98	--	10	38980	买盘
11:18:06	38.98	--	10	38980	买盘
11:18:00	38.98	--	14	54571	卖盘
11:17:42	38.98	0.01	6	23387	中性盘
11:17:39	38.97	0.02	10	38970	买盘
11:17:30	38.95	-0.02	12	46740	卖盘
11:17:27	38.97	0.02	2	7794	中性盘
11:17:12	38.95	--	8	31160	卖盘
11:17:00	38.95	0.01	34	132430	买盘
11:16:48	38.94	0.01	7	27258	买盘
11:16:45	38.93	0.01	10	38930	中性盘
11:16:39	38.92	-0.02	24	93408	卖盘
11:16:27	38.94	0.01	1	3894	中性盘
11:16:12	38.93	0.02	6	23358	买盘
11:16:09	38.91	-0.01	10	38910	卖盘
11:16:06	38.92	--	12	46704	卖盘
11:16:03	38.92	-0.01	22	85624	卖盘
11:15:57	38.93	--	7	27251	买盘
11:15:51	38.93	-0.05	8	31144	卖盘
11:15:45	38.98	-0.01	2	7795	买盘
11:15:39	38.99	-0.01	17	66283	卖盘
11:15:33	39.0	0.01	146	569400	买盘
11:15:27	38.99	0.07	2	7798	买盘
11:15:09	38.92	--	11	42812	卖盘
11:15:03	38.92	-0.02	14	54488	卖盘
11:14:57	38.94	0.02	7	27258	中性盘
11:14:48	38.92	-0.01	8	31136	卖盘
11:14:42	38.93	-0.05	16	62288	卖盘
11:14:39	38.98	--	4	15591	买盘
11:14:36	38.98	0.06	6	23387	买盘
11:14:33	38.92	--	5	19460	卖盘
11:14:30	38.92	-0.06	8	31136	卖盘
11:14:27	38.98	0.05	2	7795	买盘
11:14:24	38.93	-0.05	9	35037	买盘
11:14:21	38.98	0.06	7	27285	买盘
11:14:15	38.92	-0.03	9	35028	卖盘
11:14:03	38.95	-0.04	1	3895	卖盘
11:13:57	38.99	0.07	15	58485	买盘
11:13:30	38.92	-0.07	6	23352	卖盘
11:13:27	38.99	0.08	6	23394	买盘
11:13:24	38.91	-0.04	20	77820	卖盘
11:13:18	38.95	0.03	19	74005	买盘
11:13:12	38.92	-0.03	8	31136	卖盘
11:13:06	38.95	0.03	9	35055	买盘
11:13:03	38.92	--	7	27244	卖盘
11:12:57	38.92	-0.01	5	19460	卖盘
11:12:51	38.93	--	4	15572	卖盘
11:12:30	38.93	--	15	58395	买盘
11:12:27	38.93	--	1	3893	买盘
11:12:24	38.93	0.01	28	109004	买盘
11:12:18	38.92	-0.01	29	112868	卖盘
11:12:12	38.93	--	36	140148	卖盘
11:11:57	38.93	-0.01	5	19465	卖盘
11:11:51	38.94	-0.01	10	38940	卖盘
11:11:33	38.95	-0.05	5	19475	卖盘
11:11:27	39.0	0.07	2	7800	买盘
11:11:09	38.93	-0.02	2	7786	卖盘
11:11:03	38.95	--	4	15580	买盘
11:11:00	38.95	0.01	9	35055	买盘
11:10:57	38.94	-0.02	7	27258	卖盘
11:10:54	38.96	--	7	27272	卖盘
11:10:51	38.96	-0.04	28	109088	卖盘
11:10:42	39.0	--	15	58500	卖盘
11:10:36	39.0	-0.08	54	210600	卖盘
11:10:27	39.08	0.07	2	7816	买盘
11:10:12	39.01	-0.07	1	3901	卖盘
11:09:27	39.08	--	1	3908	买盘
11:09:15	39.08	--	2	7816	卖盘
11:09:09	39.08	0.08	4	15632	买盘
11:08:42	39.0	--	6	23400	卖盘
11:08:33	39.0	-0.09	5	19500	卖盘
11:08:27	39.09	0.09	3	11727	买盘
11:08:18	39.0	0.03	7	27300	买盘
11:07:57	38.97	--	6	23382	卖盘
11:07:51	38.97	-0.03	10	38970	卖盘
11:07:45	39.0	--	6	24297	卖盘
11:07:39	39.0	--	10	39000	卖盘
11:07:33	39.0	-0.09	5	19500	卖盘
11:07:27	39.09	--	2	7818	买盘
11:07:21	39.09	0.07	6	23454	买盘
11:07:18	39.02	--	1	3902	卖盘
11:07:12	39.02	-0.07	6	23412	中性盘
11:06:33	39.09	--	10	42099	买盘
11:06:27	39.09	0.09	1	3909	买盘
11:06:12	39.0	--	5	19500	卖盘
11:06:06	39.0	0.02	2	7800	买盘
11:06:00	38.98	-0.02	3	11693	中性盘
11:05:42	39.0	--	3	11700	买盘
11:05:36	39.0	0.02	1	3900	买盘
11:05:33	38.98	-0.02	17	66266	卖盘
11:05:30	39.0	--	10	39000	买盘
11:05:27	39.0	0.02	25	97500	买盘
11:05:24	38.98	-0.02	16	62367	卖盘
11:05:18	39.0	--	11	42900	买盘
11:05:00	39.0	--	9	35100	买盘
11:04:57	39.0	0.02	1	3900	买盘
11:04:42	38.98	-0.02	26	101347	卖盘
11:04:36	39.0	--	16	62400	买盘
11:04:33	39.0	--	10	39000	买盘
11:04:30	39.0	--	3	11700	买盘
11:04:27	39.0	--	47	183300	买盘
11:04:21	39.0	--	30	117000	买盘
11:04:09	39.0	--	5	19500	买盘
11:03:57	39.0	--	5	19500	买盘
11:03:45	39.0	--	10	39000	买盘
11:03:27	39.0	--	2	7800	买盘
11:03:24	39.0	0.04	3	11700	买盘
11:03:09	38.96	0.01	2	7792	中性盘
11:02:48	38.95	-0.05	24	93480	卖盘
11:02:42	39.0	0.04	28	109200	买盘
11:02:39	38.96	--	5	19480	卖盘
11:02:30	38.96	-0.04	13	50648	卖盘
11:02:27	39.0	--	1	3900	买盘
11:02:24	39.0	--	21	81900	买盘
11:01:54	39.0	0.05	10	39000	买盘
11:01:48	38.95	--	3	11685	中性盘
11:01:30	38.95	-0.05	10	38950	卖盘
11:01:27	39.0	--	3	11700	买盘
11:01:24	39.0	0.05	6	23400	买盘
11:01:03	38.95	0.05	29	112955	买盘
11:00:57	38.9	-0.1	30	116700	卖盘
11:00:42	39.0	--	103	401700	买盘
11:00:27	39.0	0.15	2	7800	买盘
11:00:06	38.85	-0.05	15	58275	卖盘
11:00:03	38.9	--	3	11670	买盘
10:59:48	38.9	0.1	2	7780	买盘
10:59:36	38.8	--	10	38800	卖盘
10:59:33	38.8	0.05	3	11640	买盘
10:59:30	38.75	--	21	81375	买盘
10:59:27	38.75	--	18	69750	买盘
10:59:24	38.75	--	5	19375	买盘
10:59:18	38.75	-0.05	18	69750	卖盘
10:59:15	38.8	--	1	3879	买盘
10:59:12	38.8	-0.05	31	120279	卖盘
10:59:09	38.85	0.03	30	116550	买盘
10:59:06	38.82	-0.08	11	46545	卖盘
10:59:03	38.9	0.08	50	194500	买盘
10:59:00	38.82	-0.15	11	42702	卖盘
10:58:45	38.97	-0.03	40	157282	卖盘
10:58:39	39.0	-0.09	674	2628600	卖盘
10:58:33	39.09	-0.05	5	19545	卖盘
10:58:27	39.14	0.06	1	3914	买盘
10:57:48	39.08	--	2	7816	卖盘
10:57:36	39.08	--	1	3908	买盘
10:57:27	39.08	--	5	19540	买盘
10:57:21	39.08	0.03	10	39080	买盘
10:57:18	39.05	--	3	11715	卖盘
10:57:09	39.05	--	10	39050	卖盘
10:57:03	39.05	--	8	31239	卖盘
10:56:30	39.05	-0.04	54	210869	卖盘
10:56:27	39.09	0.02	2	7818	买盘
10:56:24	39.07	--	200	781400	卖盘
10:56:06	39.07	-0.07	40	156280	卖盘
10:55:42	39.14	0.06	1	3914	中性盘
10:55:36	39.08	-0.11	81	316548	卖盘
10:55:27	39.19	0.06	1	3919	买盘
10:54:51	39.13	-0.06	2	10252	卖盘
10:54:27	39.19	--	3	11757	买盘
10:54:21	39.19	-0.01	6	23514	买盘
10:54:03	39.2	--	20	78400	买盘
10:54:00	39.2	--	1	3920	买盘
10:53:57	39.2	0.01	2	7840	买盘
10:53:39	39.19	--	31	121489	卖盘
10:53:33	39.19	0.04	99	391429	买盘
10:53:27	39.15	--	2	7830	买盘
10:53:18	39.15	--	10	39619	卖盘
10:53:12	39.15	--	3	11745	卖盘
10:52:54	39.15	0.02	6	26935	买盘
10:52:39	39.13	--	10	39130	卖盘
10:52:36	39.13	--	6	23478	卖盘
10:52:33	39.13	0.05	11	44529	买盘
10:52:30	39.08	-0.05	10	39080	卖盘
10:52:27	39.13	0.03	28	109564	买盘
10:52:24	39.1	--	10	39100	买盘
10:52:21	39.1	-0.03	81	319134	卖盘
10:52:06	39.13	--	1	3913	卖盘
10:51:51	39.13	-0.01	10	39130	卖盘
10:51:45	39.14	-0.01	10	39140	卖盘
10:51:27	39.15	0.02	1	3915	买盘
10:51:21	39.13	-0.02	10	39130	卖盘
10:51:15	39.15	0.01	15	58725	买盘
10:51:03	39.14	-0.01	2	7828	买盘
10:50:57	39.15	--	32	125280	买盘
10:50:48	39.15	0.05	4	15660	买盘
10:50:45	39.1	-0.05	10	39100	卖盘
10:50:39	39.15	--	7	27405	买盘
10:50:36	39.15	--	19	74385	买盘
10:50:33	39.15	-0.01	7	27405	卖盘
10:50:27	39.16	0.01	12	46991	买盘
10:50:24	39.15	--	3	11745	买盘
10:50:18	39.15	0.05	6	23490	买盘
10:50:00	39.1	--	20	78200	卖盘
10:49:33	39.1	-0.05	10	39100	卖盘
10:49:27	39.15	0.05	2	7830	买盘
10:49:15	39.1	--	9	35190	卖盘
10:48:39	39.1	--	50	195500	卖盘
10:48:33	39.1	--	132	517605	买盘
10:48:27	39.1	0.01	1	3910	买盘
10:47:54	39.09	--	10	39090	卖盘
10:47:51	39.09	-0.01	11	42999	卖盘
10:47:48	39.1	--	20	78200	买盘
10:47:45	39.1	--	49	195265	卖盘
10:47:36	39.1	--	3	11730	卖盘
10:47:33	39.1	-0.02	10	39100	卖盘
10:47:27	39.12	0.02	18	70416	买盘
10:47:21	39.1	--	11	43010	卖盘
10:47:15	39.1	--	50	195734	卖盘
10:47:06	39.1	--	1	3910	卖盘
10:46:33	39.1	-0.02	10	39100	卖盘
10:46:27	39.12	0.04	2	7823	买盘
10:45:45	39.08	-0.04	10	39080	卖盘
10:45:27	39.12	0.06	1	3911	买盘
10:45:03	39.06	--	8	31248	卖盘
10:44:51	39.06	-0.07	39	152334	卖盘
10:44:27	39.13	0.07	9	35217	中性盘
10:44:21	39.06	-0.13	115	449190	卖盘
10:43:33	39.19	--	2	7838	买盘
10:43:27	39.19	--	2	7838	买盘
10:43:21	39.19	--	2	7838	买盘
10:42:30	39.19	--	7	27433	买盘
10:42:27	39.19	--	10	39190	买盘
10:42:12	39.19	--	9	35271	买盘
10:42:09	39.19	0.11	7	27433	买盘
10:41:39	39.08	-0.05	22	85976	中性盘
10:41:27	39.13	0.08	1	3913	中性盘
10:41:18	39.05	--	25	97625	卖盘
10:41:15	39.05	--	22	85910	买盘
10:41:00	39.05	0.01	2	7809	买盘
10:40:51	39.04	-0.01	1	3904	卖盘
10:40:33	39.05	-0.14	16	62479	卖盘
10:40:27	39.19	--	3	11757	买盘
10:40:24	39.19	-0.01	9	35271	中性盘
10:40:09	39.2	--	10	39200	买盘
10:39:57	39.2	0.17	11	43120	买盘
10:39:54	39.03	0.01	9	35127	中性盘
10:39:45	39.02	-0.18	20	78040	中性盘
10:39:39	39.2	0.07	10	39200	中性盘
10:39:30	39.13	0.02	10	39130	买盘
10:39:27	39.11	-0.09	12	46932	卖盘
10:39:18	39.2	0.01	11	43120	买盘
10:39:09	39.19	-0.06	33	129326	中性盘
10:39:03	39.25	0.06	138	541650	买盘
10:38:54	39.19	0.01	10	39190	买盘
10:38:51	39.18	--	11	43098	买盘
10:38:39	39.18	0.03	10	39180	买盘
10:38:27	39.15	0.04	11	43065	买盘
10:38:18	39.11	-0.04	2	7822	中性盘
10:38:12	39.15	0.05	16	62640	买盘
10:38:00	39.1	0.03	9	35190	买盘
10:37:51	39.07	0.05	8	31256	买盘
10:37:48	39.02	-0.05	10	39020	中性盘
10:37:33	39.07	0.02	11	42977	买盘
10:37:27	39.05	--	4	15619	中性盘
10:37:21	39.05	0.05	10	39050	中性盘
10:37:12	39.0	-0.01	12	47931	卖盘
10:37:09	39.01	-0.04	24	93624	中性盘
10:37:00	39.05	-0.02	2	7809	中性盘
10:36:57	39.07	-0.02	3	11721	卖盘
10:36:54	39.09	--	30	117270	买盘
10:36:48	39.09	--	7	27363	买盘
10:36:42	39.09	0.02	10	39090	买盘
10:36:30	39.07	--	8	31256	买盘
10:36:27	39.07	0.09	3	11721	买盘
10:36:21	38.98	-0.04	10	38980	卖盘
10:36:15	39.02	0.04	10	39020	中性盘
10:36:09	38.98	-0.02	30	119434	卖盘
10:36:06	39.0	--	10	39000	买盘
10:36:03	39.0	--	10	39000	买盘
10:35:57	39.0	--	12	46800	买盘
10:35:51	39.0	0.03	11	42900	买盘
10:35:42	38.97	-0.03	11	42867	卖盘
10:35:36	39.0	--	10	39000	买盘
10:35:33	39.0	0.03	4	15600	买盘
10:35:30	38.97	-0.03	10	38970	卖盘
10:35:27	39.0	--	1	3900	买盘
10:35:24	39.0	--	19	74100	买盘
10:35:12	39.0	0.03	10	39000	买盘
10:34:57	38.97	0.02	10	38970	买盘
10:34:51	38.95	--	1	3895	中性盘
10:34:45	38.95	-0.05	11	42845	中性盘
10:34:33	39.0	0.02	25	97500	买盘
10:34:27	38.98	--	2	7795	买盘
10:34:18	38.98	0.01	10	38980	买盘
10:34:06	38.97	0.05	11	42867	买盘
10:34:03	38.92	0.02	6	23352	买盘
10:34:00	38.9	-0.02	15	58350	卖盘
10:33:54	38.92	-0.05	10	38920	卖盘
10:33:39	38.97	0.02	11	42867	买盘
10:33:27	38.95	0.01	12	46740	买盘
10:33:12	38.94	0.01	6	25427	买盘
10:33:09	38.93	-0.01	6	23358	中性盘
10:33:00	38.94	--	11	42834	买盘
10:32:48	38.94	0.01	10	38940	买盘
10:32:33	38.93	0.04	10	38930	买盘
10:32:27	38.89	-0.05	2	7778	中性盘
10:32:21	38.94	0.12	11	42834	买盘
10:32:18	38.82	-0.12	2	10636	卖盘
10:32:09	38.94	0.05	17	66198	买盘
10:32:00	38.89	-0.05	6	23334	中性盘
10:31:54	38.94	0.05	18	70092	买盘
10:31:51	38.89	--	1	3889	买盘
10:31:48	38.89	-0.05	17	66890	卖盘
10:31:42	38.94	--	10	38940	买盘
10:31:30	38.94	--	10	38940	买盘
10:31:27	38.94	0.01	2	7788	买盘
10:31:24	38.93	0.11	6	23358	买盘
10:31:21	38.82	-0.11	12	48913	卖盘
10:31:15	38.93	0.1	11	42823	买盘
10:31:12	38.83	-0.03	9	36772	买盘
10:31:06	38.86	-0.02	0	2059	卖盘
10:31:03	38.88	-0.05	10	38880	中性盘
10:30:54	38.93	--	7	27251	买盘
10:30:51	38.93	0.06	10	38930	买盘
10:30:48	38.87	-0.06	3	13993	卖盘
10:30:36	38.93	--	11	42823	买盘
10:30:27	38.93	--	1	3893	买盘
10:30:24	38.93	0.07	13	50609	买盘
10:30:18	38.86	-0.06	1	4546	卖盘
10:30:15	38.92	0.05	10	38920	卖盘
10:30:12	38.87	--	1	3886	买盘
10:29:57	38.87	0.01	10	38870	中性盘
10:29:48	38.86	-0.06	11	45466	卖盘
10:29:45	38.92	0.04	10	38920	中性盘
10:29:42	38.88	-0.01	1	3888	买盘
10:29:36	38.89	-0.04	9	35001	卖盘
10:29:33	38.93	0.04	11	42823	买盘
10:29:30	38.89	--	9	35001	买盘
10:29:27	38.89	-0.05	2	7778	中性盘
10:29:18	38.94	0.09	12	49103	买盘
10:29:12	38.85	-0.04	2	11266	卖盘
10:29:06	38.89	-0.05	10	38890	买盘
10:28:54	38.94	0.09	11	42834	买盘
10:28:48	38.85	-0.09	17	66433	卖盘
10:28:39	38.94	-0.01	10	38940	卖盘
10:28:27	38.95	0.01	11	42845	买盘
10:28:18	38.94	-0.01	4	17523	卖盘
10:28:15	38.95	0.01	10	38950	买盘
10:28:00	38.94	0.04	14	54516	买盘
10:27:48	38.9	-0.05	16	64146	中性盘
10:27:36	38.95	0.01	10	38950	买盘
10:27:21	38.94	0.12	12	46728	买盘
10:27:18	38.82	-0.13	0	3493	卖盘
10:27:09	38.95	--	11	42845	买盘
10:27:06	38.95	--	6	23370	买盘
10:26:57	38.95	0.13	10	38950	买盘
10:26:48	38.82	-0.1	9	34938	卖盘
10:26:42	38.92	0.02	5	19460	买盘
10:26:30	38.9	-0.05	10	38900	中性盘
10:26:18	38.95	--	48	186960	买盘
10:26:12	38.95	-0.02	48	189491	卖盘
10:26:06	38.97	--	9	35073	买盘
10:26:03	38.97	0.02	11	42867	买盘
10:25:54	38.95	--	1	3895	卖盘
10:25:51	38.95	0.14	3	13048	买盘
10:25:48	38.81	-0.11	36	140298	卖盘
10:25:45	38.92	--	2	7784	卖盘
10:25:42	38.92	--	5	19460	买盘
10:25:39	38.92	0.11	14	54488	买盘
10:25:27	38.81	0.1	179	697920	买盘
10:25:18	38.71	--	45	174195	卖盘
10:25:15	38.71	-0.06	28	108388	卖盘
10:25:09	38.77	--	8	31016	买盘
10:25:06	38.77	--	8	31016	买盘
10:24:57	38.77	0.07	15	58155	买盘
10:24:54	38.7	--	3	11610	卖盘
10:24:48	38.7	-0.07	11	45279	卖盘
10:24:45	38.77	0.09	1	3877	买盘
10:24:21	38.68	--	6	23208	卖盘
10:24:18	38.68	-0.09	38	147680	卖盘
10:24:12	38.77	0.07	26	100802	买盘
10:24:06	38.7	0.02	6	25464	买盘
10:23:57	38.68	--	2	7736	买盘
10:23:54	38.68	--	11	44172	卖盘
10:23:48	38.68	--	102	397746	卖盘
10:23:45	38.68	--	5	19340	卖盘
10:23:24	38.68	0.02	14	57053	买盘
10:23:18	38.66	-0.01	9	34794	卖盘
10:23:12	38.67	-0.01	9	34803	卖盘
10:23:09	38.68	-0.02	2	8703	卖盘
10:23:06	38.7	--	5	19350	买盘
10:22:57	38.7	0.02	2	7740	买盘
10:22:48	38.68	-0.02	2	8393	卖盘
10:22:39	38.7	0.02	2	7740	买盘
10:22:18	38.68	-0.02	21	84245	卖盘
10:22:15	38.7	--	53	205110	买盘
10:22:12	38.7	--	10	38700	买盘
10:22:09	38.7	-0.07	10	38700	卖盘
10:22:06	38.77	0.03	9	34893	买盘
10:21:51	38.74	0.04	2	7748	买盘
10:21:48	38.7	-0.07	25	97291	卖盘
10:21:30	38.77	--	37	143449	买盘
10:21:27	38.77	--	10	38770	买盘
10:21:18	38.77	0.03	4	16748	中性盘
10:21:09	38.74	-0.04	1	3874	卖盘
10:21:06	38.78	0.03	14	54292	买盘
10:20:54	38.75	--	1	3875	买盘
10:20:42	38.75	-0.01	9	35262	卖盘
10:20:18	38.76	-0.02	0	3488	卖盘
10:20:06	38.78	0.02	5	19390	买盘
10:19:57	38.76	0.04	9	34884	买盘
10:19:48	38.72	--	4	16030	卖盘
10:19:18	38.72	--	0	3484	卖盘
10:19:15	38.72	--	7	29040	买盘
10:19:06	38.72	0.04	23	89056	买盘
10:19:03	38.68	-0.04	12	46416	卖盘
10:18:51	38.72	0.01	4	15488	买盘
10:18:48	38.71	-0.01	3	13935	卖盘
10:18:36	38.72	--	4	15488	买盘
10:18:33	38.72	--	1	5808	卖盘
10:18:18	38.72	-0.06	13	52272	卖盘
10:18:15	38.78	--	14	54292	买盘
10:18:06	38.78	--	8	31024	买盘
10:17:51	38.78	0.08	1	3878	买盘
10:17:48	38.7	-0.08	61	236844	卖盘
10:17:33	38.78	-0.03	148	574370	卖盘
10:17:24	38.81	--	28	108668	买盘
10:17:21	38.81	--	6	23286	买盘
10:17:18	38.81	--	1	3881	买盘
10:17:15	38.81	-0.02	40	156055	卖盘
10:17:09	38.83	--	15	61312	买盘
10:17:06	38.83	--	8	31064	买盘
10:16:48	38.83	-0.09	4	15959	卖盘
10:16:24	38.92	0.09	3	11676	买盘
10:16:18	38.83	--	0	3844	卖盘
10:16:09	38.83	--	4	19026	买盘
10:16:06	38.83	--	5	19415	买盘
10:15:57	38.83	--	3	11649	买盘
10:15:48	38.83	0.02	15	58245	中性盘
10:15:45	38.81	0.01	8	31048	中性盘
10:15:30	38.8	-0.12	10	38800	卖盘
10:15:24	38.92	0.1	9	36390	买盘
10:15:18	38.82	-0.1	23	89286	卖盘
10:15:09	38.92	--	3	11676	买盘
10:15:06	38.92	0.07	16	62272	买盘
10:14:57	38.85	0.01	10	40792	买盘
10:14:51	38.84	--	0	1942	卖盘
10:14:48	38.84	-0.01	4	17478	卖盘
10:14:45	38.85	-0.01	10	38850	买盘
10:14:36	38.86	-0.11	2	7772	中性盘
10:14:24	38.97	0.01	46	179262	买盘
10:14:21	38.96	0.12	1	3896	买盘
10:14:18	38.84	-0.09	45	174780	卖盘
10:14:06	38.93	0.13	11	42823	买盘
10:14:03	38.8	0.07	33	130135	买盘
10:13:48	38.73	-0.07	4	17428	中性盘
10:13:42	38.8	0.02	40	155200	买盘
10:13:39	38.78	--	46	178388	买盘
10:13:33	38.78	--	21	81438	买盘
10:13:27	38.78	--	80	310240	买盘
10:13:24	38.78	0.01	20	77560	买盘
10:13:21	38.77	0.12	6	23262	卖盘
10:13:18	38.65	-0.13	57	222701	卖盘
10:13:12	38.78	--	10	38780	买盘
10:13:09	38.78	--	85	329630	买盘
10:13:06	38.78	0.01	11	42658	买盘
10:13:03	38.77	0.04	3	11631	买盘
10:12:57	38.73	--	20	77460	买盘
10:12:54	38.73	0.01	13	50348	买盘
10:12:51	38.72	--	1	3872	卖盘
10:12:48	38.72	--	13	52543	买盘
10:12:42	38.72	--	51	197472	买盘
10:12:36	38.72	0.07	20	77440	买盘
10:12:18	38.65	--	4	17392	卖盘
10:12:15	38.65	0.03	33	127545	买盘
10:12:09	38.62	--	5	19310	买盘
10:12:06	38.62	0.02	8	30895	买盘
10:11:57	38.6	-0.03	10	41688	卖盘
10:11:54	38.63	--	6	26268	买盘
10:11:51	38.63	0.01	2	7726	买盘
10:11:48	38.62	-0.01	6	24600	卖盘
10:11:42	38.63	--	2	7726	买盘
10:11:39	38.63	--	5	19315	买盘
10:11:36	38.63	--	1	3863	买盘
10:11:33	38.63	-0.03	93	360031	卖盘
10:11:30	38.66	--	3	11597	买盘
10:11:18	38.66	-0.06	5	19330	卖盘
10:11:12	38.72	0.04	19	73568	买盘
10:11:09	38.68	-0.02	8	30944	卖盘
10:11:06	38.7	0.02	14	54180	中性盘
10:10:54	38.68	0.03	2	7736	中性盘
10:10:48	38.65	-0.07	1	6957	卖盘
10:10:42	38.72	--	5	19360	买盘
10:10:39	38.72	0.04	22	85184	买盘
10:10:36	38.68	-0.04	5	22821	卖盘
10:10:18	38.72	--	5	21296	买盘
10:10:15	38.72	-0.01	25	96800	卖盘
10:10:06	38.73	-0.04	6	23237	中性盘
10:09:54	38.77	0.06	50	193850	买盘
10:09:51	38.71	--	3	11613	买盘
10:09:48	38.71	0.01	25	100375	卖盘
10:09:36	38.7	-0.01	11	42570	卖盘
10:09:27	38.71	--	3	11883	买盘
10:09:24	38.71	--	3	11613	买盘
10:09:21	38.71	0.03	3	11613	买盘
10:09:18	38.68	-0.03	12	48736	卖盘
10:09:06	38.71	0.03	5	19355	买盘
10:09:00	38.68	--	1	3868	卖盘
10:08:48	38.68	0.05	53	207672	买盘
10:08:33	38.63	0.01	1	4790	买盘
10:08:27	38.62	-0.01	23	88826	卖盘
10:08:21	38.63	--	1	3863	买盘
10:08:18	38.63	--	3	11589	买盘
10:08:15	38.63	-0.05	96	373011	卖盘
10:08:12	38.68	--	10	41929	买盘
10:08:06	38.68	0.05	9	34812	买盘
10:08:03	38.63	--	9	37084	买盘
10:08:00	38.63	--	1	3863	买盘
10:07:57	38.63	-0.01	39	152202	卖盘
10:07:48	38.64	-0.04	3	14683	卖盘
10:07:39	38.68	0.04	6	23208	买盘
10:07:33	38.64	0.01	2	7728	买盘
10:07:18	38.63	-0.04	1	6953	卖盘
10:07:15	38.67	0.03	2	7734	卖盘
10:07:09	38.64	-0.04	3	11592	卖盘
10:07:06	38.68	0.02	12	46416	买盘
10:07:00	38.66	-0.02	6	23195	卖盘
10:06:57	38.68	-0.02	3	12222	卖盘
10:06:54	38.7	0.02	7	27090	买盘
10:06:48	38.68	-0.02	28	109851	卖盘
10:06:39	38.7	--	5	19350	买盘
10:06:36	38.7	-0.01	4	15480	中性盘
10:06:33	38.71	0.01	35	135485	买盘
10:06:27	38.7	-0.01	2	9442	卖盘
10:06:21	38.71	-0.02	80	313280	卖盘
10:06:18	38.73	-0.05	40	156353	卖盘
10:06:09	38.78	--	5	19390	买盘
10:06:06	38.78	--	5	19390	买盘
10:06:03	38.78	-0.01	30	116378	卖盘
10:05:48	38.79	-0.01	22	87665	卖盘
10:05:45	38.8	--	49	191866	卖盘
10:05:42	38.8	--	4	15519	卖盘
10:05:36	38.8	--	24	95254	买盘
10:05:18	38.8	-0.1	98	382102	卖盘
10:05:06	38.9	0.07	9	35010	买盘
10:04:48	38.83	-0.05	5	21434	卖盘
10:04:42	38.88	--	6	23833	卖盘
10:04:15	38.88	--	55	214345	卖盘
10:04:09	38.88	-0.06	6	24572	卖盘
10:04:06	38.94	--	7	27258	买盘
10:03:57	38.94	0.06	20	77880	买盘
10:03:48	38.88	-0.02	15	59369	卖盘
10:03:45	38.9	--	3	11670	卖盘
10:03:42	38.9	--	10	38900	中性盘
10:03:33	38.9	--	2	7780	卖盘
10:03:18	38.9	-0.06	18	70020	卖盘
10:03:06	38.96	0.07	7	27272	中性盘
10:02:45	38.89	--	48	189199	卖盘
10:02:33	38.89	--	10	38890	卖盘
10:02:18	38.89	--	4	17500	卖盘
10:02:15	38.89	--	2	7778	卖盘
10:02:12	38.89	0.01	9	35001	买盘
10:02:06	38.88	0.07	6	23328	中性盘
10:01:45	38.81	-0.08	28	111772	卖盘
10:01:39	38.89	--	36	140004	卖盘
10:01:24	38.89	--	20	77780	卖盘
10:01:18	38.89	-0.08	1	7000	中性盘
10:01:06	38.97	0.18	13	50661	买盘
10:00:54	38.79	--	5	19395	卖盘
10:00:48	38.79	--	0	3491	卖盘
10:00:45	38.79	-0.18	3	11637	卖盘
10:00:42	38.97	0.18	5	19485	中性盘
10:00:15	38.79	-0.19	4	17455	卖盘
10:00:06	38.98	0.09	7	27285	买盘
10:00:00	38.89	0.02	50	194450	买盘
09:59:48	38.87	0.09	50	194350	买盘
09:59:45	38.78	--	58	225117	卖盘
09:59:33	38.78	--	1	7523	买盘
09:59:27	38.78	0.04	1	3878	买盘
09:59:15	38.74	-0.04	20	80191	中性盘
09:59:12	38.78	0.01	11	42658	买盘
09:59:06	38.77	0.05	5	19385	买盘
09:59:03	38.72	-0.06	50	193600	卖盘
09:58:48	38.78	--	0	232	卖盘
09:58:45	38.78	--	0	2249	卖盘
09:58:30	38.78	0.06	4	16908	买盘
09:58:27	38.72	-0.06	2	7744	卖盘
09:58:15	38.78	-0.03	6	26990	卖盘
09:58:06	38.81	0.01	7	27167	买盘
09:57:45	38.8	--	17	68443	卖盘
09:57:36	38.8	0.09	30	117951	买盘
09:57:33	38.71	-0.09	2	7742	卖盘
09:57:27	38.8	0.04	35	135800	买盘
09:57:21	38.76	-0.02	6	23256	卖盘
09:57:18	38.78	--	5	19390	买盘
09:57:15	38.78	-0.03	46	178388	卖盘
09:57:09	38.81	--	2	7762	买盘
09:57:06	38.81	--	5	19405	买盘
09:57:03	38.81	-0.01	66	256146	卖盘
09:56:51	38.82	--	10	41537	卖盘
09:56:45	38.82	-0.03	6	24456	卖盘
09:56:39	38.85	-0.02	7	27195	卖盘
09:56:30	38.87	0.02	1	3886	买盘
09:56:27	38.85	-0.02	2	7770	中性盘
09:56:18	38.87	0.03	20	77740	买盘
09:56:15	38.84	-0.01	4	17478	卖盘
09:56:12	38.85	--	4	15540	卖盘
09:56:06	38.85	0.02	8	34576	卖盘
09:56:03	38.83	-0.02	3	11649	卖盘
09:55:57	38.85	0.01	9	35353	卖盘
09:55:51	38.84	--	0	3495	买盘
09:55:45	38.84	-0.03	6	23304	卖盘
09:55:42	38.87	0.02	2	7773	买盘
09:55:39	38.85	--	1	3885	卖盘
09:55:33	38.85	-0.02	23	89355	卖盘
09:55:27	38.87	--	2	9328	卖盘
09:55:24	38.87	--	2	7773	卖盘
09:55:21	38.87	--	1	3886	卖盘
09:55:15	38.87	-0.01	69	270535	卖盘
09:55:09	38.88	-0.01	45	174960	卖盘
09:55:06	38.89	--	8	31112	买盘
09:54:57	38.89	--	1	3889	买盘
09:54:54	38.89	--	6	24500	卖盘
09:54:45	38.89	--	19	73891	卖盘
09:54:27	38.89	-0.01	17	66113	卖盘
09:54:15	38.9	-0.03	3	14393	卖盘
09:54:06	38.93	--	5	19465	买盘
09:54:03	38.93	--	2	7786	买盘
09:53:57	38.93	-0.07	108	420444	卖盘
09:53:54	39.0	--	8	31200	买盘
09:53:48	39.0	0.01	30	117000	买盘
09:53:27	38.99	--	12	46788	卖盘
09:53:18	38.99	-0.01	2	7798	卖盘
09:53:15	39.0	-0.09	1	3900	中性盘
09:53:06	39.09	0.09	9	35181	买盘
09:53:03	39.0	--	1	3900	卖盘
09:53:00	39.0	--	2	7800	卖盘
09:52:54	39.0	--	5	19500	卖盘
09:52:36	39.0	--	3	11700	卖盘
09:52:33	39.0	--	14	54600	卖盘
09:52:21	39.0	-0.01	12	46800	卖盘
09:52:18	39.01	0.01	2	7802	中性盘
09:52:09	39.0	--	3	11700	卖盘
09:52:06	39.0	-0.01	26	101400	卖盘
09:52:03	39.01	-0.04	2	7802	卖盘
09:51:48	39.05	--	13	50764	卖盘
09:51:39	39.05	--	5	19525	卖盘
09:51:15	39.05	--	50	195250	卖盘
09:51:12	39.05	-0.04	7	27334	卖盘
09:51:06	39.09	0.02	16	62544	买盘
09:51:00	39.07	0.02	3	11721	买盘
09:50:57	39.05	--	6	23430	卖盘
09:50:48	39.05	--	5	19525	卖盘
09:50:42	39.05	-0.02	5	19525	中性盘
09:50:24	39.07	-0.03	1	3907	中性盘
09:50:06	39.1	0.11	7	27370	买盘
09:50:03	38.99	-0.01	3	11697	卖盘
09:49:51	39.0	-0.11	1	3900	中性盘
09:49:48	39.11	0.11	8	31288	买盘
09:49:45	39.0	--	12	46800	买盘
09:49:39	39.0	--	4	15600	买盘
09:49:30	39.0	-0.11	76	296400	卖盘
09:49:06	39.11	0.06	7	27377	买盘
09:49:00	39.05	-0.01	15	58574	卖盘
09:48:48	39.06	-0.02	100	390600	卖盘
09:48:39	39.08	--	3	11724	卖盘
09:48:33	39.08	--	3	11724	卖盘
09:48:30	39.08	--	2	7816	卖盘
09:48:27	39.08	-0.01	2	7816	卖盘
09:48:12	39.09	--	12	46908	买盘
09:48:09	39.09	--	8	31272	买盘
09:48:06	39.09	-0.05	67	261981	卖盘
09:47:45	39.14	--	3	11742	买盘
09:47:42	39.14	0.03	2	7828	买盘
09:47:39	39.11	-0.03	5	19555	卖盘
09:47:36	39.14	0.04	2	7828	买盘
09:47:21	39.1	-0.08	4	15640	卖盘
09:47:06	39.18	0.05	7	27426	买盘
09:47:00	39.13	0.02	30	117390	卖盘
09:46:30	39.11	--	10	39110	买盘
09:46:24	39.11	-0.09	47	183817	卖盘
09:46:06	39.2	0.1	9	35280	中性盘
09:46:00	39.1	-0.15	1	3910	卖盘
09:45:57	39.25	0.09	66	259050	买盘
09:45:51	39.16	0.06	14	54823	卖盘
09:45:45	39.1	-0.06	16	62560	卖盘
09:45:42	39.16	-0.01	6	23495	卖盘
09:45:18	39.17	-0.04	41	160597	卖盘
09:45:15	39.21	--	1	3921	卖盘
09:45:12	39.21	0.04	1	3921	卖盘
09:45:09	39.17	--	3	11751	卖盘
09:45:06	39.17	-0.04	48	188016	卖盘
09:45:03	39.21	0.02	2	7842	卖盘
09:44:54	39.19	-0.04	5	19595	卖盘
09:44:42	39.23	--	2	7845	买盘
09:44:39	39.23	0.02	9	35307	中性盘
09:44:30	39.21	-0.03	1	3921	卖盘
09:44:27	39.24	0.06	8	31392	买盘
09:44:24	39.18	--	1	3918	买盘
09:44:12	39.18	-0.07	4	15672	卖盘
09:44:09	39.25	--	1	3925	买盘
09:44:06	39.25	0.06	9	35325	买盘
09:44:00	39.19	0.01	10	39190	买盘
09:43:57	39.18	0.02	32	127805	中性盘
09:43:45	39.16	-0.01	15	58739	卖盘
09:43:42	39.17	0.01	6	23502	买盘
09:43:36	39.16	--	15	58739	买盘
09:43:30	39.16	0.05	9	35244	中性盘
09:43:27	39.11	0.02	10	39110	中性盘
09:43:24	39.09	-0.02	2	7818	卖盘
09:43:18	39.11	--	3	11733	卖盘
09:43:15	39.11	0.11	111	437953	买盘
09:43:09	39.0	-0.07	1	3900	卖盘
09:43:06	39.07	0.07	10	39070	买盘
09:43:03	39.0	--	10	39000	卖盘
09:42:57	39.0	0.1	1	3900	卖盘
09:42:42	38.9	-0.15	1	3890	中性盘
09:42:33	39.05	0.05	20	78100	买盘
09:42:30	39.0	0.12	7	27300	买盘
09:42:12	38.88	-0.12	6	23328	卖盘
09:42:06	39.0	0.12	8	31200	买盘
09:41:57	38.88	--	5	19440	卖盘
09:41:54	38.88	0.01	2	7776	中性盘
09:41:30	38.87	--	167	650606	买盘
09:41:27	38.87	--	92	357604	买盘
09:41:24	38.87	--	150	583050	买盘
09:41:21	38.87	--	2	7773	买盘
09:41:12	38.87	--	17	66079	买盘
09:41:06	38.87	--	22	85514	买盘
09:41:03	38.87	-0.11	41	159367	卖盘
09:40:57	38.98	0.01	55	214389	买盘
09:40:54	38.97	0.08	11	42867	买盘
09:40:36	38.89	-0.07	14	54446	卖盘
09:40:30	38.96	--	2	7792	买盘
09:40:24	38.96	0.07	62	241552	买盘
09:40:21	38.89	0.05	12	46668	中性盘
09:40:15	38.84	-0.06	10	38840	卖盘
09:40:09	38.9	0.01	20	77800	买盘
09:40:06	38.89	0.05	6	23334	中性盘
09:39:57	38.84	-0.1	2	7768	卖盘
09:39:54	38.94	0.09	115	447810	买盘
09:39:45	38.85	0.01	1	3885	买盘
09:39:39	38.84	0.02	6	23304	买盘
09:39:36	38.82	-0.02	5	19410	卖盘
09:39:33	38.84	--	2	7768	买盘
09:39:15	38.84	-0.06	18	69912	卖盘
09:39:06	38.9	0.06	9	35010	买盘
09:39:00	38.84	0.02	113	438892	买盘
09:38:51	38.82	--	1	3882	买盘
09:38:48	38.82	--	1	3882	卖盘
09:38:33	38.82	--	2	7764	买盘
09:38:30	38.82	0.01	3	11646	买盘
09:38:27	38.81	--	10	38810	卖盘
09:38:24	38.81	--	8	31048	卖盘
09:38:12	38.81	-0.03	2	7762	卖盘
09:38:06	38.84	0.03	28	108752	买盘
09:38:03	38.81	-0.01	3	11643	卖盘
09:38:00	38.82	--	1	3882	卖盘
09:37:54	38.82	-0.02	7	27174	卖盘
09:37:39	38.84	-0.04	12	46608	卖盘
09:37:36	38.88	0.03	3	11664	买盘
09:37:27	38.85	-0.01	1	3885	买盘
09:37:24	38.86	--	5	19430	卖盘
09:37:21	38.86	0.02	2	7772	中性盘
09:37:09	38.84	-0.04	1	3884	卖盘
09:37:06	38.88	0.04	6	23328	买盘
09:37:00	38.84	-0.04	12	46608	卖盘
09:36:54	38.88	0.04	2	7776	买盘
09:36:45	38.84	--	3	11652	卖盘
09:36:39	38.84	--	11	42724	买盘
09:36:30	38.84	0.03	3	11652	买盘
09:36:21	38.81	-0.05	4	15524	卖盘
09:36:06	38.86	-0.01	7	27202	中性盘
09:36:00	38.87	-0.01	2	7773	中性盘
09:35:39	38.88	0.08	1	3888	买盘
09:35:30	38.8	-0.06	16	62079	卖盘
09:35:24	38.86	0.01	8	31088	买盘
09:35:12	38.85	-0.03	3	11655	中性盘
09:35:06	38.88	0.02	8	31104	买盘
09:35:00	38.86	--	1	3886	卖盘
09:34:57	38.86	--	45	174870	卖盘
09:34:51	38.86	--	54	209844	买盘
09:34:33	38.86	-0.02	3	11658	卖盘
09:34:30	38.88	0.01	2	7776	买盘
09:34:24	38.87	-0.01	1	3886	买盘
09:34:06	38.88	0.02	7	27216	买盘
09:34:03	38.86	-0.02	31	120466	卖盘
09:33:57	38.88	--	5	19440	买盘
09:33:45	38.88	--	5	19440	中性盘
09:33:33	38.88	0.01	5	19440	买盘
09:33:24	38.87	-0.01	3	11661	卖盘
09:33:21	38.88	0.01	2	7776	买盘
09:33:18	38.87	--	21	81627	卖盘
09:33:15	38.87	--	17	66079	卖盘
09:33:06	38.87	0.01	18	69966	卖盘
09:33:03	38.86	--	26	101036	买盘
09:32:45	38.86	-0.02	3	11658	中性盘
09:32:15	38.88	--	3	11664	卖盘
09:32:12	38.88	-0.01	6	23328	卖盘
09:32:09	38.89	--	3	11667	买盘
09:32:06	38.89	--	12	46668	买盘
09:31:57	38.89	--	4	15556	买盘
09:31:51	38.89	0.01	1	3889	买盘
09:31:45	38.88	-0.02	10	38880	中性盘
09:31:33	38.9	--	1	3890	卖盘
09:31:27	38.9	0.24	4	15560	买盘
09:31:12	38.66	--	3	11597	卖盘
09:31:09	38.66	--	4	15463	卖盘
09:31:06	38.66	0.06	39	150774	买盘
09:31:03	38.6	--	2	7720	买盘
09:30:36	38.6	0.02	1	3860	买盘
09:30:33	38.58	0.1	3	11574	买盘
09:30:27	38.48	-0.13	9	34632	卖盘
09:30:09	38.61	-0.29	7	27027	买盘
09:30:06	38.9	0.24	40	155600	中性盘
09:30:03	38.66	--	2	7731	买盘
09:25:03	38.66	38.66	54	208763	买盘
