成交时间	成交价	价格变动	成交量(手)	成交额(元)	性质
15:00:03	27.75	0.02	557	1545675	中性盘
14:57:03	27.73	-0.01	84	232932	卖盘
14:57:00	27.74	-0.01	23	63802	卖盘
14:56:57	27.75	0.01	11	30525	买盘
14:56:51	27.74	--	6	16644	卖盘
14:56:48	27.74	--	18	49932	卖盘
14:56:45	27.74	--	15	41610	卖盘
14:56:42	27.74	-0.01	23	63802	卖盘
14:56:33	27.75	0.01	10	27750	买盘
14:56:21	27.74	0.01	145	402230	买盘
14:56:18	27.73	--	11	30503	卖盘
14:56:15	27.73	-0.01	92	255116	卖盘
14:56:12	27.74	--	30	83220	买盘
14:56:09	27.74	--	17	47158	买盘
14:56:06	27.74	0.01	11	30514	买盘
14:56:03	27.73	-0.01	27	74871	卖盘
14:56:00	27.74	-0.01	51	141474	买盘
14:55:54	27.75	-0.01	44	122100	卖盘
14:55:51	27.76	--	1	2776	买盘
14:55:48	27.76	--	10	27760	买盘
14:55:42	27.76	-0.01	8	22208	卖盘
14:55:36	27.77	0.01	7	19439	买盘
14:55:33	27.76	-0.01	10	27760	卖盘
14:55:30	27.77	--	10	27770	卖盘
14:55:27	27.77	-0.01	16	44432	卖盘
14:55:21	27.78	--	1	2778	买盘
14:55:18	27.78	0.01	4	11112	买盘
14:55:12	27.77	-0.01	30	83310	卖盘
14:55:09	27.78	--	30	83340	买盘
14:55:06	27.78	--	50	138900	买盘
14:55:03	27.78	--	20	55560	买盘
14:55:00	27.78	--	10	27780	买盘
14:54:57	27.78	--	45	125010	买盘
14:54:51	27.78	-0.01	131	365307	卖盘
14:54:48	27.79	-0.01	16	44464	卖盘
14:54:45	27.8	--	70	195990	买盘
14:54:36	27.8	0.01	2	5560	买盘
14:54:33	27.79	--	70	194530	卖盘
14:54:30	27.79	--	19	52801	卖盘
14:54:27	27.79	--	7	20842	买盘
14:54:24	27.79	0.01	9	25011	买盘
14:54:21	27.78	-0.01	36	100008	卖盘
14:54:06	27.79	0.01	10	27790	买盘
14:54:03	27.78	-0.01	7	19446	卖盘
14:54:00	27.79	-0.01	15	41685	中性盘
14:53:57	27.8	0.02	10	27800	买盘
14:53:42	27.78	0.01	0	1389	卖盘
14:53:36	27.77	-0.02	12	33324	卖盘
14:53:33	27.79	0.02	5	13895	买盘
14:53:24	27.77	--	1	2777	卖盘
14:53:21	27.77	--	40	111080	卖盘
14:53:15	27.77	0.02	68	188836	中性盘
14:52:51	27.75	-0.05	11	30525	卖盘
14:52:48	27.8	0.03	29	80620	买盘
14:52:45	27.77	0.01	18	49986	买盘
14:52:42	27.76	--	5	13880	买盘
14:52:39	27.76	-0.04	20	55520	卖盘
14:52:21	27.8	0.03	37	102860	买盘
14:52:18	27.77	-0.02	11	30547	卖盘
14:52:15	27.79	0.02	12	33348	买盘
14:52:12	27.77	-0.03	25	69425	卖盘
14:52:03	27.8	--	1	2780	买盘
14:52:00	27.8	--	34	94520	买盘
14:51:54	27.8	--	3	8340	买盘
14:51:51	27.8	--	143	397540	卖盘
14:51:42	27.8	--	30	83400	卖盘
14:51:39	27.8	--	1	2780	卖盘
14:51:33	27.8	--	62	172360	卖盘
14:51:24	27.8	-0.01	31	86180	卖盘
14:51:18	27.81	--	20	55620	买盘
14:51:15	27.81	0.01	1	2781	买盘
14:51:12	27.8	-0.01	188	522640	卖盘
14:51:09	27.81	0.01	52	144612	买盘
14:51:06	27.8	-0.01	1	2780	卖盘
14:51:03	27.81	--	25	69525	卖盘
14:51:00	27.81	--	17	47277	卖盘
14:50:57	27.81	--	15	41715	卖盘
14:50:54	27.81	--	10	27810	卖盘
14:50:45	27.81	--	29	80649	卖盘
14:50:42	27.81	-0.01	21	58401	卖盘
14:50:39	27.82	--	2	5564	卖盘
14:50:36	27.82	--	4	11128	卖盘
14:50:33	27.82	--	5	13910	卖盘
14:50:27	27.82	--	3	8346	卖盘
14:50:18	27.82	0.01	4	11128	中性盘
14:49:48	27.81	0.01	4	11124	中性盘
14:49:27	27.8	-0.08	366	1017480	卖盘
14:49:18	27.88	--	15	41820	卖盘
14:49:12	27.88	-0.01	2	5576	卖盘
14:49:03	27.89	0.01	2	5578	买盘
14:48:54	27.88	--	44	122672	卖盘
14:48:51	27.88	--	26	72488	卖盘
14:48:45	27.88	--	10	27880	卖盘
14:48:30	27.88	--	20	55760	卖盘
14:48:21	27.88	-0.01	26	72488	卖盘
14:48:18	27.89	-0.01	50	140844	卖盘
14:48:15	27.9	--	20	57195	买盘
14:48:06	27.9	--	10	27900	买盘
14:48:00	27.9	--	16	44640	买盘
14:47:48	27.9	--	20	55800	买盘
14:47:42	27.9	--	20	57195	卖盘
14:47:27	27.9	--	8	22320	卖盘
14:47:24	27.9	--	2	5580	卖盘
14:46:45	27.9	-0.01	3	8370	卖盘
14:46:33	27.91	0.01	2	5582	买盘
14:46:21	27.9	-0.01	11	30690	卖盘
14:46:18	27.91	0.01	6	16746	买盘
14:46:06	27.9	--	3	8370	卖盘
14:45:51	27.9	--	1	2790	卖盘
14:45:48	27.9	--	1	4185	卖盘
14:45:42	27.9	0.01	39	108810	买盘
14:45:33	27.89	--	18	50202	卖盘
14:45:18	27.89	-0.01	39	108771	卖盘
14:45:09	27.9	--	1	2790	买盘
14:45:06	27.9	--	1	2790	买盘
14:45:00	27.9	--	6	16740	买盘
14:44:45	27.9	--	3	8370	卖盘
14:44:42	27.9	--	27	75330	卖盘
14:44:27	27.9	--	14	39060	卖盘
14:44:24	27.9	-0.01	5	13950	卖盘
14:44:18	27.91	0.01	7	19537	买盘
14:44:12	27.9	--	5	13950	卖盘
14:44:03	27.9	--	8	22320	卖盘
14:43:57	27.9	--	20	55800	卖盘
14:43:36	27.9	-0.01	3	8370	卖盘
14:43:24	27.91	0.01	1	2791	买盘
14:43:18	27.9	--	2	5580	卖盘
14:43:12	27.9	0.01	8	22320	买盘
14:42:57	27.89	--	1	2789	卖盘
14:42:45	27.89	-0.01	30	83670	卖盘
14:42:33	27.9	--	31	86490	买盘
14:42:12	27.9	-0.01	94	262260	卖盘
14:42:00	27.91	--	24	66984	买盘
14:41:54	27.91	0.01	1	2791	买盘
14:41:48	27.9	--	10	27900	卖盘
14:41:45	27.9	-0.01	2	5580	卖盘
14:41:30	27.91	--	1	2791	买盘
14:41:24	27.91	--	12	33492	卖盘
14:41:09	27.91	-0.01	38	106058	卖盘
14:40:54	27.92	-0.02	30	83760	卖盘
14:40:51	27.94	--	7	19558	买盘
14:40:30	27.94	--	1	2794	买盘
14:40:24	27.94	-0.02	12	33528	卖盘
14:40:09	27.96	--	1	2796	买盘
14:39:45	27.96	-0.04	4	11184	卖盘
14:39:27	28.0	--	14	39200	卖盘
14:39:24	28.0	--	5	14000	卖盘
14:39:18	28.0	0.08	31	86800	买盘
14:38:42	27.92	--	7	19544	卖盘
14:38:39	27.92	--	4	11168	卖盘
14:38:33	27.92	--	1	2792	卖盘
14:38:12	27.92	--	5	13960	买盘
14:38:00	27.92	--	1	2792	买盘
14:37:30	27.92	0.02	10	27920	买盘
14:37:15	27.9	-0.02	21	58590	卖盘
14:36:18	27.92	--	72	201024	买盘
14:36:06	27.92	--	3	8376	买盘
14:35:45	27.92	0.02	5	13960	买盘
14:35:39	27.9	-0.02	25	69750	卖盘
14:35:21	27.92	--	96	268032	买盘
14:35:00	27.92	0.01	19	53048	买盘
14:34:54	27.91	0.01	2	5582	中性盘
14:34:39	27.9	--	21	58590	卖盘
14:34:27	27.9	-0.01	14	39060	卖盘
14:34:15	27.91	--	1	2791	买盘
14:34:12	27.91	0.01	2	5582	买盘
14:33:48	27.9	-0.01	9	25110	卖盘
14:33:42	27.91	--	1	2791	买盘
14:33:36	27.91	-0.01	20	55820	卖盘
14:33:12	27.92	0.01	5	13960	买盘
14:33:09	27.91	-0.01	1	2791	卖盘
14:32:54	27.92	--	2	5584	买盘
14:32:36	27.92	--	2	5584	买盘
14:32:27	27.92	--	6	16752	买盘
14:32:12	27.92	-0.04	8	22336	卖盘
14:32:03	27.96	0.05	6	16776	买盘
14:31:54	27.91	-0.05	10	27910	卖盘
14:31:48	27.96	0.04	1	2796	买盘
14:31:36	27.92	0.02	27	75384	中性盘
14:30:06	27.9	--	7	19530	买盘
14:30:00	27.9	--	6	16740	买盘
14:29:54	27.9	--	9	25110	买盘
14:29:51	27.9	0.01	30	83700	买盘
14:29:48	27.89	-0.01	3	8367	卖盘
14:29:42	27.9	--	115	320850	买盘
14:29:39	27.9	--	15	41850	买盘
14:29:36	27.9	--	2	5580	买盘
14:29:33	27.9	--	30	83700	买盘
14:29:30	27.9	--	10	27900	买盘
14:29:27	27.9	--	1	2790	买盘
14:29:24	27.9	--	21	58590	买盘
14:29:21	27.9	--	1	2790	买盘
14:29:18	27.9	--	3	8370	买盘
14:29:15	27.9	--	20	55800	买盘
14:29:06	27.9	--	5	13950	买盘
14:29:00	27.9	--	31	86490	买盘
14:28:57	27.9	--	2	5580	买盘
14:28:45	27.9	--	222	619380	买盘
14:28:30	27.9	--	2	5580	买盘
14:28:27	27.9	0.01	5	13950	买盘
14:27:54	27.89	0.01	2	5578	卖盘
14:27:48	27.88	--	2	5576	卖盘
14:27:21	27.88	-0.01	92	256496	卖盘
14:27:18	27.89	0.01	42	117138	买盘
14:27:12	27.88	-0.01	21	58548	卖盘
14:27:09	27.89	--	2	5578	买盘
14:27:06	27.89	-0.01	29	80881	中性盘
14:27:03	27.9	0.02	35	97650	买盘
14:27:00	27.88	-0.02	20	55760	卖盘
14:26:57	27.9	--	15	41850	买盘
14:26:51	27.9	0.01	1	2790	买盘
14:26:42	27.89	-0.01	10	27890	卖盘
14:26:24	27.9	--	1	2790	买盘
14:26:12	27.9	--	3	8370	买盘
14:26:09	27.9	0.01	50	139500	买盘
14:25:51	27.89	-0.01	10	27890	卖盘
14:25:45	27.9	--	50	139500	买盘
14:25:33	27.9	--	6	16740	买盘
14:25:30	27.9	-0.06	312	870480	卖盘
14:25:27	27.96	-0.09	5	13980	中性盘
14:25:03	28.05	--	69	193545	卖盘
14:25:00	28.05	--	10	28050	卖盘
14:24:48	28.05	--	53	148665	买盘
14:24:33	28.05	--	16	44880	买盘
14:24:24	28.05	0.15	1	2805	买盘
14:24:18	27.9	--	81	225990	买盘
14:24:15	27.9	--	8	22320	买盘
14:24:12	27.9	--	48	133920	买盘
14:24:09	27.9	--	18	50220	买盘
14:24:06	27.9	--	14	39060	买盘
14:24:03	27.9	--	113	315270	买盘
14:24:00	27.9	--	21	58590	买盘
14:23:57	27.9	--	50	139500	买盘
14:23:54	27.9	--	12	33480	买盘
14:23:45	27.9	--	36	100440	买盘
14:23:42	27.9	--	24	66960	买盘
14:23:36	27.9	--	15	41850	买盘
14:23:33	27.9	--	3	8370	买盘
14:23:27	27.9	--	11	30690	买盘
14:23:24	27.9	0.01	27	75330	买盘
14:23:21	27.89	-0.01	60	167340	卖盘
14:23:18	27.9	--	15	41850	买盘
14:23:15	27.9	--	10	27900	买盘
14:23:12	27.9	--	34	94860	买盘
14:23:09	27.9	--	137	382230	买盘
14:23:06	27.9	--	50	139500	买盘
14:23:00	27.9	--	8	22320	买盘
14:22:54	27.9	--	10	27900	买盘
14:22:51	27.9	--	20	55800	买盘
14:22:42	27.9	-0.17	187	521730	卖盘
14:22:39	28.07	0.02	5	14035	买盘
14:22:36	28.05	--	10	28050	卖盘
14:22:24	28.05	--	6	16830	卖盘
14:22:12	28.05	-0.01	21	58905	卖盘
14:22:09	28.06	0.01	3	8418	买盘
14:22:06	28.05	--	52	145860	卖盘
14:22:00	28.05	--	1	2805	买盘
14:21:42	28.05	--	10	28050	买盘
14:21:27	28.05	--	1	2805	买盘
14:21:24	28.05	0.02	43	120615	买盘
14:21:03	28.03	--	2	5606	买盘
14:21:00	28.03	--	34	95302	买盘
14:20:48	28.03	--	1	2803	买盘
14:20:45	28.03	0.01	1	2803	买盘
14:20:21	28.02	--	10	28020	卖盘
14:20:12	28.02	-0.01	10	28020	中性盘
14:20:06	28.03	0.01	40	112120	买盘
14:19:57	28.02	--	3	8406	卖盘
14:19:45	28.02	-0.01	1	2802	卖盘
14:19:33	28.03	--	1	2803	买盘
14:19:30	28.03	--	20	56060	买盘
14:19:27	28.03	-0.02	4	11212	卖盘
14:19:18	28.05	--	1	2805	买盘
14:19:00	28.05	--	9	25245	买盘
14:18:57	28.05	--	6	16830	卖盘
14:18:48	28.05	-0.01	1	2805	卖盘
14:18:36	28.06	--	10	30304	卖盘
14:18:33	28.06	-0.01	5	14030	卖盘
14:18:30	28.07	--	10	28070	买盘
14:18:18	28.07	-0.01	12	33684	卖盘
14:18:09	28.08	--	46	129167	买盘
14:17:57	28.08	0.01	10	28080	买盘
14:17:51	28.07	0.01	4	11228	买盘
14:17:45	28.06	--	1	3367	买盘
14:17:42	28.06	--	29	81374	买盘
14:17:36	28.06	--	5	14030	买盘
14:17:21	28.06	-0.01	7	19642	中性盘
14:17:15	28.07	0.02	63	176841	买盘
14:17:09	28.05	--	3	8415	买盘
14:17:06	28.05	--	9	25245	买盘
14:17:03	28.05	-0.01	30	84150	卖盘
14:17:00	28.06	--	1	2806	买盘
14:16:54	28.06	0.01	22	61732	买盘
14:16:36	28.05	0.01	10	28050	买盘
14:16:33	28.04	--	3	8412	买盘
14:16:27	28.04	0.01	24	67296	买盘
14:16:21	28.03	-0.02	33	92499	中性盘
14:16:09	28.05	0.05	9	25245	买盘
14:16:03	28.0	-0.02	20	56000	卖盘
14:15:57	28.02	0.02	33	95239	买盘
14:15:48	28.0	--	16	44800	买盘
14:15:33	28.0	--	10	28000	买盘
14:15:30	28.0	0.04	61	170800	买盘
14:15:21	27.96	-0.04	2	5592	卖盘
14:15:15	28.0	--	3	8400	买盘
14:15:09	28.0	--	50	140000	买盘
14:15:03	28.0	-0.02	17	47600	卖盘
14:15:00	28.02	0.02	10	28020	买盘
14:14:51	28.0	0.04	3	8400	买盘
14:14:45	27.96	0.02	21	58716	中性盘
14:14:24	27.94	0.01	6	16764	买盘
14:14:18	27.93	-0.01	5	13965	中性盘
14:14:15	27.94	0.02	1	2794	买盘
14:14:12	27.92	-0.02	6	16752	卖盘
14:14:06	27.94	--	1	2794	买盘
14:14:00	27.94	--	1	2794	买盘
14:13:57	27.94	-0.02	4	11176	卖盘
14:13:51	27.96	--	1	4781	买盘
14:13:45	27.96	0.02	2	5592	买盘
14:13:33	27.94	0.02	6	16764	买盘
14:13:03	27.92	0.02	3	8376	卖盘
14:12:57	27.9	-0.02	100	279000	卖盘
14:12:51	27.92	--	10	27920	买盘
14:12:45	27.92	--	10	27920	买盘
14:12:21	27.92	--	20	55840	买盘
14:12:03	27.92	--	7	19544	卖盘
14:11:48	27.92	0.02	3	8376	中性盘
14:10:09	27.9	-0.02	200	558000	卖盘
14:09:48	27.92	-0.02	4	11168	卖盘
14:09:36	27.94	--	3	8382	买盘
14:09:12	27.94	-0.01	26	72644	卖盘
14:09:03	27.95	0.01	5	13975	买盘
14:09:00	27.94	--	3	8382	卖盘
14:08:36	27.94	-0.01	5	13970	卖盘
14:08:24	27.95	--	5	13975	买盘
14:08:00	27.95	-0.01	10	27950	卖盘
14:07:18	27.96	--	3	8388	买盘
14:07:00	27.96	--	35	98670	卖盘
14:06:36	27.96	-0.06	38	106248	卖盘
14:06:18	28.02	--	3	8406	卖盘
14:06:15	28.02	--	10	28020	卖盘
14:06:03	28.02	-0.01	1	2802	卖盘
14:05:48	28.03	--	1	2803	买盘
14:05:36	28.03	-0.01	2	5606	卖盘
14:05:12	28.04	-0.02	18	50472	卖盘
14:04:54	28.06	--	15	42090	买盘
14:04:51	28.06	--	5	14030	买盘
14:04:30	28.06	--	2	5612	买盘
14:04:06	28.06	--	21	58926	买盘
14:03:51	28.06	--	18	50508	买盘
14:03:21	28.06	--	3	8418	卖盘
14:03:06	28.06	--	2	5612	卖盘
14:03:00	28.06	0.03	5	14030	买盘
14:02:45	28.03	--	36	100908	买盘
14:01:57	28.03	0.01	1	2803	买盘
14:01:15	28.02	-0.01	19	53238	卖盘
14:00:57	28.03	0.01	20	56060	买盘
14:00:48	28.02	--	1	2802	卖盘
14:00:33	28.02	0.05	6	16812	买盘
14:00:03	27.97	-0.04	15	41955	卖盘
13:59:45	28.01	0.04	5	14005	买盘
13:59:06	27.97	--	10	27970	卖盘
13:59:03	27.97	--	2	5594	卖盘
13:58:36	27.97	--	3	10376	买盘
13:58:15	27.97	-0.03	14	39969	卖盘
13:58:06	28.0	--	2	5600	买盘
13:57:48	28.0	0.01	15	42000	买盘
13:57:33	27.99	-0.01	2	5598	卖盘
13:57:15	28.0	0.01	2	5600	买盘
13:56:54	27.99	0.02	8	22392	买盘
13:56:18	27.97	0.01	20	57925	买盘
13:56:12	27.96	-0.01	7	19572	卖盘
13:56:09	27.97	--	2	5594	买盘
13:55:18	27.97	--	3	8391	买盘
13:55:12	27.97	--	55	153835	卖盘
13:55:00	27.97	0.01	9	25173	中性盘
13:53:51	27.96	-0.03	1	2796	卖盘
13:53:12	27.99	--	8	22392	卖盘
13:53:06	27.99	-0.01	3	8397	中性盘
13:51:54	28.0	--	5	14000	买盘
13:51:18	28.0	--	4	11200	卖盘
13:51:12	28.0	0.04	20	56000	买盘
13:50:51	27.96	-0.04	5	13980	卖盘
13:50:42	28.0	--	43	120400	卖盘
13:50:15	28.0	--	10	28000	卖盘
13:50:00	28.0	--	10	28000	卖盘
13:49:48	28.0	-0.06	3	8400	卖盘
13:49:39	28.06	0.06	8	22448	买盘
13:49:36	28.0	-0.09	4	11200	卖盘
13:48:45	28.09	--	11	30899	买盘
13:48:00	28.09	0.03	4	11236	买盘
13:47:48	28.06	--	10	28060	卖盘
13:47:45	28.06	0.03	3	8418	买盘
13:47:18	28.03	--	2	5606	卖盘
13:47:15	28.03	0.03	25	70075	买盘
13:46:51	28.0	0.06	20	56000	买盘
13:46:42	27.94	0.02	1	2794	中性盘
13:45:54	27.92	--	1	2792	买盘
13:45:21	27.92	0.02	1	2792	中性盘
13:44:48	27.9	--	13	36270	卖盘
13:44:33	27.9	--	20	55800	卖盘
13:44:18	27.9	--	3	8370	卖盘
13:44:15	27.9	--	4	11160	买盘
13:43:54	27.9	0.01	26	72540	买盘
13:43:51	27.89	-0.08	16	44624	卖盘
13:43:48	27.97	--	10	27970	卖盘
13:43:45	27.97	0.05	10	27970	买盘
13:43:39	27.92	--	3	8376	买盘
13:43:36	27.92	-0.04	3	8376	卖盘
13:43:09	27.96	-0.04	2	5592	卖盘
13:41:54	28.0	-0.01	4	11200	卖盘
13:41:42	28.01	--	9	25209	买盘
13:41:36	28.01	--	111	310911	卖盘
13:41:27	28.01	--	10	28010	卖盘
13:41:09	28.01	-0.01	5	14005	卖盘
13:41:06	28.02	--	1	2802	买盘
13:40:51	28.02	--	5	14010	买盘
13:40:45	28.02	--	8	23817	卖盘
13:40:33	28.02	-0.03	10	28020	卖盘
13:40:24	28.05	--	1	2805	买盘
13:40:15	28.05	-0.01	1	2805	卖盘
13:39:45	28.06	-0.03	5	14030	中性盘
13:39:15	28.09	--	2	5618	买盘
13:39:06	28.09	0.01	5	14045	买盘
13:38:51	28.08	--	13	36504	买盘
13:38:30	28.08	--	3	8424	买盘
13:37:33	28.08	--	1	2808	买盘
13:37:15	28.08	0.02	65	182520	买盘
13:37:09	28.06	0.01	10	28060	中性盘
13:36:39	28.05	-0.01	17	47685	卖盘
13:36:30	28.06	--	2	5612	卖盘
13:36:27	28.06	--	4	11224	卖盘
13:36:03	28.06	--	3	8418	买盘
13:35:45	28.06	0.01	4	11224	买盘
13:35:42	28.05	0.02	6	16830	买盘
13:35:36	28.03	0.01	6	16818	中性盘
13:35:15	28.02	--	1	2802	卖盘
13:35:03	28.02	--	9	26619	买盘
13:34:57	28.02	--	6	16812	买盘
13:34:51	28.02	--	14	40629	卖盘
13:34:09	28.02	--	6	16812	卖盘
13:33:54	28.02	--	0	1401	买盘
13:33:24	28.02	--	16	44832	买盘
13:33:21	28.02	--	10	28020	买盘
13:33:12	28.02	-0.05	13	37827	卖盘
13:33:03	28.07	--	7	19649	买盘
13:32:06	28.07	--	10	28070	买盘
13:32:03	28.07	0.02	12	33684	买盘
13:31:45	28.05	--	6	16830	卖盘
13:31:39	28.05	--	10	28050	卖盘
13:31:00	28.05	--	3	8415	卖盘
13:30:57	28.05	--	5	14025	卖盘
13:30:36	28.05	--	4	12622	买盘
13:30:21	28.05	0.01	19	53295	买盘
13:30:12	28.04	--	4	11216	买盘
13:30:09	28.04	-0.01	2	5608	中性盘
13:29:30	28.05	--	2	5610	买盘
13:29:15	28.05	--	1	2805	买盘
13:28:24	28.05	-0.02	0	1402	卖盘
13:27:21	28.07	--	38	106666	买盘
13:27:06	28.07	0.01	30	84210	买盘
13:27:03	28.06	--	49	137494	卖盘
13:27:00	28.06	--	10	28060	卖盘
13:26:51	28.06	--	16	44896	卖盘
13:26:18	28.06	0.01	100	280600	中性盘
13:24:54	28.05	-0.03	0	1402	中性盘
13:24:12	28.08	--	7	19656	卖盘
13:24:09	28.08	-0.01	10	28080	卖盘
13:23:48	28.09	--	4	11236	卖盘
13:23:18	28.09	-0.01	10	28090	卖盘
13:23:06	28.1	--	2	5620	买盘
13:22:54	28.1	--	1	2810	买盘
13:22:51	28.1	-0.01	8	22480	卖盘
13:22:48	28.11	0.01	8	22488	买盘
13:22:45	28.1	--	3	8430	卖盘
13:22:27	28.1	-0.01	1	2810	卖盘
13:22:12	28.11	0.01	13	36543	买盘
13:21:51	28.1	--	4	11240	卖盘
13:21:42	28.1	-0.01	10	28100	买盘
13:21:36	28.11	0.02	12	33732	买盘
13:21:06	28.09	0.01	11	30899	中性盘
13:20:54	28.08	--	5	14040	卖盘
13:20:15	28.08	--	1	2808	卖盘
13:20:03	28.08	-0.05	1	2808	卖盘
13:19:45	28.13	-0.01	3	8439	卖盘
13:19:24	28.14	--	5	14070	买盘
13:19:21	28.14	0.01	35	98490	买盘
13:19:18	28.13	--	2	5626	卖盘
13:19:15	28.13	-0.01	2	5626	卖盘
13:19:12	28.14	0.01	10	28140	买盘
13:19:03	28.13	--	2	5626	卖盘
13:18:54	28.13	0.01	1	2813	买盘
13:18:45	28.12	--	3	8436	买盘
13:18:42	28.12	--	10	28120	买盘
13:18:33	28.12	0.04	10	28120	买盘
13:18:24	28.08	--	5	14040	买盘
13:18:21	28.08	--	10	28080	买盘
13:17:57	28.08	--	4	11232	买盘
13:17:45	28.08	-0.04	1	2808	中性盘
13:17:21	28.12	0.11	3	8436	买盘
13:17:12	28.01	-0.11	21	58821	卖盘
13:17:06	28.12	0.11	68	191216	买盘
13:16:30	28.01	-0.09	3	8403	中性盘
13:16:15	28.1	-0.01	34	95540	中性盘
13:13:33	28.11	--	2	5622	卖盘
13:13:15	28.11	--	7	19677	买盘
13:13:09	28.11	--	9	25299	卖盘
13:12:57	28.11	--	9	25299	买盘
13:12:45	28.11	0.15	7	19677	中性盘
13:11:54	27.96	-0.16	10	27960	中性盘
13:11:12	28.12	0.04	50	140600	买盘
13:11:06	28.08	-0.04	2	5616	卖盘
13:10:51	28.12	--	30	84360	买盘
13:10:42	28.12	0.04	72	202464	买盘
13:10:39	28.08	--	3	8424	卖盘
13:10:36	28.08	-0.02	2	5616	卖盘
13:10:33	28.1	--	11	30910	买盘
13:10:21	28.1	--	11	30910	买盘
13:10:12	28.1	--	11	30910	买盘
13:10:03	28.1	0.02	21	59010	买盘
13:09:54	28.08	--	16	44928	卖盘
13:09:51	28.08	-0.02	18	50544	卖盘
13:09:42	28.1	-0.02	14	39340	中性盘
13:09:33	28.12	0.01	32	89984	买盘
13:09:24	28.11	-0.01	14	39354	中性盘
13:09:12	28.12	--	14	39368	买盘
13:09:03	28.12	--	6	16872	买盘
13:08:57	28.12	--	2	5624	买盘
13:08:54	28.12	--	20	56240	买盘
13:08:51	28.12	-0.01	14	39368	卖盘
13:08:45	28.13	0.01	4	11252	买盘
13:08:42	28.12	-0.02	20	56240	中性盘
13:08:33	28.14	0.02	10	28140	买盘
13:08:30	28.12	0.07	4	11248	买盘
13:08:24	28.05	-0.07	18	50490	卖盘
13:08:21	28.12	0.07	10	28120	买盘
13:08:18	28.05	-0.07	5	14025	中性盘
13:08:15	28.12	0.01	5	14060	买盘
13:08:12	28.11	0.01	4	11244	买盘
13:08:06	28.1	--	4	11240	买盘
13:08:00	28.1	-0.02	4	11240	中性盘
13:07:57	28.12	--	10	28120	买盘
13:07:51	28.12	0.24	10	28120	买盘
13:07:48	27.88	-0.24	1	2788	卖盘
13:07:45	28.12	--	10	28120	买盘
13:07:42	28.12	0.02	4	11248	买盘
13:07:36	28.1	--	4	11240	买盘
13:07:30	28.1	-0.03	28	78680	中性盘
13:07:21	28.13	--	22	61886	买盘
13:07:12	28.13	0.01	10	28130	买盘
13:07:09	28.12	0.01	44	123728	买盘
13:07:03	28.11	--	21	59031	买盘
13:06:54	28.11	0.01	21	59031	买盘
13:06:51	28.1	--	11	30910	买盘
13:06:42	28.1	--	11	30910	买盘
13:06:39	28.1	--	10	28100	买盘
13:06:36	28.1	--	8	22480	买盘
13:06:33	28.1	-0.02	8	22480	中性盘
13:06:30	28.12	-0.01	8	22496	卖盘
13:06:24	28.13	0.04	8	22504	买盘
13:06:21	28.09	-0.04	2	5618	中性盘
13:06:18	28.13	0.03	20	56260	买盘
13:06:12	28.1	--	8	22480	卖盘
13:06:06	28.1	--	13	36530	买盘
13:06:03	28.1	0.02	21	59010	买盘
13:05:54	28.08	0.04	10	28080	买盘
13:05:42	28.04	0.04	10	28040	买盘
13:05:36	28.0	--	10	28000	买盘
13:05:24	28.0	--	5	14000	买盘
13:05:21	28.0	--	5	14000	买盘
13:05:03	28.0	0.01	4	11200	买盘
13:05:00	27.99	--	4	11196	买盘
13:04:42	27.99	--	4	11196	买盘
13:04:36	27.99	0.01	9	25191	买盘
13:03:24	27.98	0.03	5	13990	买盘
13:03:03	27.95	-0.03	5	13975	中性盘
13:02:57	27.98	0.03	4	11192	买盘
13:02:36	27.95	--	4	11180	买盘
13:02:27	27.95	0.1	17	47515	买盘
13:02:06	27.85	-0.04	27	75195	卖盘
13:01:57	27.89	--	17	47413	买盘
13:01:33	27.89	--	17	47413	买盘
13:01:00	27.89	0.04	17	47413	中性盘
13:00:27	27.85	-0.04	65	181025	卖盘
13:00:12	27.89	0.03	2	5578	卖盘
13:00:09	27.86	-0.12	1	2786	卖盘
13:00:06	27.98	0.09	83	232234	买盘
13:00:03	27.89	--	0	0	买盘
11:30:03	27.89	--	0	0	买盘
11:29:27	27.89	0.04	40	111560	买盘
11:28:06	27.85	-0.04	1	2785	卖盘
11:28:00	27.89	0.04	10	27890	买盘
11:27:33	27.85	--	1	2785	卖盘
11:27:27	27.85	-0.04	5	13925	中性盘
11:25:36	27.89	--	10	27890	买盘
11:25:33	27.89	--	52	145028	买盘
11:25:27	27.89	-0.01	11	30679	卖盘
11:25:18	27.9	--	1	2790	买盘
11:24:42	27.9	0.01	1	2790	买盘
11:24:39	27.89	0.06	5	13945	买盘
11:23:57	27.83	-0.06	14	38962	卖盘
11:23:45	27.89	0.06	6	16734	买盘
11:23:33	27.83	0.01	11	30612	买盘
11:23:27	27.82	-0.01	11	30602	卖盘
11:23:24	27.83	--	1	2783	买盘
11:23:18	27.83	--	1	2783	买盘
11:23:15	27.83	0.01	1	2783	买盘
11:23:09	27.82	0.02	10	27820	买盘
11:22:54	27.8	-0.01	5	13900	卖盘
11:22:48	27.81	--	3	8343	买盘
11:22:42	27.81	--	5	13905	买盘
11:22:30	27.81	--	3	8343	卖盘
11:22:24	27.81	-0.01	51	141831	卖盘
11:22:18	27.82	--	2	5564	卖盘
11:22:15	27.82	--	7	19474	卖盘
11:22:09	27.82	-0.01	10	27820	卖盘
11:22:06	27.83	--	2	5566	买盘
11:21:54	27.83	--	20	55660	买盘
11:21:45	27.83	-0.01	3	8349	卖盘
11:21:27	27.84	--	2	5568	卖盘
11:21:15	27.84	0.01	2	5568	买盘
11:21:09	27.83	-0.01	9	25047	卖盘
11:20:54	27.84	-0.06	1	2784	中性盘
11:19:42	27.9	--	20	55800	卖盘
11:19:27	27.9	0.07	30	83700	买盘
11:18:00	27.83	0.01	8	22264	卖盘
11:17:24	27.82	--	20	55640	买盘
11:17:12	27.82	--	2	5564	买盘
11:17:09	27.82	-0.07	11	30602	卖盘
11:17:06	27.89	0.07	6	16734	买盘
11:16:51	27.82	--	26	72332	卖盘
11:16:36	27.82	-0.07	23	63986	卖盘
11:15:54	27.89	-0.01	4	11156	中性盘
11:15:03	27.9	--	8	22320	卖盘
11:15:00	27.9	--	31	86490	卖盘
11:14:45	27.9	0.08	5	13950	买盘
11:14:39	27.82	-0.03	7	19474	卖盘
11:14:24	27.85	-0.05	1	2785	买盘
11:14:12	27.9	0.08	1	2790	中性盘
11:13:45	27.82	-0.13	2	5564	卖盘
11:13:39	27.95	0.14	2	5590	中性盘
11:13:09	27.81	-0.15	6	16686	卖盘
11:13:03	27.96	--	2	5592	买盘
11:13:00	27.96	0.16	1	2796	中性盘
11:12:24	27.8	--	3	8340	卖盘
11:12:15	27.8	--	12	33360	卖盘
11:11:48	27.8	--	21	58380	卖盘
11:11:27	27.8	--	4	11120	卖盘
11:11:24	27.8	--	38	105640	卖盘
11:10:51	27.8	-0.06	130	361400	卖盘
11:10:48	27.86	0.01	38	105868	买盘
11:10:45	27.85	--	10	27850	卖盘
11:10:12	27.85	-0.01	10	27850	卖盘
11:09:39	27.86	--	3	8358	买盘
11:09:30	27.86	--	2	5572	中性盘
11:09:00	27.86	--	11	30646	买盘
11:08:45	27.86	--	2	5572	买盘
11:08:42	27.86	--	5	13930	买盘
11:08:36	27.86	--	10	27860	买盘
11:08:30	27.86	--	6	16716	买盘
11:08:09	27.86	--	10	27860	买盘
11:08:06	27.86	-0.05	8	22288	卖盘
11:07:54	27.91	--	22	61402	买盘
11:07:51	27.91	--	3	8373	买盘
11:07:42	27.91	0.01	10	27910	买盘
11:07:39	27.9	--	30	83700	卖盘
11:07:36	27.9	-0.01	12	33480	卖盘
11:07:33	27.91	--	2	5582	买盘
11:07:03	27.91	--	15	41865	买盘
11:07:00	27.91	0.05	50	139550	买盘
11:06:54	27.86	--	23	64078	卖盘
11:06:18	27.86	-0.04	6	16716	卖盘
11:06:15	27.9	0.04	20	55800	买盘
11:06:12	27.86	--	3	8358	卖盘
11:06:03	27.86	-0.03	6	16716	卖盘
11:05:54	27.89	--	9	25101	卖盘
11:05:51	27.89	-0.01	9	25101	卖盘
11:05:30	27.9	-0.01	1	2790	卖盘
11:05:27	27.91	0.02	12	33492	买盘
11:05:03	27.89	-0.15	10	27890	卖盘
11:04:54	28.04	--	56	157024	卖盘
11:04:48	28.04	--	10	28040	卖盘
11:04:45	28.04	--	14	39256	卖盘
11:04:39	28.04	--	20	56080	买盘
11:04:36	28.04	0.13	10	28040	买盘
11:04:27	27.91	-0.14	5	13955	卖盘
11:04:06	28.05	-0.01	12	33660	中性盘
11:03:30	28.06	0.09	7	19642	买盘
11:03:27	27.97	--	5	13985	买盘
11:03:24	27.97	--	2	5594	卖盘
11:03:21	27.97	-0.09	1	2797	卖盘
11:03:18	28.06	0.01	2	5612	买盘
11:03:15	28.05	--	10	28050	买盘
11:02:57	28.05	-0.04	21	58905	中性盘
11:02:27	28.09	0.03	16	44944	买盘
11:02:21	28.06	--	16	44896	卖盘
11:02:12	28.06	0.04	14	39284	买盘
11:02:09	28.02	--	40	112080	卖盘
11:02:00	28.02	-0.07	6	16812	卖盘
11:01:36	28.09	0.07	14	39326	买盘
11:01:27	28.02	-0.04	2	5604	卖盘
11:01:18	28.06	0.04	2	5612	买盘
11:01:12	28.02	-0.04	3	8406	卖盘
11:00:51	28.06	-0.04	1	2806	买盘
11:00:48	28.1	--	12	33720	买盘
11:00:36	28.1	--	22	61820	买盘
11:00:21	28.1	0.1	210	590100	买盘
11:00:18	28.0	--	6	16800	卖盘
11:00:03	28.0	--	10	28000	卖盘
11:00:00	28.0	--	17	47600	卖盘
10:59:57	28.0	0.01	27	75600	买盘
10:59:48	27.99	--	10	27990	卖盘
10:59:39	27.99	0.09	40	111960	买盘
10:59:21	27.9	-0.09	32	89280	卖盘
10:59:12	27.99	-0.01	13	36387	买盘
10:59:09	28.0	--	60	168000	卖盘
10:59:06	28.0	0.02	46	128800	买盘
10:59:00	27.98	-0.02	7	19586	中性盘
10:58:48	28.0	0.04	100	280000	买盘
10:58:21	27.96	--	13	36348	买盘
10:58:09	27.96	--	15	41940	买盘
10:58:06	27.96	--	8	22368	买盘
10:57:54	27.96	--	15	41940	卖盘
10:57:51	27.96	--	6	16776	卖盘
10:57:48	27.96	--	3	8388	卖盘
10:57:36	27.96	0.02	26	72696	买盘
10:57:33	27.94	0.05	13	36322	买盘
10:57:30	27.89	--	47	131083	买盘
10:57:18	27.89	--	19	52991	买盘
10:57:12	27.89	-0.02	125	348625	中性盘
10:56:48	27.91	0.01	6	16746	买盘
10:56:45	27.9	0.01	7	19530	买盘
10:56:33	27.89	--	16	44624	买盘
10:56:27	27.89	--	10	27890	买盘
10:56:06	27.89	--	2	5578	买盘
10:55:57	27.89	-0.01	14	39046	中性盘
10:55:18	27.9	--	17	47430	买盘
10:55:06	27.9	--	9	25110	买盘
10:54:42	27.9	0.03	8	22320	买盘
10:54:33	27.87	--	12	33444	买盘
10:54:27	27.87	-0.02	10	27870	买盘
10:54:00	27.89	0.01	39	108771	买盘
10:53:54	27.88	--	22	61336	买盘
10:53:48	27.88	--	6	16728	买盘
10:53:45	27.88	0.02	7	19516	买盘
10:53:39	27.86	--	6	16716	中性盘
10:53:33	27.86	0.06	12	33432	中性盘
10:53:18	27.8	-0.06	30	83400	卖盘
10:53:00	27.86	--	2	5572	买盘
10:52:57	27.86	0.02	11	30646	买盘
10:52:51	27.84	--	1	2784	买盘
10:52:48	27.84	0.04	7	19488	买盘
10:52:45	27.8	0.01	91	252980	买盘
10:52:39	27.79	-0.01	5	13895	卖盘
10:52:36	27.8	0.02	12	33360	买盘
10:52:33	27.78	--	5	13890	买盘
10:52:15	27.78	--	12	33336	卖盘
10:52:12	27.78	-0.02	3	8334	卖盘
10:52:09	27.8	0.01	14	38920	买盘
10:52:00	27.79	--	8	22232	买盘
10:51:48	27.79	0.02	13	36127	买盘
10:51:21	27.77	-0.02	21	58317	卖盘
10:51:15	27.79	--	11	30569	买盘
10:51:12	27.79	-0.01	8	22232	中性盘
10:50:36	27.8	0.01	33	91740	买盘
10:50:24	27.79	--	10	27790	买盘
10:50:06	27.79	-0.01	3	8337	卖盘
10:50:00	27.8	--	10	27800	买盘
10:49:51	27.8	--	6	16680	买盘
10:49:48	27.8	0.01	7	19460	买盘
10:48:57	27.79	0.02	13	36127	买盘
10:48:45	27.77	-0.02	1	2777	中性盘
10:48:39	27.79	--	4	11116	卖盘
10:48:33	27.79	--	3	8337	买盘
10:48:09	27.79	0.08	13	36127	中性盘
10:47:39	27.71	0.01	10	27710	中性盘
10:47:24	27.7	--	10	27700	卖盘
10:47:21	27.7	--	17	47090	卖盘
10:46:54	27.7	--	2	5540	买盘
10:46:51	27.7	--	6	16620	买盘
10:46:45	27.7	--	12	33240	买盘
10:46:42	27.7	--	10	27700	买盘
10:46:39	27.7	--	49	135730	买盘
10:46:30	27.7	--	9	24930	买盘
10:46:24	27.7	--	7	19390	买盘
10:46:18	27.7	-0.14	606	1678620	卖盘
10:45:57	27.84	0.13	12	33408	买盘
10:45:51	27.71	--	12	33252	买盘
10:45:48	27.71	--	2	5542	买盘
10:45:45	27.71	--	16	44336	买盘
10:45:42	27.71	--	1	2771	买盘
10:45:33	27.71	--	5	13855	买盘
10:45:30	27.71	-0.07	12	33252	卖盘
10:45:24	27.78	--	5	13890	买盘
10:45:18	27.78	--	1	2778	买盘
10:45:09	27.78	--	14	38892	买盘
10:45:03	27.78	0.07	2	5556	买盘
10:45:00	27.71	-0.07	2	5542	卖盘
10:44:57	27.78	0.02	200	555600	买盘
10:44:51	27.76	0.06	6	16656	买盘
10:44:48	27.7	-0.06	3	8310	卖盘
10:44:45	27.76	--	10	27760	买盘
10:44:39	27.76	0.08	10	27760	买盘
10:44:24	27.68	--	7	20760	卖盘
10:43:45	27.68	0.01	1	2768	买盘
10:43:39	27.67	-0.01	5	13835	卖盘
10:43:36	27.68	--	13	35984	买盘
10:43:33	27.68	--	5	13840	买盘
10:43:27	27.68	--	5	13840	买盘
10:43:12	27.68	--	10	27680	买盘
10:43:09	27.68	-0.08	166	459488	卖盘
10:43:06	27.76	-0.01	2	5552	卖盘
10:43:03	27.77	0.01	3	8331	买盘
10:42:42	27.76	0.08	2	5552	买盘
10:42:12	27.68	-0.01	40	110720	卖盘
10:42:09	27.69	0.02	4	11076	买盘
10:41:54	27.67	--	97	270114	买盘
10:41:51	27.67	--	14	38738	买盘
10:41:45	27.67	--	5	13835	买盘
10:41:39	27.67	--	60	166020	买盘
10:41:33	27.67	--	1	2767	买盘
10:41:30	27.67	--	1	2767	买盘
10:41:27	27.67	0.02	9	24903	买盘
10:41:24	27.65	-0.01	14	38710	买盘
10:41:21	27.66	0.01	2	5532	卖盘
10:41:18	27.65	-0.02	1	2765	卖盘
10:41:15	27.67	0.02	19	52573	买盘
10:41:12	27.65	--	9	24885	卖盘
10:41:03	27.65	-0.01	2	5530	卖盘
10:41:00	27.66	0.01	3	8298	买盘
10:40:57	27.65	-0.01	9	24885	卖盘
10:40:54	27.66	--	3	8298	中性盘
10:40:48	27.66	--	60	165960	卖盘
10:40:36	27.66	-0.1	286	792127	卖盘
10:40:33	27.76	0.07	14	38864	买盘
10:40:09	27.69	-0.01	50	140166	卖盘
10:40:03	27.7	--	8	22160	卖盘
10:39:54	27.7	--	2	5540	卖盘
10:39:48	27.7	-0.06	6	16620	卖盘
10:39:45	27.76	0.07	7	19432	买盘
10:39:33	27.69	-0.08	5	13845	卖盘
10:39:15	27.77	0.08	12	33324	买盘
10:39:09	27.69	--	5	13845	卖盘
10:38:57	27.69	-0.01	15	41535	卖盘
10:38:51	27.7	0.01	10	27700	买盘
10:38:45	27.69	-0.01	15	41535	卖盘
10:38:39	27.7	--	1	2770	买盘
10:38:36	27.7	-0.08	58	160660	卖盘
10:38:24	27.78	0.08	15	41670	买盘
10:38:21	27.7	-0.04	100	277000	卖盘
10:37:57	27.74	-0.04	30	83220	卖盘
10:37:39	27.78	--	3	8334	买盘
10:37:36	27.78	0.04	7	19446	买盘
10:37:27	27.74	-0.04	10	27740	中性盘
10:37:21	27.78	--	3	8334	买盘
10:37:06	27.78	0.01	21	58338	买盘
10:37:00	27.77	-0.01	1	2777	买盘
10:36:33	27.78	0.06	9	25002	买盘
10:36:24	27.72	-0.06	5	13860	卖盘
10:36:21	27.78	0.07	2	5556	买盘
10:36:06	27.71	--	8	22168	卖盘
10:36:00	27.71	0.01	4	11084	卖盘
10:35:42	27.7	-0.08	15	41550	卖盘
10:35:36	27.78	0.08	3	8334	买盘
10:35:30	27.7	-0.08	10	27700	卖盘
10:35:24	27.78	0.08	9	25002	买盘
10:35:18	27.7	-0.08	500	1385000	卖盘
10:35:15	27.78	0.04	50	138900	买盘
10:34:18	27.74	-0.04	42	116508	卖盘
10:34:09	27.78	0.04	3	8334	买盘
10:34:00	27.74	-0.04	10	27740	卖盘
10:33:57	27.78	0.04	10	27780	买盘
10:33:48	27.74	-0.04	172	477128	卖盘
10:33:45	27.78	0.01	6	16668	买盘
10:32:54	27.77	--	8	22216	买盘
10:32:51	27.77	--	3	8331	买盘
10:32:45	27.77	--	17	47209	买盘
10:32:42	27.77	0.01	1	2777	买盘
10:32:24	27.76	-0.01	25	69400	卖盘
10:32:21	27.77	0.01	20	55540	买盘
10:32:18	27.76	--	1	2776	中性盘
10:32:03	27.76	0.01	2	5552	买盘
10:31:51	27.75	0.01	7	19425	买盘
10:31:48	27.74	0.01	8	22192	中性盘
10:31:39	27.73	-0.02	38	105374	卖盘
10:31:27	27.75	0.01	6	16650	买盘
10:31:18	27.74	-0.01	17	47158	卖盘
10:31:09	27.75	--	10	27750	卖盘
10:30:54	27.75	-0.01	48	133200	卖盘
10:30:42	27.76	-0.01	10	27760	卖盘
10:30:24	27.77	--	2	5554	卖盘
10:30:21	27.77	-0.01	1	2777	卖盘
10:30:00	27.78	-0.06	69	191682	卖盘
10:29:57	27.84	--	2	5568	买盘
10:29:48	27.84	-0.01	14	38976	卖盘
10:29:24	27.85	--	7	19495	买盘
10:29:18	27.85	--	5	13925	卖盘
10:29:15	27.85	--	30	83550	卖盘
10:29:03	27.85	-0.01	33	91905	卖盘
10:28:54	27.86	-0.02	27	75222	卖盘
10:28:42	27.88	--	5	13940	卖盘
10:28:39	27.88	0.02	20	55760	卖盘
10:28:27	27.86	-0.02	11	30646	卖盘
10:28:18	27.88	0.02	5	13940	买盘
10:28:09	27.86	-0.02	5	13930	卖盘
10:28:06	27.88	0.02	1	2788	中性盘
10:28:03	27.86	-0.02	5	13930	卖盘
10:27:51	27.88	--	18	50184	买盘
10:27:42	27.88	--	4	11152	卖盘
10:27:30	27.88	-0.01	6	16728	卖盘
10:27:15	27.89	--	8	22312	买盘
10:26:39	27.89	0.01	20	55780	买盘
10:26:30	27.88	--	2	5576	买盘
10:26:27	27.88	--	20	55760	买盘
10:26:09	27.88	--	1	2788	买盘
10:25:36	27.88	0.01	56	156128	中性盘
10:25:30	27.87	--	7	19509	卖盘
10:25:24	27.87	0.02	27	75249	买盘
10:25:21	27.85	-0.02	56	155960	卖盘
10:25:09	27.87	--	14	39018	买盘
10:24:57	27.87	--	1	2787	买盘
10:24:54	27.87	-0.02	5	13935	卖盘
10:24:48	27.89	-0.01	17	47413	卖盘
10:24:39	27.9	0.01	8	22320	买盘
10:24:30	27.89	-0.01	3	8367	卖盘
10:24:24	27.9	0.01	5	13950	买盘
10:24:18	27.89	--	3	8367	买盘
10:23:57	27.89	-0.01	2	5578	中性盘
10:23:48	27.9	0.01	16	44640	买盘
10:23:45	27.89	--	13	36257	买盘
10:23:42	27.89	--	6	16734	卖盘
10:23:30	27.89	--	29	80881	买盘
10:23:00	27.89	0.04	1	2789	买盘
10:22:39	27.85	--	31	86335	卖盘
10:22:24	27.85	--	2	5570	卖盘
10:22:15	27.85	0.01	11	30635	买盘
10:22:12	27.84	-0.01	2	5568	卖盘
10:22:09	27.85	--	1	2785	买盘
10:21:57	27.85	--	4	11140	买盘
10:21:54	27.85	0.01	20	55700	买盘
10:21:36	27.84	--	14	38976	买盘
10:21:27	27.84	--	4	11136	买盘
10:21:24	27.84	--	1	2784	买盘
10:20:48	27.84	--	10	27840	买盘
10:20:45	27.84	--	10	27840	卖盘
10:20:42	27.84	--	2	5568	中性盘
10:20:39	27.84	--	10	27840	卖盘
10:20:36	27.84	-0.01	10	27840	卖盘
10:20:09	27.85	--	7	19495	买盘
10:19:45	27.85	--	30	83550	买盘
10:19:42	27.85	--	5	13925	买盘
10:19:15	27.85	0.05	17	47345	中性盘
10:18:54	27.8	--	6	16680	卖盘
10:18:36	27.8	-0.05	4	11120	卖盘
10:18:33	27.85	0.07	5	13925	买盘
10:18:27	27.78	-0.03	2	5556	卖盘
10:18:24	27.81	0.01	10	27810	买盘
10:18:18	27.8	--	2	5560	买盘
10:18:12	27.8	0.03	3	8340	买盘
10:18:06	27.77	0.04	53	147181	买盘
10:17:42	27.73	--	5	13865	卖盘
10:17:24	27.73	--	3	8319	卖盘
10:17:15	27.73	--	8	22184	买盘
10:17:06	27.73	--	5	13865	买盘
10:17:03	27.73	--	7	19411	卖盘
10:16:51	27.73	-0.03	1	2773	卖盘
10:16:48	27.76	--	51	141576	买盘
10:16:45	27.76	-0.01	22	61072	中性盘
10:16:30	27.77	0.02	50	138850	买盘
10:16:24	27.75	-0.01	3	8325	卖盘
10:16:18	27.76	0.01	4	11104	买盘
10:16:15	27.75	--	2	5550	买盘
10:16:09	27.75	-0.01	38	105450	卖盘
10:16:03	27.76	--	1	2776	买盘
10:16:00	27.76	--	17	47192	卖盘
10:15:54	27.76	--	2	5552	卖盘
10:15:51	27.76	--	1	2776	卖盘
10:15:42	27.76	-0.01	20	55520	卖盘
10:15:39	27.77	0.01	30	83310	买盘
10:15:36	27.76	--	15	41640	买盘
10:15:27	27.76	--	31	86056	卖盘
10:15:18	27.76	-0.01	20	55520	卖盘
10:15:15	27.77	--	15	41655	买盘
10:15:06	27.77	--	10	27770	买盘
10:15:03	27.77	--	1	2777	买盘
10:15:00	27.77	-0.03	68	188836	卖盘
10:14:57	27.8	0.01	2	5560	买盘
10:14:51	27.79	0.01	20	55580	买盘
10:14:45	27.78	0.01	1	2778	买盘
10:14:24	27.77	0.01	14	38878	中性盘
10:13:51	27.76	--	33	91608	卖盘
10:13:42	27.76	--	16	44416	买盘
10:13:27	27.76	-0.03	20	55520	卖盘
10:13:18	27.79	--	10	27790	买盘
10:13:09	27.79	--	5	13895	买盘
10:13:00	27.79	--	5	13895	买盘
10:12:33	27.79	-0.01	71	197309	中性盘
10:12:27	27.8	0.04	25	69500	买盘
10:12:24	27.76	-0.03	22	61072	卖盘
10:12:18	27.79	0.03	1	2779	买盘
10:11:54	27.76	--	3	8328	卖盘
10:11:51	27.76	--	25	69400	卖盘
10:11:39	27.76	0.06	61	169336	买盘
10:11:30	27.7	--	98	272845	买盘
10:11:27	27.7	0.02	16	44320	买盘
10:11:09	27.68	-0.07	54	150856	卖盘
10:11:06	27.75	--	9	24975	卖盘
10:11:03	27.75	--	8	22200	卖盘
10:11:00	27.75	0.05	60	167887	买盘
10:10:51	27.7	-0.05	10	27700	卖盘
10:10:33	27.75	0.05	5	13875	买盘
10:10:30	27.7	-0.05	126	349020	卖盘
10:10:24	27.75	--	37	102675	买盘
10:10:21	27.75	--	2	5550	买盘
10:10:15	27.75	-0.03	53	148462	卖盘
10:10:06	27.78	0.03	12	34725	买盘
10:10:00	27.75	-0.03	20	55500	卖盘
10:09:57	27.78	--	5	13890	买盘
10:09:54	27.78	--	7	19446	买盘
10:09:51	27.78	--	11	30558	买盘
10:09:39	27.78	--	11	31947	卖盘
10:09:36	27.78	--	3	8334	卖盘
10:09:30	27.78	0.02	35	98619	买盘
10:09:27	27.76	-0.02	8	22208	卖盘
10:09:24	27.78	--	74	205572	买盘
10:09:21	27.78	--	30	83340	买盘
10:09:15	27.78	-0.02	20	56949	卖盘
10:09:12	27.8	0.02	2	5560	买盘
10:09:03	27.78	--	5	13890	卖盘
10:08:51	27.78	--	36	101397	卖盘
10:08:39	27.78	--	1	2778	买盘
10:08:33	27.78	0.03	11	30558	买盘
10:08:27	27.75	0.04	27	74925	买盘
10:08:24	27.71	-0.04	10	27710	卖盘
10:08:21	27.75	--	7	19425	买盘
10:08:18	27.75	--	1	2775	卖盘
10:08:09	27.75	--	8	22200	卖盘
10:08:06	27.75	--	1	2775	买盘
10:08:03	27.75	0.07	2	5550	买盘
10:08:00	27.68	-0.01	12	33216	卖盘
10:07:57	27.69	0.01	3	8307	卖盘
10:07:54	27.68	--	20	55360	买盘
10:07:51	27.68	--	11	30448	买盘
10:07:48	27.68	--	3	8304	买盘
10:07:45	27.68	-0.07	28	77504	卖盘
10:07:42	27.75	0.06	4	11100	买盘
10:07:39	27.69	-0.06	12	33228	卖盘
10:07:33	27.75	0.06	30	83250	买盘
10:07:27	27.69	-0.01	48	132912	卖盘
10:07:24	27.7	0.01	13	36010	买盘
10:07:18	27.69	-0.01	47	130143	卖盘
10:07:15	27.7	0.01	1	2770	买盘
10:07:12	27.69	--	12	33228	卖盘
10:07:09	27.69	--	28	77532	卖盘
10:07:03	27.69	0.01	148	409812	买盘
10:06:57	27.68	--	4	11072	卖盘
10:06:54	27.68	--	7	19376	卖盘
10:06:51	27.68	-0.01	17	47056	卖盘
10:06:48	27.69	-0.01	36	99684	买盘
10:06:45	27.7	--	3	8310	买盘
10:06:42	27.7	--	17	47090	卖盘
10:06:33	27.7	-0.06	31	85870	卖盘
10:06:27	27.76	-0.04	8	22208	卖盘
10:06:24	27.8	--	27	75060	买盘
10:06:21	27.8	--	45	125100	卖盘
10:06:15	27.8	-0.05	78	216840	卖盘
10:06:06	27.85	-0.03	12	33420	卖盘
10:06:00	27.88	--	5	13940	卖盘
10:05:57	27.88	--	56	156128	卖盘
10:05:54	27.88	--	15	41820	卖盘
10:05:51	27.88	-0.01	2	5576	卖盘
10:05:45	27.89	-0.01	10	27890	卖盘
10:05:42	27.9	--	121	337590	卖盘
10:05:33	27.9	--	8	22320	卖盘
10:05:30	27.9	--	30	83700	卖盘
10:05:24	27.9	--	2	5580	卖盘
10:05:09	27.9	-0.01	12	33480	卖盘
10:05:06	27.91	-0.01	11	30701	卖盘
10:05:03	27.92	0.01	60	167520	买盘
10:05:00	27.91	--	50	139550	卖盘
10:04:57	27.91	--	16	44656	卖盘
10:04:39	27.91	-0.01	35	97685	卖盘
10:04:36	27.92	--	3	8376	卖盘
10:04:33	27.92	-0.01	3	8376	卖盘
10:04:27	27.93	--	14	39102	卖盘
10:04:24	27.93	-0.01	4	11172	卖盘
10:04:18	27.94	--	8	22352	卖盘
10:04:12	27.94	-0.01	8	22352	卖盘
10:03:57	27.95	--	4	11180	卖盘
10:03:54	27.95	--	9	25155	卖盘
10:03:45	27.95	--	4	11180	卖盘
10:03:09	27.95	-0.01	30	83850	卖盘
10:02:36	27.96	--	5	13980	买盘
10:02:33	27.96	0.01	2	5592	买盘
10:02:27	27.95	-0.01	20	55900	中性盘
10:02:15	27.96	0.01	5	13980	买盘
10:02:12	27.95	-0.01	26	72670	卖盘
10:01:42	27.96	--	13	36348	买盘
10:01:39	27.96	--	20	55920	买盘
10:01:12	27.96	--	8	22368	卖盘
10:01:09	27.96	--	15	41940	卖盘
10:01:06	27.96	--	1	2796	卖盘
10:00:54	27.96	-0.02	2	5592	卖盘
10:00:45	27.98	0.02	35	97930	买盘
10:00:33	27.96	-0.01	10	27960	卖盘
10:00:30	27.97	-0.02	1	2797	卖盘
10:00:12	27.99	--	10	27990	卖盘
10:00:06	27.99	--	3	8397	卖盘
10:00:03	27.99	--	1	2799	卖盘
09:59:57	27.99	-0.01	3	8397	中性盘
09:59:33	28.0	0.01	15	42000	买盘
09:59:24	27.99	-0.01	41	114759	卖盘
09:59:18	28.0	0.01	20	56000	买盘
09:59:15	27.99	-0.01	5	13995	卖盘
09:59:12	28.0	0.01	3	8400	中性盘
09:58:57	27.99	-0.01	5	13995	卖盘
09:58:51	28.0	0.04	1	2800	买盘
09:58:48	27.96	-0.03	86	240456	卖盘
09:58:45	27.99	--	2	5598	买盘
09:58:42	27.99	--	2	5598	买盘
09:58:39	27.99	0.03	3	8397	买盘
09:58:33	27.96	--	26	72696	买盘
09:58:27	27.96	--	5	13980	买盘
09:58:24	27.96	-0.03	7	19572	买盘
09:58:15	27.99	0.03	10	27990	买盘
09:58:12	27.96	--	4	11184	卖盘
09:57:57	27.96	--	20	55920	卖盘
09:57:54	27.96	0.03	13	36348	买盘
09:57:51	27.93	-0.03	42	117306	卖盘
09:57:45	27.96	0.03	5	13980	中性盘
09:57:30	27.93	-0.03	5	13965	卖盘
09:57:27	27.96	0.02	9	25164	买盘
09:57:15	27.94	--	3	8382	买盘
09:57:06	27.94	0.01	12	33528	中性盘
09:56:45	27.93	-0.01	20	55860	卖盘
09:56:42	27.94	0.01	10	27940	买盘
09:56:39	27.93	--	1	2793	买盘
09:56:24	27.93	--	1	2793	卖盘
09:56:09	27.93	0.01	19	53067	买盘
09:56:06	27.92	--	1	2792	卖盘
09:55:57	27.92	-0.01	10	27920	卖盘
09:55:54	27.93	0.01	6	16758	买盘
09:55:51	27.92	--	7	19544	卖盘
09:55:45	27.92	-0.01	5	13960	卖盘
09:55:42	27.93	--	5	13965	买盘
09:55:36	27.93	--	4	11172	买盘
09:55:30	27.93	--	27	75411	买盘
09:55:27	27.93	0.01	25	69825	买盘
09:55:21	27.92	-0.01	3	8376	卖盘
09:55:18	27.93	--	9	25137	买盘
09:55:15	27.93	-0.03	13	36309	卖盘
09:55:12	27.96	--	2	5592	买盘
09:55:09	27.96	--	5	13980	买盘
09:55:06	27.96	--	1	2796	买盘
09:54:54	27.96	0.04	1	2796	买盘
09:54:45	27.92	--	9	25128	买盘
09:54:39	27.92	-0.01	5	13960	买盘
09:54:33	27.93	--	21	58653	卖盘
09:54:30	27.93	--	1	2793	买盘
09:54:27	27.93	0.02	14	39102	卖盘
09:54:24	27.91	-0.02	11	30701	卖盘
09:54:21	27.93	--	6	16758	买盘
09:54:18	27.93	--	10	27930	买盘
09:54:09	27.93	0.02	2	5586	买盘
09:54:00	27.91	--	6	16746	买盘
09:53:57	27.91	--	4	11164	买盘
09:53:54	27.91	-0.02	20	55820	卖盘
09:53:48	27.93	--	2	5586	买盘
09:53:45	27.93	0.02	2	5586	买盘
09:53:42	27.91	--	19	53029	卖盘
09:53:39	27.91	--	28	78148	买盘
09:53:36	27.91	--	12	33492	买盘
09:53:33	27.91	--	4	11164	买盘
09:53:30	27.91	--	4	11164	买盘
09:53:27	27.91	0.01	27	75357	买盘
09:53:24	27.9	-0.01	1	2790	卖盘
09:53:21	27.91	0.01	22	61402	买盘
09:53:18	27.9	-0.01	9	25110	卖盘
09:53:09	27.91	0.01	6	16746	买盘
09:53:00	27.9	--	11	30690	卖盘
09:52:57	27.9	--	53	147870	卖盘
09:52:51	27.9	-0.01	7	19530	卖盘
09:52:48	27.91	0.01	32	89312	买盘
09:52:45	27.9	--	12	33480	卖盘
09:52:42	27.9	--	10	27900	卖盘
09:52:36	27.9	-0.01	5	13950	卖盘
09:52:33	27.91	0.01	59	164669	买盘
09:52:30	27.9	-0.01	10	27900	卖盘
09:52:27	27.91	--	5	13955	买盘
09:52:24	27.91	--	108	301428	买盘
09:52:18	27.91	--	3	8373	买盘
09:52:15	27.91	0.01	45	125595	买盘
09:52:06	27.9	--	31	86490	卖盘
09:51:57	27.9	-0.03	50	139500	卖盘
09:51:54	27.93	0.03	45	125685	买盘
09:51:48	27.9	-0.01	10	27900	卖盘
09:51:45	27.91	0.01	25	69775	买盘
09:51:42	27.9	-0.01	147	410130	卖盘
09:51:36	27.91	--	2	5582	买盘
09:51:30	27.91	-0.02	5	13955	卖盘
09:51:27	27.93	--	125	350884	买盘
09:51:21	27.93	0.02	145	404985	买盘
09:51:18	27.91	--	2	5582	卖盘
09:51:15	27.91	--	5	13955	卖盘
09:51:06	27.91	--	39	108849	卖盘
09:51:03	27.91	--	94	262354	卖盘
09:51:00	27.91	0.01	185	516335	买盘
09:50:57	27.9	--	3	8370	卖盘
09:50:54	27.9	--	18	50220	卖盘
09:50:51	27.9	--	106	295740	卖盘
09:50:48	27.9	-0.03	151	421290	卖盘
09:50:42	27.93	0.03	20	55860	买盘
09:50:39	27.9	-0.04	229	638910	卖盘
09:50:30	27.94	--	10	27940	买盘
09:50:27	27.94	-0.01	11	30734	卖盘
09:50:18	27.95	-0.01	56	156520	卖盘
09:50:09	27.96	--	9	25164	卖盘
09:50:06	27.96	0.01	31	86676	买盘
09:49:51	27.95	--	10	27950	卖盘
09:49:45	27.95	--	1	2795	卖盘
09:49:42	27.95	--	3	8385	卖盘
09:49:36	27.95	--	13	36335	卖盘
09:49:33	27.95	-0.04	18	50310	卖盘
09:49:30	27.99	0.04	2	5598	买盘
09:49:27	27.95	--	3	8385	卖盘
09:49:21	27.95	-0.02	15	41925	卖盘
09:49:18	27.97	--	5	13985	卖盘
09:49:15	27.97	0.02	9	25173	卖盘
09:49:12	27.95	--	1	2795	卖盘
09:49:09	27.95	-0.04	25	69875	卖盘
09:49:06	27.99	0.03	59	165141	买盘
09:49:03	27.96	--	46	128616	卖盘
09:48:57	27.96	-0.04	11	30756	卖盘
09:48:54	28.0	0.04	5	14000	中性盘
09:48:48	27.96	-0.04	230	643080	卖盘
09:48:45	28.0	0.01	306	856800	买盘
09:48:42	27.99	--	4	11196	卖盘
09:48:39	27.99	--	20	55980	卖盘
09:48:33	27.99	-0.01	30	83970	卖盘
09:48:30	28.0	--	10	28000	买盘
09:48:24	28.0	--	6	16800	买盘
09:48:15	28.0	-0.06	134	375200	卖盘
09:48:12	28.06	--	8	22448	买盘
09:48:03	28.06	0.02	50	140300	买盘
09:48:00	28.04	--	3	8412	买盘
09:47:57	28.04	--	12	33648	卖盘
09:47:51	28.04	--	31	86924	卖盘
09:47:48	28.04	-0.02	10	28040	中性盘
09:47:27	28.06	0.04	2	5612	买盘
09:47:24	28.02	0.01	14	39228	中性盘
09:47:12	28.01	0.01	10	28010	中性盘
09:46:39	28.0	--	4	11200	卖盘
09:46:33	28.0	--	14	39200	卖盘
09:46:24	28.0	--	8	22400	卖盘
09:46:03	28.0	--	1	2800	卖盘
09:46:00	28.0	--	41	114800	卖盘
09:45:57	28.0	0.01	4	11200	买盘
09:45:54	27.99	-0.01	45	125955	卖盘
09:45:51	28.0	--	10	28000	买盘
09:45:45	28.0	--	5	14000	买盘
09:45:39	28.0	--	15	42000	买盘
09:45:33	28.0	--	4	11200	买盘
09:45:30	28.0	-0.07	250	700000	卖盘
09:45:27	28.07	-0.02	50	140350	卖盘
09:45:24	28.09	0.01	5	14045	买盘
09:45:21	28.08	--	3	8424	卖盘
09:45:09	28.08	--	1	2808	买盘
09:45:03	28.08	--	22	61775	买盘
09:45:00	28.08	0.01	2	5616	买盘
09:44:57	28.07	0.01	15	42105	中性盘
09:44:39	28.06	0.01	6	16836	买盘
09:44:36	28.05	--	2	5610	卖盘
09:44:33	28.05	--	10	28050	卖盘
09:44:15	28.05	--	91	255255	买盘
09:44:12	28.05	0.01	33	92565	买盘
09:44:09	28.04	--	3	8412	买盘
09:44:06	28.04	--	1	2804	买盘
09:44:03	28.04	--	15	42060	卖盘
09:44:00	28.04	-0.01	15	42060	卖盘
09:43:48	28.05	--	10	28050	买盘
09:43:45	28.05	0.01	56	157080	买盘
09:43:42	28.04	--	19	53276	买盘
09:43:39	28.04	--	4	11216	买盘
09:43:36	28.04	0.05	2	5608	买盘
09:43:33	27.99	-0.02	5	13995	中性盘
09:43:30	28.01	--	8	22408	买盘
09:43:27	28.01	0.02	9	25209	买盘
09:43:24	27.99	0.03	14	39186	买盘
09:43:21	27.96	-0.03	18	50328	卖盘
09:43:18	27.99	--	8	22392	买盘
09:43:15	27.99	0.03	48	134352	买盘
09:43:12	27.96	--	13	36348	买盘
09:43:09	27.96	0.01	8	22368	买盘
09:43:06	27.95	--	5	13975	卖盘
09:43:03	27.95	0.03	10	27950	买盘
09:42:57	27.92	--	15	41880	卖盘
09:42:54	27.92	--	5	13960	卖盘
09:42:51	27.92	-0.05	6	16752	卖盘
09:42:48	27.97	-0.03	13	36361	中性盘
09:42:42	28.0	--	87	243600	买盘
09:42:39	28.0	--	6	16800	买盘
09:42:36	28.0	--	2	5600	买盘
09:42:30	28.0	-0.02	10	28000	卖盘
09:42:24	28.02	0.02	30	84060	中性盘
09:42:15	28.0	-0.05	623	1744400	卖盘
09:42:12	28.05	--	10	28050	买盘
09:42:09	28.05	-0.01	88	246840	卖盘
09:42:06	28.06	--	20	56120	买盘
09:42:03	28.06	--	40	112240	买盘
09:41:57	28.06	--	28	78568	买盘
09:41:51	28.06	-0.01	30	84180	卖盘
09:41:48	28.07	--	5	14035	买盘
09:41:45	28.07	--	4	11228	买盘
09:41:39	28.07	-0.02	33	92631	卖盘
09:41:30	28.09	--	1	2809	卖盘
09:41:24	28.09	--	1	2809	卖盘
09:41:15	28.09	0.01	23	64607	中性盘
09:41:09	28.08	-0.04	7	19656	卖盘
09:41:03	28.12	0.07	6	16872	买盘
09:40:57	28.05	-0.05	21	58905	卖盘
09:40:54	28.1	--	6	16860	卖盘
09:40:51	28.1	0.05	19	53390	买盘
09:40:48	28.05	-0.01	119	333795	卖盘
09:40:45	28.06	-0.04	15	42090	卖盘
09:40:36	28.1	-0.02	14	39340	卖盘
09:40:30	28.12	-0.01	11	30932	卖盘
09:40:24	28.13	--	14	39382	买盘
09:40:21	28.13	--	8	22504	买盘
09:40:18	28.13	--	5	14065	买盘
09:40:15	28.13	-0.01	7	19691	卖盘
09:40:12	28.14	-0.01	100	281400	卖盘
09:40:09	28.15	-0.02	40	112600	卖盘
09:40:06	28.17	0.02	20	56340	买盘
09:40:00	28.15	--	28	78820	卖盘
09:39:51	28.15	-0.03	2	5630	卖盘
09:39:45	28.18	--	5	14090	买盘
09:39:42	28.18	0.03	4	11272	买盘
09:39:36	28.15	-0.02	69	194235	卖盘
09:39:33	28.17	--	19	53523	卖盘
09:39:30	28.17	--	9	25353	卖盘
09:39:27	28.17	-0.01	29	81693	卖盘
09:39:15	28.18	--	18	50724	买盘
09:39:12	28.18	-0.02	83	233894	卖盘
09:39:06	28.2	0.01	4	11280	买盘
09:39:03	28.19	--	1	2819	卖盘
09:38:54	28.19	--	36	101484	卖盘
09:38:51	28.19	-0.01	34	95846	卖盘
09:38:48	28.2	--	4	11280	买盘
09:38:42	28.2	--	25	70500	买盘
09:38:39	28.2	--	27	76140	买盘
09:38:36	28.2	--	26	73320	卖盘
09:38:33	28.2	--	8	22560	卖盘
09:38:30	28.2	-0.01	3	8460	卖盘
09:38:27	28.21	0.01	6	16926	中性盘
09:38:24	28.2	--	16	45120	卖盘
09:38:21	28.2	--	9	25380	卖盘
09:38:18	28.2	--	11	31020	卖盘
09:38:15	28.2	--	10	28200	卖盘
09:38:12	28.2	-0.05	19	53580	卖盘
09:38:09	28.25	--	1	2825	买盘
09:38:06	28.25	-0.04	161	454825	卖盘
09:38:03	28.29	-0.01	16	45264	卖盘
09:37:57	28.3	-0.11	26	73580	中性盘
09:37:51	28.41	0.11	63	178983	买盘
09:37:48	28.3	-0.11	20	56600	卖盘
09:37:39	28.41	--	5	14205	买盘
09:37:33	28.41	-0.06	1	2841	中性盘
09:37:06	28.47	0.07	50	142350	买盘
09:37:03	28.4	0.12	7	19880	买盘
09:37:00	28.28	--	5	14140	卖盘
09:36:57	28.28	0.02	1	2828	卖盘
09:36:48	28.26	--	9	25434	买盘
09:36:36	28.26	-0.13	15	42390	卖盘
09:36:24	28.39	0.14	31	88009	买盘
09:36:03	28.25	--	3	8475	卖盘
09:35:54	28.25	--	17	48025	买盘
09:35:51	28.25	--	2	5650	买盘
09:35:48	28.25	0.02	1	2825	买盘
09:35:42	28.23	--	5	14115	买盘
09:35:39	28.23	0.01	3	8469	买盘
09:35:36	28.22	--	12	33864	买盘
09:35:33	28.22	--	6	16932	买盘
09:35:30	28.22	0.02	13	36686	买盘
09:35:27	28.2	--	14	39480	买盘
09:35:24	28.2	--	13	36660	买盘
09:35:21	28.2	--	12	33840	买盘
09:35:18	28.2	--	99	279180	买盘
09:35:15	28.2	0.03	16	45120	买盘
09:35:12	28.17	0.01	4	11268	买盘
09:35:09	28.16	--	20	56320	买盘
09:35:06	28.16	--	12	33792	买盘
09:35:00	28.16	-0.04	10	28160	卖盘
09:34:54	28.2	0.03	82	231240	买盘
09:34:51	28.17	0.01	10	28170	中性盘
09:34:39	28.16	-0.01	24	67584	卖盘
09:34:36	28.17	-0.01	2	5634	卖盘
09:34:33	28.18	--	3	8454	卖盘
09:34:30	28.18	--	5	14090	卖盘
09:34:27	28.18	--	13	36634	卖盘
09:34:24	28.18	-0.02	11	30998	卖盘
09:34:21	28.2	--	10	28200	买盘
09:34:15	28.2	--	165	465300	卖盘
09:34:09	28.2	-0.03	50	141000	卖盘
09:34:06	28.23	0.02	3	8469	买盘
09:33:54	28.21	-0.02	38	107198	卖盘
09:33:51	28.23	--	7	19761	买盘
09:33:42	28.23	--	32	90336	买盘
09:33:39	28.23	--	42	118566	卖盘
09:33:33	28.23	--	5	14115	卖盘
09:33:21	28.23	-0.02	50	141150	卖盘
09:33:18	28.25	-0.02	9	25425	卖盘
09:33:12	28.27	--	4	11308	买盘
09:33:06	28.27	--	29	81983	买盘
09:33:03	28.27	--	122	344894	卖盘
09:32:42	28.27	--	9	25443	卖盘
09:32:39	28.27	--	95	268565	买盘
09:32:33	28.27	0.04	50	141350	买盘
09:32:30	28.23	-0.04	12	33876	卖盘
09:32:18	28.27	-0.01	3	8481	买盘
09:32:15	28.28	-0.05	20	56560	卖盘
09:32:06	28.33	-0.05	3	8499	买盘
09:31:54	28.38	-0.01	30	85140	卖盘
09:31:51	28.39	-0.01	29	82331	卖盘
09:31:48	28.4	0.01	10	28400	中性盘
09:31:27	28.39	-0.01	5	14195	买盘
09:31:12	28.4	0.01	4	11360	买盘
09:30:57	28.39	0.17	1	2839	买盘
09:30:48	28.22	--	1	2822	卖盘
09:30:39	28.22	0.02	1	2822	中性盘
09:30:15	28.2	-0.2	2	5640	卖盘
09:30:12	28.4	0.2	1	2840	买盘
09:30:09	28.2	--	2	5640	卖盘
09:30:06	28.2	0.06	3	8460	中性盘
09:30:03	28.14	--	0	0	卖盘
09:25:03	28.14	28.14	30	84420	买盘
