成交时间	成交价	价格变动	成交量(手)	成交额(元)	性质
15:00:03	14.8	--	2308	3415840	买盘
14:57:03	14.8	0.02	61	90280	买盘
14:56:51	14.78	-0.01	398	588244	卖盘
14:56:45	14.79	--	35	51765	买盘
14:56:42	14.79	--	21	31059	卖盘
14:56:39	14.79	0.01	15	22185	中性盘
14:56:36	14.78	-0.01	95	140410	卖盘
14:56:33	14.79	0.01	10	14790	买盘
14:56:30	14.78	-0.01	38	56164	卖盘
14:56:27	14.79	--	51	75429	买盘
14:56:24	14.79	--	38	56202	买盘
14:56:21	14.79	--	49	72471	买盘
14:56:18	14.79	--	33	48807	买盘
14:56:15	14.79	--	20	29580	买盘
14:56:12	14.79	0.01	56	82824	买盘
14:56:09	14.78	-0.01	25	36950	卖盘
14:56:06	14.79	--	45	66555	买盘
14:56:03	14.79	0.01	3	4437	买盘
14:56:00	14.78	--	26	38428	卖盘
14:55:57	14.78	-0.01	27	39906	卖盘
14:55:48	14.79	0.01	52	76908	买盘
14:55:45	14.78	--	8	11824	卖盘
14:55:42	14.78	--	55	81290	卖盘
14:55:39	14.78	-0.01	5	7390	卖盘
14:55:36	14.79	0.01	60	88740	买盘
14:55:33	14.78	--	107	158146	卖盘
14:55:30	14.78	--	2	2956	卖盘
14:55:27	14.78	-0.01	15	22170	卖盘
14:55:24	14.79	-0.01	11	16268	中性盘
14:55:21	14.8	0.03	35	51800	买盘
14:55:18	14.77	-0.01	169	249613	卖盘
14:55:15	14.78	-0.01	138	203964	卖盘
14:55:12	14.79	-0.01	32	47328	中性盘
14:55:09	14.8	--	5	7400	买盘
14:55:06	14.8	--	249	368520	买盘
14:55:03	14.8	--	35	51800	买盘
14:54:54	14.8	--	33	48840	买盘
14:54:51	14.8	-0.02	123	182040	卖盘
14:54:48	14.82	--	153	226746	卖盘
14:54:45	14.82	--	3	4446	卖盘
14:54:42	14.82	--	28	41496	卖盘
14:54:39	14.82	-0.01	21	31122	卖盘
14:54:36	14.83	--	152	225416	买盘
14:54:33	14.83	--	2	2966	买盘
14:54:27	14.83	--	33	48939	买盘
14:54:24	14.83	--	25	37075	买盘
14:54:21	14.83	-0.01	294	436002	卖盘
14:54:18	14.84	--	25	37100	卖盘
14:54:12	14.84	-0.01	10	14840	卖盘
14:54:09	14.85	--	27	40095	买盘
14:54:06	14.85	-0.01	20	29700	中性盘
14:54:03	14.86	0.01	136	202096	买盘
14:54:00	14.85	-0.02	139	207810	卖盘
14:53:57	14.87	0.01	25	37264	买盘
14:53:54	14.86	--	75	111450	买盘
14:53:51	14.86	0.01	34	50524	买盘
14:53:48	14.85	-0.01	76	112860	卖盘
14:53:45	14.86	--	6	8916	买盘
14:53:39	14.86	--	53	78758	买盘
14:53:36	14.86	--	5	7430	买盘
14:53:33	14.86	--	15	22290	买盘
14:53:30	14.86	--	78	115908	卖盘
14:53:24	14.86	0.01	1	1486	中性盘
14:53:21	14.85	--	35	51975	卖盘
14:53:18	14.85	-0.01	58	86130	卖盘
14:53:15	14.86	--	28	41608	买盘
14:53:12	14.86	--	27	40122	买盘
14:53:09	14.86	0.02	7	10402	买盘
14:53:06	14.84	-0.01	102	151368	卖盘
14:53:00	14.85	0.02	53	78705	买盘
14:52:57	14.83	-0.02	70	103810	卖盘
14:52:54	14.85	0.02	13	19305	买盘
14:52:42	14.83	--	6	8898	买盘
14:52:39	14.83	--	15	22245	买盘
14:52:36	14.83	--	93	137919	买盘
14:52:33	14.83	-0.01	89	131987	卖盘
14:52:30	14.84	0.01	70	103880	买盘
14:52:27	14.83	--	30	44490	买盘
14:52:24	14.83	0.02	50	74150	买盘
14:52:21	14.81	-0.02	43	63683	卖盘
14:52:18	14.83	-0.05	5	7415	卖盘
14:52:15	14.88	0.05	292	434496	买盘
14:52:03	14.83	--	20	29660	卖盘
14:52:00	14.83	--	16	23728	卖盘
14:51:57	14.83	0.04	247	366301	买盘
14:51:54	14.79	--	20	29580	买盘
14:51:51	14.79	--	67	99093	卖盘
14:51:45	14.79	0.01	64	94656	买盘
14:51:39	14.78	-0.01	13	19214	卖盘
14:51:36	14.79	0.01	65	96135	买盘
14:51:33	14.78	--	31	45818	卖盘
14:51:30	14.78	-0.01	10	14780	卖盘
14:51:27	14.79	0.01	8	11832	买盘
14:51:24	14.78	-0.01	5	7390	卖盘
14:51:21	14.79	--	2	2958	卖盘
14:51:18	14.79	0.01	18	26622	买盘
14:51:12	14.78	-0.01	9	13302	卖盘
14:51:09	14.79	--	8	11832	卖盘
14:51:06	14.79	--	1	1479	卖盘
14:51:00	14.79	--	60	88740	卖盘
14:50:54	14.79	--	2	2958	买盘
14:50:51	14.79	--	16	23664	买盘
14:50:48	14.79	--	216	319464	买盘
14:50:45	14.79	--	8	11832	买盘
14:50:42	14.79	--	4	5916	买盘
14:50:39	14.79	--	12	17748	买盘
14:50:33	14.79	0.01	25	36975	买盘
14:50:30	14.78	--	3	4434	卖盘
14:50:27	14.78	-0.01	12	17736	卖盘
14:50:24	14.79	--	7	10353	买盘
14:50:18	14.79	0.01	30	44370	买盘
14:50:15	14.78	--	30	44340	卖盘
14:50:09	14.78	--	3	4434	卖盘
14:49:57	14.78	0.02	11	16258	中性盘
14:49:48	14.76	-0.02	96	141696	卖盘
14:49:45	14.78	--	49	72422	买盘
14:49:42	14.78	0.01	18	26604	买盘
14:49:39	14.77	-0.01	36	53172	卖盘
14:49:36	14.78	--	10	14780	买盘
14:49:33	14.78	--	33	48774	买盘
14:49:30	14.78	0.01	8	11824	买盘
14:49:27	14.77	-0.01	10	14770	中性盘
14:49:21	14.78	0.02	5	7390	买盘
14:49:18	14.76	-0.02	20	29520	卖盘
14:49:15	14.78	0.02	110	162580	买盘
14:49:12	14.76	-0.02	44	64944	卖盘
14:49:06	14.78	--	26	38428	买盘
14:49:03	14.78	0.03	48	70944	买盘
14:48:57	14.75	-0.01	87	128325	卖盘
14:48:54	14.76	--	1	1476	卖盘
14:48:51	14.76	--	17	25092	买盘
14:48:48	14.76	0.01	55	81180	中性盘
14:48:42	14.75	-0.01	150	221250	卖盘
14:48:36	14.76	--	7	10332	卖盘
14:48:33	14.76	--	2	2952	卖盘
14:48:27	14.76	--	32	47232	买盘
14:48:24	14.76	--	68	100368	买盘
14:48:21	14.76	--	54	79704	买盘
14:48:18	14.76	--	16	23616	买盘
14:48:15	14.76	--	40	59040	买盘
14:48:12	14.76	--	80	118080	买盘
14:48:09	14.76	--	19	28044	买盘
14:48:06	14.76	-0.03	282	416232	卖盘
14:48:03	14.79	--	10	14790	买盘
14:47:57	14.79	0.02	6	8874	买盘
14:47:51	14.77	-0.02	34	50218	卖盘
14:47:48	14.79	0.02	2	2958	买盘
14:47:42	14.77	--	24	35448	卖盘
14:47:39	14.77	0.02	50	73850	卖盘
14:47:30	14.75	-0.02	244	359900	卖盘
14:47:24	14.77	0.01	2	2954	卖盘
14:47:21	14.76	-0.01	107	157932	卖盘
14:47:18	14.77	0.01	15	22155	买盘
14:47:15	14.76	-0.01	5	7380	中性盘
14:47:09	14.77	--	1	1477	买盘
14:47:06	14.77	0.02	131	193487	买盘
14:47:00	14.75	--	19	28025	卖盘
14:46:51	14.75	--	47	69325	买盘
14:46:48	14.75	-0.01	46	67850	卖盘
14:46:45	14.76	0.01	34	50184	买盘
14:46:39	14.75	-0.01	113	166675	卖盘
14:46:36	14.76	0.01	17	25092	买盘
14:46:30	14.75	-0.01	1	1475	卖盘
14:46:27	14.76	--	6	8856	买盘
14:46:24	14.76	0.02	5	7380	买盘
14:46:15	14.74	-0.01	124	182776	卖盘
14:46:12	14.75	0.01	11	16225	买盘
14:46:09	14.74	--	2	2948	卖盘
14:46:06	14.74	--	10	14740	卖盘
14:46:00	14.74	--	44	64856	卖盘
14:45:57	14.74	--	51	75174	卖盘
14:45:54	14.74	-0.01	10	14740	卖盘
14:45:51	14.75	--	4	6195	买盘
14:45:48	14.75	--	25	36875	买盘
14:45:45	14.75	0.02	21	30975	买盘
14:45:42	14.73	-0.02	181	266613	卖盘
14:45:39	14.75	--	72	106200	买盘
14:45:36	14.75	--	78	115050	买盘
14:45:33	14.75	--	11	16225	买盘
14:45:30	14.75	--	10	14750	买盘
14:45:27	14.75	--	32	47200	买盘
14:45:24	14.75	--	196	290280	卖盘
14:45:21	14.75	-0.03	181	266975	卖盘
14:45:15	14.78	0.02	55	81290	买盘
14:45:12	14.76	-0.02	65	96235	卖盘
14:45:06	14.78	--	6	8868	买盘
14:45:03	14.78	0.01	140	206920	买盘
14:45:00	14.77	-0.01	191	282107	卖盘
14:44:57	14.78	--	36	53208	买盘
14:44:54	14.78	--	357	527646	卖盘
14:44:51	14.78	--	14	20692	卖盘
14:44:48	14.78	-0.01	30	44340	卖盘
14:44:42	14.79	-0.01	29	42891	卖盘
14:44:36	14.8	0.01	10	14800	买盘
14:44:33	14.79	--	37	54723	买盘
14:44:30	14.79	-0.01	82	121278	卖盘
14:44:21	14.8	0.01	50	74000	买盘
14:44:18	14.79	-0.01	108	159732	卖盘
14:44:15	14.8	--	44	65120	买盘
14:44:12	14.8	--	176	260480	买盘
14:44:09	14.8	--	7	10360	买盘
14:44:06	14.8	--	25	37000	买盘
14:44:03	14.8	-0.02	122	180560	卖盘
14:43:57	14.82	0.02	2	2964	买盘
14:43:51	14.8	--	35	51800	卖盘
14:43:48	14.8	0.01	37	54760	中性盘
14:43:42	14.79	-0.01	136	201144	卖盘
14:43:36	14.8	--	57	84360	买盘
14:43:33	14.8	-0.01	454	671920	卖盘
14:43:30	14.81	--	34	50354	买盘
14:43:27	14.81	--	43	63683	买盘
14:43:24	14.81	--	40	59240	买盘
14:43:21	14.81	--	7	10367	买盘
14:43:18	14.81	--	20	29620	买盘
14:43:15	14.81	0.01	26	38506	买盘
14:43:12	14.8	-0.01	29	42920	卖盘
14:43:09	14.81	--	1	1481	买盘
14:43:06	14.81	0.01	3	4443	买盘
14:43:03	14.8	-0.01	80	118400	卖盘
14:43:00	14.81	0.01	200	296200	买盘
14:42:57	14.8	-0.01	1	1480	卖盘
14:42:54	14.81	0.01	25	37025	买盘
14:42:48	14.8	--	38	56240	卖盘
14:42:36	14.8	--	20	29600	卖盘
14:42:33	14.8	--	9	13320	买盘
14:42:30	14.8	--	42	62160	买盘
14:42:27	14.8	--	4	5920	买盘
14:42:24	14.8	--	46	68080	买盘
14:42:21	14.8	0.01	54	79920	买盘
14:42:18	14.79	-0.01	12	17748	卖盘
14:42:12	14.8	--	8	11840	买盘
14:42:06	14.8	--	68	100640	买盘
14:42:03	14.8	0.01	116	171680	买盘
14:41:57	14.79	-0.01	56	82824	卖盘
14:41:54	14.8	--	77	113960	买盘
14:41:51	14.8	0.01	6	8880	买盘
14:41:48	14.79	-0.01	17	25143	卖盘
14:41:42	14.8	0.01	53	78440	买盘
14:41:39	14.79	-0.01	26	38454	卖盘
14:41:36	14.8	--	111	164280	买盘
14:41:33	14.8	--	11	16280	买盘
14:41:30	14.8	0.01	20	29600	买盘
14:41:21	14.79	--	29	42891	卖盘
14:41:12	14.79	0.01	47	69513	买盘
14:41:09	14.78	--	46	67988	卖盘
14:41:03	14.78	--	42	62076	买盘
14:41:00	14.78	--	10	14780	买盘
14:40:57	14.78	-0.01	45	66510	卖盘
14:40:54	14.79	0.01	1	1479	买盘
14:40:51	14.78	--	59	87202	卖盘
14:40:48	14.78	-0.01	15	22170	卖盘
14:40:45	14.79	0.01	19	28101	买盘
14:40:42	14.78	--	50	73900	卖盘
14:40:39	14.78	--	13	19214	卖盘
14:40:36	14.78	-0.01	2	2956	卖盘
14:40:33	14.79	--	73	107967	买盘
14:40:30	14.79	--	40	59160	买盘
14:40:27	14.79	--	14	20706	买盘
14:40:24	14.79	--	51	75429	买盘
14:40:21	14.79	--	34	50286	买盘
14:40:09	14.79	0.01	6	8874	买盘
14:40:06	14.78	0.01	37	54686	买盘
14:40:03	14.77	-0.01	25	36925	卖盘
14:40:00	14.78	--	56	82768	买盘
14:39:57	14.78	--	4	5912	买盘
14:39:54	14.78	-0.02	4	5912	卖盘
14:39:51	14.8	0.01	18	26640	买盘
14:39:48	14.79	-0.01	146	215934	卖盘
14:39:45	14.8	--	5	7400	买盘
14:39:42	14.8	--	10	14800	买盘
14:39:36	14.8	--	179	264920	卖盘
14:39:33	14.8	-0.01	100	148000	卖盘
14:39:30	14.81	0.01	11	16291	买盘
14:39:24	14.8	-0.01	7	10360	卖盘
14:39:21	14.81	--	30	44430	买盘
14:39:18	14.81	--	11	16291	卖盘
14:39:15	14.81	-0.01	34	50354	卖盘
14:39:12	14.82	--	3	4446	买盘
14:39:09	14.82	--	2	2964	买盘
14:39:03	14.82	0.01	97	143754	买盘
14:39:00	14.81	-0.01	100	148100	卖盘
14:38:48	14.82	--	16	23712	买盘
14:38:45	14.82	-0.01	33	48906	卖盘
14:38:42	14.83	0.01	21	31143	买盘
14:38:39	14.82	-0.01	26	38532	卖盘
14:38:33	14.83	0.01	10	14830	买盘
14:38:30	14.82	--	20	29640	卖盘
14:38:27	14.82	-0.01	2	2964	中性盘
14:38:18	14.83	0.01	36	53388	买盘
14:38:15	14.82	-0.01	3	4446	卖盘
14:38:12	14.83	0.01	56	83048	买盘
14:38:06	14.82	-0.01	8	11856	卖盘
14:38:03	14.83	0.01	15	22245	买盘
14:38:00	14.82	-0.01	87	128934	卖盘
14:37:54	14.83	0.01	9	13347	买盘
14:37:51	14.82	--	42	62244	卖盘
14:37:48	14.82	-0.02	242	358644	卖盘
14:37:42	14.84	--	15	22260	买盘
14:37:39	14.84	--	21	31164	买盘
14:37:36	14.84	-0.01	349	517916	卖盘
14:37:33	14.85	--	33	49005	卖盘
14:37:30	14.85	-0.01	134	198990	卖盘
14:37:27	14.86	--	109	161974	买盘
14:37:24	14.86	--	19	28234	买盘
14:37:21	14.86	0.01	17	25262	买盘
14:37:18	14.85	-0.01	80	118800	卖盘
14:37:15	14.86	--	8	11888	买盘
14:37:12	14.86	--	27	40122	卖盘
14:37:06	14.86	-0.02	189	280854	卖盘
14:37:03	14.88	0.02	5	7440	买盘
14:37:00	14.86	-0.03	108	160488	卖盘
14:36:57	14.89	--	1	1489	卖盘
14:36:54	14.89	--	15	22335	卖盘
14:36:51	14.89	--	20	29780	买盘
14:36:48	14.89	0.02	18	26802	买盘
14:36:39	14.87	--	10	14870	卖盘
14:36:36	14.87	--	1	1487	卖盘
14:36:33	14.87	0.01	109	162083	买盘
14:36:30	14.86	--	3	4458	卖盘
14:36:15	14.86	--	1	1486	买盘
14:36:09	14.86	0.01	2	2972	买盘
14:36:03	14.85	-0.01	90	133650	卖盘
14:36:00	14.86	0.01	3	4458	买盘
14:35:57	14.85	--	145	215325	买盘
14:35:54	14.85	0.01	744	1104840	买盘
14:35:51	14.84	-0.01	25	37100	卖盘
14:35:48	14.85	--	43	63855	买盘
14:35:42	14.85	--	38	56430	买盘
14:35:39	14.85	0.01	60	89100	买盘
14:35:36	14.84	--	15	22260	卖盘
14:35:24	14.84	-0.01	16	23744	卖盘
14:35:21	14.85	0.01	42	62370	买盘
14:35:18	14.84	--	55	81620	买盘
14:35:12	14.84	--	5	7420	买盘
14:35:09	14.84	--	52	77168	买盘
14:35:06	14.84	--	31	46004	买盘
14:35:03	14.84	--	46	68264	卖盘
14:35:00	14.84	-0.01	8	11872	卖盘
14:34:57	14.85	0.01	26	38610	买盘
14:34:54	14.84	-0.01	16	23744	卖盘
14:34:51	14.85	--	241	357885	买盘
14:34:48	14.85	0.01	111	164835	买盘
14:34:45	14.84	--	39	57876	卖盘
14:34:42	14.84	--	28	41552	卖盘
14:34:39	14.84	--	265	393260	买盘
14:34:36	14.84	0.01	10	14840	买盘
14:34:33	14.83	--	2	2966	卖盘
14:34:27	14.83	--	7	10381	买盘
14:34:24	14.83	0.01	24	35592	买盘
14:34:21	14.82	--	27	40014	卖盘
14:34:06	14.82	0.02	105	155610	买盘
14:34:03	14.8	--	11	16280	卖盘
14:34:00	14.8	-0.02	50	74000	卖盘
14:33:57	14.82	0.02	8	11856	买盘
14:33:51	14.8	-0.02	4	5920	卖盘
14:33:39	14.82	0.03	10	14820	买盘
14:33:36	14.79	-0.01	25	36975	卖盘
14:33:33	14.8	0.01	32	47360	中性盘
14:33:30	14.79	-0.03	1	1479	卖盘
14:33:27	14.82	0.02	37	54834	买盘
14:33:24	14.8	--	5	7400	买盘
14:33:21	14.8	0.01	19	28120	卖盘
14:33:18	14.79	-0.03	9	13311	卖盘
14:33:09	14.82	0.02	85	125970	买盘
14:33:03	14.8	-0.01	495	732600	卖盘
14:33:00	14.81	--	33	48873	卖盘
14:32:54	14.81	--	15	22215	卖盘
14:32:51	14.81	-0.03	5	7405	卖盘
14:32:48	14.84	0.02	72	106848	买盘
14:32:45	14.82	--	77	114114	卖盘
14:32:42	14.82	-0.01	56	82992	卖盘
14:32:39	14.83	-0.01	1	1483	卖盘
14:32:36	14.84	--	3	4452	买盘
14:32:33	14.84	--	6	8904	买盘
14:32:30	14.84	--	9	13356	卖盘
14:32:27	14.84	-0.01	2	2968	卖盘
14:32:21	14.85	0.01	121	179685	买盘
14:32:15	14.84	-0.01	8	11872	卖盘
14:32:12	14.85	-0.01	61	90585	卖盘
14:32:09	14.86	0.01	1	1486	中性盘
14:32:06	14.85	-0.01	14	20790	卖盘
14:32:00	14.86	-0.01	10	14860	中性盘
14:31:57	14.87	-0.01	14	20818	中性盘
14:31:54	14.88	0.01	183	272304	买盘
14:31:51	14.87	0.02	6	8922	中性盘
14:31:48	14.85	-0.03	17	25245	卖盘
14:31:45	14.88	0.01	53	78864	买盘
14:31:39	14.87	0.02	31	46097	买盘
14:31:36	14.85	-0.02	20	29700	卖盘
14:31:33	14.87	0.01	2	2974	买盘
14:31:30	14.86	0.01	19	28234	卖盘
14:31:24	14.85	--	50	74250	卖盘
14:31:21	14.85	--	11	16335	卖盘
14:31:18	14.85	--	40	59400	卖盘
14:31:15	14.85	--	138	204930	卖盘
14:31:12	14.85	--	63	93555	卖盘
14:31:09	14.85	--	4	5940	卖盘
14:31:06	14.85	-0.02	1	1485	卖盘
14:31:00	14.87	0.01	15	22305	买盘
14:30:57	14.86	--	46	68356	卖盘
14:30:54	14.86	-0.01	5	7430	卖盘
14:30:51	14.87	-0.01	8	11896	卖盘
14:30:42	14.88	-0.01	292	434496	卖盘
14:30:36	14.89	-0.01	50	74450	卖盘
14:30:33	14.9	--	65	96850	买盘
14:30:27	14.9	--	213	318696	卖盘
14:30:24	14.9	-0.01	30	44700	卖盘
14:30:21	14.91	--	23	34293	买盘
14:30:18	14.91	-0.01	47	70077	卖盘
14:30:09	14.92	-0.01	35	52220	卖盘
14:30:06	14.93	-0.05	213	318009	卖盘
14:30:03	14.98	0.05	200	299600	买盘
14:30:00	14.93	-0.03	30	44790	卖盘
14:29:54	14.96	0.02	5	7480	买盘
14:29:51	14.94	-0.03	86	128484	卖盘
14:29:48	14.97	-0.01	16	23952	卖盘
14:29:45	14.98	--	4	5992	买盘
14:29:42	14.98	--	35	52430	卖盘
14:29:39	14.98	-0.01	26	38948	卖盘
14:29:36	14.99	0.01	101	151399	买盘
14:29:30	14.98	-0.01	25	37450	卖盘
14:29:27	14.99	0.02	7	10493	买盘
14:29:24	14.97	-0.01	231	345807	卖盘
14:29:18	14.98	--	5	7490	卖盘
14:29:15	14.98	--	25	37450	卖盘
14:28:57	14.98	--	33	49434	买盘
14:28:54	14.98	--	10	14980	买盘
14:28:45	14.98	0.01	10	14980	买盘
14:28:42	14.97	--	5	7485	卖盘
14:28:39	14.97	0.02	69	103293	买盘
14:28:27	14.95	--	20	29900	卖盘
14:28:21	14.95	--	71	106145	卖盘
14:28:12	14.95	--	10	14950	卖盘
14:28:06	14.95	0.01	37	55315	买盘
14:28:00	14.94	-0.01	21	31374	卖盘
14:27:54	14.95	--	5	7475	买盘
14:27:48	14.95	--	8	11960	买盘
14:27:39	14.95	0.01	60	89700	买盘
14:27:30	14.94	--	10	14940	卖盘
14:27:27	14.94	--	29	43326	卖盘
14:27:24	14.94	--	44	65736	买盘
14:27:21	14.94	0.01	87	129978	买盘
14:27:12	14.93	--	2	2986	卖盘
14:27:03	14.93	--	2	2986	卖盘
14:26:54	14.93	-0.01	35	52255	卖盘
14:26:51	14.94	0.01	25	37350	买盘
14:26:45	14.93	-0.01	21	31353	卖盘
14:26:30	14.94	--	3	4482	买盘
14:26:27	14.94	0.01	24	35856	买盘
14:26:24	14.93	--	137	204541	买盘
14:26:18	14.93	--	18	26874	买盘
14:26:15	14.93	0.01	10	14930	买盘
14:26:09	14.92	--	19	28348	卖盘
14:26:03	14.92	--	30	44760	卖盘
14:26:00	14.92	--	247	368524	买盘
14:25:57	14.92	--	11	16412	买盘
14:25:51	14.92	0.01	3	4476	买盘
14:25:48	14.91	--	19	28329	卖盘
14:25:45	14.91	-0.01	20	29820	卖盘
14:25:39	14.92	0.01	5	7460	买盘
14:25:36	14.91	--	17	25347	卖盘
14:25:27	14.91	-0.01	6	8946	卖盘
14:25:21	14.92	0.01	10	14920	买盘
14:25:15	14.91	-0.01	6	8946	卖盘
14:25:12	14.92	0.01	31	46252	买盘
14:25:09	14.91	--	14	22081	买盘
14:25:00	14.91	--	35	52468	卖盘
14:24:54	14.91	--	50	74550	卖盘
14:24:48	14.91	0.01	127	190564	买盘
14:24:39	14.9	-0.01	80	119200	卖盘
14:24:30	14.91	-0.02	18	26838	卖盘
14:24:21	14.93	0.03	10	14930	买盘
14:24:18	14.9	--	24	35760	卖盘
14:24:15	14.9	-0.01	20	29800	卖盘
14:24:12	14.91	-0.02	15	22365	中性盘
14:23:54	14.93	0.03	30	44790	买盘
14:23:36	14.9	-0.03	500	745000	卖盘
14:23:30	14.93	--	38	57017	卖盘
14:23:24	14.93	-0.01	32	47776	卖盘
14:23:21	14.94	0.01	1	1494	买盘
14:23:18	14.93	--	50	74650	卖盘
14:23:15	14.93	-0.01	37	55241	卖盘
14:23:12	14.94	0.01	2	2988	买盘
14:23:09	14.93	--	14	20902	卖盘
14:23:06	14.93	--	50	74650	卖盘
14:22:57	14.93	--	0	1209	卖盘
14:22:36	14.93	--	10	14930	卖盘
14:22:21	14.93	-0.01	7	10451	卖盘
14:22:18	14.94	--	11	16434	买盘
14:22:15	14.94	--	17	25398	卖盘
14:22:12	14.94	--	2	2988	卖盘
14:22:06	14.94	-0.01	5	7470	卖盘
14:22:03	14.95	0.02	10	14950	买盘
14:21:48	14.93	-0.02	43	64199	卖盘
14:21:42	14.95	--	9	13455	买盘
14:21:39	14.95	--	58	86710	卖盘
14:21:30	14.95	--	13	19435	买盘
14:21:27	14.95	--	47	70265	卖盘
14:21:24	14.95	--	30	44850	卖盘
14:21:09	14.95	0.01	87	130065	买盘
14:21:06	14.94	-0.01	17	25398	卖盘
14:20:57	14.95	0.01	8	11960	买盘
14:20:54	14.94	-0.01	20	29880	卖盘
14:20:51	14.95	--	5	7475	买盘
14:20:48	14.95	--	1	1495	买盘
14:20:45	14.95	--	4	5980	卖盘
14:20:42	14.95	--	8	11960	卖盘
14:20:30	14.95	-0.01	5	7475	卖盘
14:20:27	14.96	--	38	56848	买盘
14:20:18	14.96	0.01	10	14960	买盘
14:20:09	14.95	--	6	8970	买盘
14:20:00	14.95	--	8	11960	买盘
14:19:54	14.95	--	5	7475	买盘
14:19:51	14.95	--	2	2990	买盘
14:19:48	14.95	0.01	10	14950	买盘
14:19:45	14.94	-0.01	1	1494	卖盘
14:19:33	14.95	--	13	19435	买盘
14:19:30	14.95	0.01	1	1495	买盘
14:19:18	14.94	0.01	4	5976	买盘
14:19:15	14.93	-0.01	15	22395	卖盘
14:19:12	14.94	--	5	7470	买盘
14:19:06	14.94	--	1	1494	买盘
14:19:00	14.94	--	87	129978	买盘
14:18:42	14.94	0.02	17	25398	买盘
14:18:39	14.92	--	10	14920	买盘
14:18:30	14.92	--	88	131296	买盘
14:18:27	14.92	--	105	156660	卖盘
14:18:18	14.92	-0.01	9	13428	卖盘
14:18:15	14.93	0.01	2	2986	买盘
14:18:12	14.92	0.01	5	7460	中性盘
14:17:54	14.91	-0.02	40	59640	卖盘
14:17:48	14.93	--	17	25381	买盘
14:17:45	14.93	--	8	11944	买盘
14:17:42	14.93	--	1	1493	买盘
14:17:39	14.93	--	93	140043	卖盘
14:17:33	14.93	-0.01	14	20902	卖盘
14:17:27	14.94	-0.01	3	4482	中性盘
14:17:06	14.95	0.02	8	11960	买盘
14:17:03	14.93	-0.01	20	29860	卖盘
14:17:00	14.94	-0.01	14	21214	卖盘
14:16:51	14.95	--	53	79235	卖盘
14:16:42	14.95	-0.01	50	74750	卖盘
14:16:39	14.96	--	4	5984	买盘
14:16:36	14.96	--	57	85272	买盘
14:16:30	14.96	--	17	25432	卖盘
14:16:27	14.96	-0.01	14	20944	卖盘
14:16:24	14.97	0.01	8	11976	买盘
14:16:21	14.96	--	17	25432	卖盘
14:16:06	14.96	-0.01	100	149600	卖盘
14:15:51	14.97	--	24	35928	买盘
14:15:48	14.97	0.02	8	11976	买盘
14:15:45	14.95	--	26	38870	卖盘
14:15:33	14.95	-0.02	3	4485	卖盘
14:15:30	14.97	--	52	77844	买盘
14:15:21	14.97	0.02	3	4491	买盘
14:15:18	14.95	-0.02	123	183885	卖盘
14:15:09	14.97	--	10	14970	买盘
14:15:06	14.97	0.01	10	14970	中性盘
14:15:03	14.96	-0.02	5	7480	卖盘
14:15:00	14.98	0.01	88	131824	买盘
14:14:54	14.97	-0.01	31	46407	卖盘
14:14:51	14.98	--	16	23968	买盘
14:14:42	14.98	--	14	20972	买盘
14:14:39	14.98	0.01	21	31458	买盘
14:14:27	14.97	--	19	28443	卖盘
14:14:24	14.97	--	10	14970	卖盘
14:14:18	14.97	--	5	7485	卖盘
14:14:15	14.97	0.01	10	14970	买盘
14:14:12	14.96	-0.01	2	2992	卖盘
14:14:09	14.97	--	10	14970	买盘
14:14:00	14.97	-0.01	20	29940	中性盘
14:13:48	14.98	0.03	30	44940	买盘
14:13:45	14.95	--	20	29900	卖盘
14:13:39	14.95	-0.01	9	13455	卖盘
14:13:36	14.96	0.06	25	37400	买盘
14:13:33	14.9	-0.05	150	223500	卖盘
14:13:27	14.95	--	45	67275	卖盘
14:13:24	14.95	--	10	14950	卖盘
14:13:21	14.95	--	207	310406	买盘
14:13:18	14.95	--	27	40365	买盘
14:13:12	14.95	0.01	30	44850	买盘
14:13:06	14.94	-0.01	3	4482	中性盘
14:13:00	14.95	--	1507	2252965	买盘
14:12:57	14.95	--	39	58305	买盘
14:12:54	14.95	--	61	91195	买盘
14:12:51	14.95	--	11	16445	买盘
14:12:48	14.95	-0.01	4	5980	买盘
14:12:36	14.96	--	52	78345	卖盘
14:12:30	14.96	--	7	10472	卖盘
14:12:18	14.96	0.02	97	146054	买盘
14:12:06	14.94	-0.01	6	8964	中性盘
14:12:00	14.95	0.03	233	348335	买盘
14:11:57	14.92	-0.01	138	205896	卖盘
14:11:51	14.93	--	10	14930	买盘
14:11:48	14.93	0.01	5	7465	买盘
14:11:39	14.92	-0.02	15	22380	卖盘
14:11:30	14.94	0.02	30	44820	买盘
14:11:27	14.92	-0.01	310	462520	卖盘
14:11:18	14.93	--	8	11944	买盘
14:11:12	14.93	--	40	59720	买盘
14:11:09	14.93	--	1	1493	买盘
14:11:03	14.93	--	9	13437	买盘
14:11:00	14.93	--	11	16423	买盘
14:10:54	14.93	--	60	89580	买盘
14:10:51	14.93	--	50	74650	买盘
14:10:45	14.93	--	215	320995	卖盘
14:10:30	14.93	--	15	22395	卖盘
14:10:27	14.93	-0.01	5	7465	卖盘
14:10:21	14.94	--	20	29880	买盘
14:10:18	14.94	--	10	14940	买盘
14:10:09	14.94	--	2	2988	买盘
14:10:06	14.94	--	18	26892	买盘
14:10:00	14.94	-0.01	13	19422	中性盘
14:09:51	14.95	--	44	65780	买盘
14:09:48	14.95	0.01	299	447005	买盘
14:09:45	14.94	-0.01	53	79182	卖盘
14:09:42	14.95	--	2	2990	买盘
14:09:39	14.95	0.01	1	1495	买盘
14:09:30	14.94	--	4	5976	卖盘
14:09:27	14.94	--	10	14940	卖盘
14:09:09	14.94	--	41	61254	卖盘
14:09:03	14.94	--	31	46314	卖盘
14:09:00	14.94	-0.01	46	68724	卖盘
14:08:54	14.95	0.01	16	23920	买盘
14:08:42	14.94	--	197	294318	买盘
14:08:39	14.94	0.01	18	26892	买盘
14:08:30	14.93	--	5	7465	卖盘
14:08:27	14.93	--	11	16423	买盘
14:08:24	14.93	--	1	1493	买盘
14:08:21	14.93	0.01	40	59720	买盘
14:08:09	14.92	-0.01	18	26856	卖盘
14:08:00	14.93	0.01	10	14930	买盘
14:07:57	14.92	-0.01	67	99964	卖盘
14:07:54	14.93	--	3	4479	买盘
14:07:48	14.93	--	3	4479	买盘
14:07:45	14.93	--	30	44790	买盘
14:07:39	14.93	0.01	6	8958	中性盘
14:07:33	14.92	--	5	7460	卖盘
14:07:30	14.92	--	15	22380	卖盘
14:07:24	14.92	-0.01	60	89520	卖盘
14:07:15	14.93	-0.01	46	68678	卖盘
14:07:12	14.94	-0.01	1	1494	买盘
14:07:03	14.95	--	4	5980	买盘
14:07:00	14.95	0.01	125	186875	买盘
14:06:57	14.94	--	45	67230	卖盘
14:06:51	14.94	--	15	22410	卖盘
14:06:48	14.94	-0.01	5	7470	卖盘
14:06:45	14.95	0.01	200	299000	买盘
14:06:42	14.94	--	6	8964	卖盘
14:06:39	14.94	--	16	23904	卖盘
14:06:36	14.94	-0.01	3	4482	卖盘
14:06:33	14.95	0.01	3	4485	买盘
14:06:30	14.94	-0.01	3	4482	卖盘
14:06:24	14.95	0.01	20	29900	买盘
14:06:15	14.94	-0.01	72	107568	卖盘
14:06:12	14.95	0.01	60	89700	买盘
14:06:09	14.94	-0.01	35	52290	卖盘
14:06:06	14.95	--	9	13455	买盘
14:06:03	14.95	--	7	10465	买盘
14:05:57	14.95	--	14	20930	买盘
14:05:51	14.95	-0.03	261	390195	卖盘
14:05:48	14.98	--	2	2996	买盘
14:05:36	14.98	0.01	5	7490	买盘
14:05:33	14.97	-0.01	3	4491	卖盘
14:05:30	14.98	0.01	2	2996	买盘
14:05:27	14.97	0.02	14	20958	中性盘
14:05:21	14.95	--	40	59800	卖盘
14:05:18	14.95	-0.03	1000	1495000	卖盘
14:05:15	14.98	0.02	29	43442	买盘
14:05:03	14.96	0.01	76	113696	中性盘
14:04:54	14.95	--	30	44850	卖盘
14:04:45	14.95	--	7	10465	买盘
14:04:42	14.95	--	1	1495	买盘
14:04:27	14.95	--	98	146510	卖盘
14:04:12	14.95	--	25	37375	卖盘
14:04:03	14.95	0.01	25	37375	买盘
14:04:00	14.94	--	20	29880	买盘
14:03:57	14.94	--	4	5976	买盘
14:03:51	14.94	-0.01	9	13446	卖盘
14:03:48	14.95	0.01	14	20930	买盘
14:03:45	14.94	0.02	1	1494	买盘
14:03:24	14.92	0.01	5	7460	买盘
14:03:15	14.91	0.01	38	57656	买盘
14:03:12	14.9	--	18	26820	卖盘
14:03:09	14.9	-0.01	114	169860	卖盘
14:03:06	14.91	--	10	14910	买盘
14:03:00	14.91	0.01	15	22365	买盘
14:02:54	14.9	-0.01	17	25330	卖盘
14:02:51	14.91	--	73	108843	买盘
14:02:36	14.91	--	10	14910	卖盘
14:02:33	14.91	--	10	14910	卖盘
14:02:27	14.91	--	82	122262	卖盘
14:02:24	14.91	0.01	12	17892	买盘
14:02:18	14.9	-0.01	26	38740	卖盘
14:02:15	14.91	--	30	44730	买盘
14:02:12	14.91	0.01	32	47712	买盘
14:01:57	14.9	--	40	59600	卖盘
14:01:54	14.9	--	30	44700	买盘
14:01:51	14.9	0.01	5	7450	中性盘
14:01:48	14.89	-0.01	44	65516	卖盘
14:01:42	14.9	0.01	23	34270	中性盘
14:01:33	14.89	--	23	34247	卖盘
14:01:27	14.89	--	28	41692	卖盘
14:01:24	14.89	--	2	2978	卖盘
14:01:21	14.89	--	3	4467	买盘
14:01:15	14.89	--	2	2978	卖盘
14:01:12	14.89	-0.03	13	19357	卖盘
14:01:09	14.92	--	422	629624	买盘
14:01:03	14.92	--	44	65648	卖盘
14:01:00	14.92	-0.01	10	14920	卖盘
14:00:57	14.93	0.01	5	7465	买盘
14:00:51	14.92	-0.01	4	5968	卖盘
14:00:48	14.93	--	2	2986	买盘
14:00:45	14.93	--	0	492	卖盘
14:00:42	14.93	--	10	14930	卖盘
14:00:39	14.93	-0.01	208	311544	卖盘
14:00:36	14.94	0.01	100	149400	买盘
14:00:30	14.93	--	25	37325	卖盘
14:00:27	14.93	0.01	3	4479	中性盘
14:00:24	14.92	-0.01	260	387920	卖盘
14:00:21	14.93	-0.02	10	14930	卖盘
14:00:18	14.95	0.02	12	17940	买盘
14:00:09	14.93	-0.02	91	135863	卖盘
13:59:51	14.95	--	20	29900	买盘
13:59:45	14.95	-0.01	1	1495	卖盘
13:59:39	14.96	0.01	50	74800	买盘
13:59:36	14.95	--	29	43355	买盘
13:59:33	14.95	--	99	148005	买盘
13:59:27	14.95	--	117	174915	卖盘
13:59:24	14.95	--	8	11960	卖盘
13:59:18	14.95	--	6	8970	卖盘
13:59:12	14.95	--	11	16445	卖盘
13:59:09	14.95	-0.01	50	74750	卖盘
13:59:03	14.96	--	40	59840	买盘
13:58:57	14.96	--	21	31416	买盘
13:58:54	14.96	0.01	26	38896	买盘
13:58:51	14.95	-0.01	1	1495	卖盘
13:58:48	14.96	-0.03	120	179520	卖盘
13:58:39	14.99	0.02	440	659560	买盘
13:58:33	14.97	-0.01	222	332334	卖盘
13:58:30	14.98	--	182	272636	卖盘
13:58:27	14.98	--	130	194740	卖盘
13:58:24	14.98	--	38	56924	买盘
13:58:21	14.98	0.01	33	49434	买盘
13:58:18	14.97	-0.01	4	5988	卖盘
13:58:15	14.98	--	15	22470	买盘
13:58:12	14.98	--	1	1498	买盘
13:58:09	14.98	--	389	582722	卖盘
13:58:06	14.98	--	327	489846	卖盘
13:58:03	14.98	--	454	680092	卖盘
13:58:00	14.98	-0.01	27	40446	卖盘
13:57:54	14.99	0.01	20	29980	买盘
13:57:51	14.98	-0.01	20	29960	卖盘
13:57:48	14.99	--	255	382245	卖盘
13:57:45	14.99	--	130	194870	卖盘
13:57:39	14.99	--	2	2998	卖盘
13:57:36	14.99	0.01	30	44970	中性盘
13:57:33	14.98	-0.01	111	166278	卖盘
13:57:30	14.99	--	9	13491	买盘
13:57:27	14.99	--	141	211359	买盘
13:57:24	14.99	0.01	67	100433	买盘
13:57:18	14.98	-0.01	10	14980	卖盘
13:57:15	14.99	--	6	8994	买盘
13:57:09	14.99	-0.01	531	795969	卖盘
13:57:06	15.0	--	6	9000	买盘
13:57:03	15.0	--	10	15000	买盘
13:57:00	15.0	--	10	15000	买盘
13:56:57	15.0	--	30	45000	买盘
13:56:54	15.0	0.01	20	30000	买盘
13:56:51	14.99	-0.01	15	22485	卖盘
13:56:48	15.0	--	127	190500	买盘
13:56:45	15.0	0.01	30	45000	买盘
13:56:33	14.99	-0.01	307	460193	卖盘
13:56:30	15.0	0.01	25	37500	买盘
13:56:15	14.99	0.01	36	53964	买盘
13:56:12	14.98	-0.01	10	14980	卖盘
13:56:06	14.99	--	8	11992	买盘
13:55:57	14.99	0.02	2	2998	买盘
13:55:42	14.97	-0.01	19	28443	卖盘
13:55:39	14.98	0.01	16	23968	买盘
13:55:27	14.97	--	25	37425	买盘
13:55:18	14.97	--	19	28443	买盘
13:55:15	14.97	--	15	22455	买盘
13:55:12	14.97	0.01	10	14970	买盘
13:55:09	14.96	--	64	95744	买盘
13:55:00	14.96	--	3	4488	买盘
13:54:57	14.96	--	19	28424	买盘
13:54:54	14.96	0.01	30	44880	买盘
13:54:51	14.95	--	40	59800	卖盘
13:54:42	14.95	--	89	133055	卖盘
13:54:39	14.95	--	4	5980	卖盘
13:54:30	14.95	0.01	74	110630	买盘
13:54:27	14.94	-0.01	30	44820	卖盘
13:54:24	14.95	--	43	64285	买盘
13:54:21	14.95	0.01	10	14950	买盘
13:54:18	14.94	--	7	10458	卖盘
13:54:12	14.94	0.01	18	26892	卖盘
13:54:09	14.93	-0.01	70	104510	卖盘
13:53:54	14.94	--	20	29880	卖盘
13:53:42	14.94	-0.01	30	44820	卖盘
13:53:36	14.95	--	29	43355	卖盘
13:53:30	14.95	--	3	4485	卖盘
13:53:18	14.95	0.01	5	7475	中性盘
13:53:15	14.94	-0.03	8	11952	卖盘
13:53:09	14.97	0.02	77	115269	买盘
13:53:06	14.95	--	23	34385	买盘
13:53:00	14.95	-0.02	272	407836	卖盘
13:52:57	14.97	--	17	25449	买盘
13:52:54	14.97	--	13	19461	买盘
13:52:51	14.97	0.01	10	14970	中性盘
13:52:42	14.96	-0.02	176	263296	卖盘
13:52:39	14.98	0.01	35	52430	买盘
13:52:36	14.97	-0.01	16	23952	卖盘
13:52:33	14.98	0.01	20	29960	买盘
13:52:30	14.97	--	5	7485	卖盘
13:52:27	14.97	-0.02	50	74850	卖盘
13:52:24	14.99	0.01	30	44970	买盘
13:52:18	14.98	0.01	35	52430	买盘
13:52:12	14.97	-0.01	18	26946	卖盘
13:52:09	14.98	0.01	8	11984	买盘
13:52:06	14.97	-0.02	84	125748	卖盘
13:52:03	14.99	0.01	45	67455	买盘
13:52:00	14.98	--	30	44940	买盘
13:51:57	14.98	-0.01	188	281624	卖盘
13:51:54	14.99	--	121	181379	卖盘
13:51:51	14.99	-0.01	9	13491	卖盘
13:51:45	15.0	0.01	4	6000	买盘
13:51:42	14.99	--	2	2998	卖盘
13:51:39	14.99	--	59	88441	卖盘
13:51:30	14.99	-0.01	12	17988	卖盘
13:51:27	15.0	--	236	354000	卖盘
13:51:24	15.0	--	80	120000	卖盘
13:51:15	15.0	-0.02	71	106500	卖盘
13:51:12	15.02	-0.01	101	151702	卖盘
13:51:06	15.03	0.01	106	159318	买盘
13:51:00	15.02	--	3	4506	卖盘
13:50:57	15.02	--	100	150200	卖盘
13:50:51	15.02	0.02	97	145694	买盘
13:50:48	15.0	0.01	136	204000	买盘
13:50:42	14.99	-0.01	78	116922	卖盘
13:50:39	15.0	--	24	36000	买盘
13:50:36	15.0	0.01	5	7500	买盘
13:50:30	14.99	--	70	104930	买盘
13:50:24	14.99	--	3	4497	买盘
13:50:21	14.99	--	13	19487	买盘
13:50:18	14.99	-0.01	79	118421	卖盘
13:50:15	15.0	--	10	15000	买盘
13:50:09	15.0	--	10	15000	买盘
13:50:06	15.0	-0.02	155	232500	卖盘
13:50:03	15.02	0.02	8	12016	买盘
13:50:00	15.0	--	38	57000	卖盘
13:49:48	15.0	--	10	15000	卖盘
13:49:45	15.0	0.01	40	60000	卖盘
13:49:42	14.99	--	52	77948	买盘
13:49:39	14.99	0.01	176	263824	卖盘
13:49:30	14.98	-0.02	13	19474	卖盘
13:49:27	15.0	0.02	143	214500	买盘
13:49:15	14.98	-0.01	10	14980	卖盘
13:49:12	14.99	0.01	8	11992	买盘
13:49:09	14.98	--	1	1498	买盘
13:49:06	14.98	0.01	22	32956	买盘
13:49:03	14.97	-0.02	46	68862	中性盘
13:48:54	14.99	0.01	55	82445	买盘
13:48:51	14.98	--	52	77896	买盘
13:48:48	14.98	--	42	62916	买盘
13:48:45	14.98	--	5	7490	买盘
13:48:42	14.98	--	5	7490	买盘
13:48:39	14.98	--	5	7490	买盘
13:48:36	14.98	-0.01	40	59920	卖盘
13:48:33	14.99	--	15	22485	买盘
13:48:30	14.99	--	72	107928	卖盘
13:48:27	14.99	-0.01	1	1499	卖盘
13:48:24	15.0	--	2	3000	买盘
13:48:21	15.0	--	96	144000	买盘
13:48:18	15.0	--	12	18000	买盘
13:48:15	15.0	--	27	40500	买盘
13:48:12	15.0	-0.03	233	349500	卖盘
13:48:09	15.03	0.01	26	39078	买盘
13:48:06	15.02	-0.01	115	172730	卖盘
13:48:03	15.03	0.01	72	108216	买盘
13:48:00	15.02	-0.03	10	15020	中性盘
13:47:51	15.05	0.01	460	692300	买盘
13:47:48	15.04	0.06	40	60160	买盘
13:47:45	14.98	-0.07	63	94374	卖盘
13:47:42	15.05	--	43	64715	卖盘
13:47:39	15.05	--	10	15050	卖盘
13:47:36	15.05	0.05	171	257355	买盘
13:47:33	15.0	--	64	96000	买盘
13:47:30	15.0	--	24	36000	买盘
13:47:27	15.0	-0.07	428	642000	卖盘
13:47:24	15.07	0.02	20	30140	买盘
13:47:21	15.05	-0.01	47	70735	卖盘
13:47:18	15.06	0.02	33	49698	买盘
13:47:15	15.04	-0.01	372	559488	卖盘
13:47:12	15.05	0.01	58	87290	买盘
13:47:09	15.04	-0.01	57	85728	中性盘
13:47:06	15.05	--	206	310030	买盘
13:47:03	15.05	--	9	13545	买盘
13:47:00	15.05	--	64	96320	买盘
13:46:57	15.05	-0.05	54	81270	卖盘
13:46:54	15.1	--	7	10570	买盘
13:46:51	15.1	--	5	7550	买盘
13:46:48	15.1	0.01	437	659870	买盘
13:46:45	15.09	--	268	404412	买盘
13:46:42	15.09	--	35	52815	买盘
13:46:39	15.09	--	40	60360	买盘
13:46:36	15.09	-0.03	132	199685	卖盘
13:46:33	15.12	0.02	110	166320	买盘
13:46:30	15.1	-0.06	444	670440	中性盘
13:46:27	15.16	0.06	359	544244	买盘
13:46:24	15.1	--	9	13590	卖盘
13:46:21	15.1	-0.02	417	629670	卖盘
13:46:15	15.12	-0.01	43	65016	卖盘
13:46:12	15.13	0.03	360	544680	买盘
13:46:09	15.1	--	48	72480	卖盘
13:46:06	15.1	--	45	67950	卖盘
13:46:03	15.1	--	113	170630	买盘
13:46:00	15.1	0.01	194	292940	买盘
13:45:57	15.09	--	32	48288	卖盘
13:45:54	15.09	--	58	87522	卖盘
13:45:51	15.09	0.01	257	387813	买盘
13:45:48	15.08	0.03	197	297076	买盘
13:45:45	15.05	0.01	110	165550	中性盘
13:45:42	15.04	0.02	142	214575	买盘
13:45:39	15.02	-0.03	100	150200	卖盘
13:45:36	15.05	0.03	306	460530	买盘
13:45:33	15.02	-0.01	24	36048	卖盘
13:45:30	15.03	0.01	30	45090	卖盘
13:45:27	15.02	-0.01	207	310914	卖盘
13:45:24	15.03	0.01	316	474948	买盘
13:45:21	15.02	-0.01	222	333444	卖盘
13:45:18	15.03	--	59	88677	买盘
13:45:15	15.03	0.03	458	688374	买盘
13:45:12	15.0	-0.01	103	154500	卖盘
13:45:09	15.01	-0.02	149	223649	卖盘
13:45:06	15.03	-0.02	10	15030	卖盘
13:45:03	15.05	0.03	28	42140	买盘
13:45:00	15.02	--	229	343958	买盘
13:44:57	15.02	-0.02	465	698430	卖盘
13:44:54	15.04	0.02	3	4512	买盘
13:44:51	15.02	-0.01	37	55574	卖盘
13:44:48	15.03	0.01	36	54108	买盘
13:44:42	15.02	--	41	61582	卖盘
13:44:39	15.02	0.02	61	91622	买盘
13:44:36	15.0	--	44	66000	买盘
13:44:33	15.0	-0.01	218	327000	卖盘
13:44:30	15.01	--	213	319713	买盘
13:44:27	15.01	0.01	25	37525	买盘
13:44:24	15.0	-0.01	25	37500	卖盘
13:44:21	15.01	0.01	120	180120	买盘
13:44:18	15.0	--	221	331500	买盘
13:44:15	15.0	--	46	69000	买盘
13:44:12	15.0	0.01	69	103500	买盘
13:44:09	14.99	-0.01	39	58461	卖盘
13:44:06	15.0	--	135	202500	买盘
13:44:03	15.0	--	100	150000	买盘
13:44:00	15.0	0.01	239	358500	买盘
13:43:57	14.99	-0.01	1	1499	卖盘
13:43:51	15.0	0.02	36	54000	买盘
13:43:48	14.98	-0.01	10	14980	卖盘
13:43:45	14.99	0.01	92	137908	买盘
13:43:42	14.98	--	105	157290	买盘
13:43:39	14.98	0.01	78	116844	买盘
13:43:33	14.97	--	39	58383	买盘
13:43:30	14.97	--	19	28443	买盘
13:43:27	14.97	0.02	3	4491	买盘
13:43:21	14.95	-0.02	65	97175	卖盘
13:43:18	14.97	0.02	53	79640	买盘
13:43:12	14.95	--	18	26910	卖盘
13:43:09	14.95	-0.01	61	91195	买盘
13:43:06	14.96	0.01	20	29920	买盘
13:43:03	14.95	--	7	10465	买盘
13:43:00	14.95	--	5	7475	买盘
13:42:57	14.95	-0.01	18	26910	买盘
13:42:48	14.96	0.02	25	37400	买盘
13:42:45	14.94	--	49	73206	买盘
13:42:42	14.94	--	69	103086	卖盘
13:42:39	14.94	--	4	5976	买盘
13:42:36	14.94	--	13	19422	买盘
13:42:33	14.94	-0.01	2	2988	买盘
13:42:27	14.95	-0.01	51	76245	卖盘
13:42:24	14.96	0.01	20	29920	中性盘
13:42:15	14.95	-0.02	65	97175	卖盘
13:42:12	14.97	-0.01	39	58383	中性盘
13:42:09	14.98	0.02	145	217210	买盘
13:42:06	14.96	-0.01	256	382976	卖盘
13:42:00	14.97	-0.01	50	74850	中性盘
13:41:57	14.98	--	144	215712	买盘
13:41:54	14.98	--	44	65912	买盘
13:41:51	14.98	--	143	214214	买盘
13:41:48	14.98	--	107	160286	卖盘
13:41:45	14.98	-0.01	100	149800	卖盘
13:41:39	14.99	0.01	40	59960	买盘
13:41:36	14.98	-0.01	40	59920	买盘
13:41:33	14.99	--	43	64457	卖盘
13:41:30	14.99	--	62	92938	买盘
13:41:27	14.99	--	129	193371	买盘
13:41:24	14.99	0.01	90	134910	买盘
13:41:21	14.98	-0.02	54	80892	卖盘
13:41:18	15.0	0.01	108	162000	买盘
13:41:15	14.99	-0.01	119	178381	中性盘
13:41:12	15.0	0.01	175	262500	买盘
13:41:09	14.99	--	396	593604	卖盘
13:41:06	14.99	-0.01	52	77948	卖盘
13:41:03	15.0	--	270	405000	卖盘
13:41:00	15.0	--	816	1224000	买盘
13:40:57	15.0	--	10	15000	买盘
13:40:54	15.0	0.01	628	942000	买盘
13:40:51	14.99	0.01	234	350766	买盘
13:40:48	14.98	-0.01	84	125832	卖盘
13:40:45	14.99	--	29	43471	买盘
13:40:42	14.99	--	68	101932	买盘
13:40:39	14.99	0.02	286	428714	买盘
13:40:36	14.97	-0.01	52	77844	卖盘
13:40:33	14.98	--	45	67410	买盘
13:40:30	14.98	--	1374	2058252	买盘
13:40:27	14.98	0.01	122	182756	买盘
13:40:24	14.97	0.02	170	254490	买盘
13:40:21	14.95	-0.01	31	46345	中性盘
13:40:18	14.96	0.01	133	198968	买盘
13:40:15	14.95	--	65	97175	买盘
13:40:12	14.95	--	256	382720	买盘
13:40:06	14.95	0.03	100	149500	买盘
13:40:03	14.92	--	118	176056	买盘
13:40:00	14.92	0.01	68	101456	买盘
13:39:57	14.91	0.03	983	1465653	买盘
13:39:51	14.88	0.01	70	104160	买盘
13:39:45	14.87	0.01	147	218589	买盘
13:39:39	14.86	--	47	69842	买盘
13:39:36	14.86	0.01	68	101048	买盘
13:39:33	14.85	-0.01	8	11880	卖盘
13:39:30	14.86	--	63	93618	买盘
13:39:27	14.86	--	76	112936	买盘
13:39:15	14.86	--	2	2972	买盘
13:39:12	14.86	--	2	2972	买盘
13:39:03	14.86	0.03	8	11888	买盘
13:39:00	14.83	-0.02	100	148300	卖盘
13:38:54	14.85	0.02	252	374220	买盘
13:38:51	14.83	--	30	44490	卖盘
13:38:45	14.83	--	18	26694	买盘
13:38:42	14.83	--	1	1483	买盘
13:38:39	14.83	0.01	12	17796	买盘
13:38:36	14.82	-0.01	8	11856	中性盘
13:38:24	14.83	0.02	3	4449	买盘
13:38:18	14.81	--	7	10367	卖盘
13:38:06	14.81	0.02	20	29620	买盘
13:38:03	14.79	-0.01	50	73950	卖盘
13:38:00	14.8	--	9	13320	买盘
13:37:51	14.8	--	5	7400	买盘
13:37:48	14.8	--	23	34040	卖盘
13:37:42	14.8	--	6	8880	卖盘
13:37:36	14.8	--	1	1480	卖盘
13:37:27	14.8	0.01	25	37000	买盘
13:37:24	14.79	--	18	26622	卖盘
13:37:18	14.79	--	48	70992	卖盘
13:37:12	14.79	-0.01	514	760206	卖盘
13:37:09	14.8	--	50	74000	买盘
13:37:06	14.8	--	52	76960	买盘
13:37:03	14.8	--	11	16280	买盘
13:36:57	14.8	0.01	20	29600	买盘
13:36:51	14.79	-0.01	2	2958	卖盘
13:36:48	14.8	-0.03	191	282680	中性盘
13:36:42	14.83	--	5	7415	买盘
13:36:39	14.83	--	2	2966	买盘
13:36:33	14.83	0.03	115	170545	买盘
13:36:30	14.8	--	105	155400	卖盘
13:36:24	14.8	-0.03	270	399600	卖盘
13:36:21	14.83	--	20	29660	买盘
13:36:03	14.83	0.03	99	146817	买盘
13:35:54	14.8	--	15	22200	卖盘
13:35:48	14.8	-0.03	584	864320	卖盘
13:35:45	14.83	--	71	105293	卖盘
13:35:39	14.83	--	18	26694	卖盘
13:35:36	14.83	--	5	7415	卖盘
13:35:30	14.83	--	1	1483	卖盘
13:35:24	14.83	--	5	7415	卖盘
13:35:12	14.83	--	26	38558	卖盘
13:35:06	14.83	--	7	10381	卖盘
13:35:03	14.83	--	5	7415	卖盘
13:34:42	14.83	--	10	14830	卖盘
13:34:39	14.83	--	11	16313	卖盘
13:34:36	14.83	-0.02	10	14830	卖盘
13:34:30	14.85	--	22	32670	买盘
13:34:21	14.85	0.02	1	1485	买盘
13:34:18	14.83	-0.02	10	14830	卖盘
13:34:15	14.85	--	3	4455	买盘
13:34:12	14.85	--	59	87615	买盘
13:34:09	14.85	--	5	7425	买盘
13:34:06	14.85	--	93	138105	买盘
13:34:03	14.85	0.01	31	46035	买盘
13:33:48	14.84	--	90	133560	买盘
13:33:45	14.84	0.01	19	28196	买盘
13:33:42	14.83	-0.01	20	29660	卖盘
13:33:39	14.84	--	5	7420	买盘
13:33:36	14.84	0.01	28	41552	买盘
13:33:30	14.83	--	19	28177	卖盘
13:33:27	14.83	--	10	14830	卖盘
13:33:12	14.83	--	5	7415	卖盘
13:33:06	14.83	0.01	30	44490	买盘
13:33:00	14.82	--	12	17784	卖盘
13:32:57	14.82	--	27	40014	卖盘
13:32:45	14.82	--	8	11856	卖盘
13:32:36	14.82	--	49	72618	买盘
13:32:30	14.82	0.01	3	4446	买盘
13:32:27	14.81	--	15	22215	卖盘
13:32:21	14.81	-0.01	5	7405	卖盘
13:32:12	14.82	0.01	1	1482	买盘
13:32:09	14.81	--	5	7405	卖盘
13:32:06	14.81	--	1	1481	卖盘
13:31:57	14.81	0.01	2	2962	买盘
13:31:51	14.8	--	3	4440	卖盘
13:31:48	14.8	--	120	177600	买盘
13:31:45	14.8	--	8	11840	买盘
13:31:42	14.8	--	594	879120	买盘
13:31:39	14.8	0.03	86	127280	买盘
13:31:36	14.77	-0.03	191	282107	卖盘
13:31:30	14.8	--	270	399600	买盘
13:31:24	14.8	0.03	554	819920	买盘
13:31:03	14.77	-0.01	113	166901	卖盘
13:31:00	14.78	-0.02	48	70944	卖盘
13:30:51	14.8	0.02	35	51800	买盘
13:30:39	14.78	-0.01	105	155190	卖盘
13:30:36	14.79	--	4	5916	买盘
13:30:30	14.79	--	3	4437	买盘
13:30:15	14.79	-0.01	10	14790	中性盘
13:30:09	14.8	--	11	16280	买盘
13:30:06	14.8	0.01	200	296000	买盘
13:30:03	14.79	--	6	8874	买盘
13:29:57	14.79	--	46	68034	卖盘
13:29:48	14.79	--	12	17748	卖盘
13:29:45	14.79	-0.01	10	14790	卖盘
13:29:30	14.8	--	18	26640	买盘
13:29:24	14.8	0.01	1	1480	买盘
13:29:18	14.79	--	33	48807	卖盘
13:29:12	14.79	--	15	22185	卖盘
13:29:03	14.79	-0.01	5	7395	买盘
13:29:00	14.8	0.01	231	341880	买盘
13:28:57	14.79	0.01	6	8874	买盘
13:28:54	14.78	-0.01	62	91636	卖盘
13:28:51	14.79	0.01	79	116841	买盘
13:28:48	14.78	--	10	14780	卖盘
13:28:39	14.78	--	28	41384	卖盘
13:28:36	14.78	--	26	38428	卖盘
13:28:30	14.78	--	7	10346	卖盘
13:28:27	14.78	--	34	50252	买盘
13:28:24	14.78	--	20	29560	买盘
13:28:18	14.78	0.02	11	16258	中性盘
13:27:57	14.76	-0.01	70	103320	卖盘
13:27:54	14.77	-0.02	70	103390	卖盘
13:27:45	14.79	--	34	50286	卖盘
13:27:39	14.79	--	4	5916	卖盘
13:27:36	14.79	--	31	45849	卖盘
13:27:30	14.79	-0.01	27	39933	卖盘
13:27:24	14.8	0.01	73	108040	买盘
13:27:21	14.79	--	10	14790	卖盘
13:27:15	14.79	-0.01	1	1479	卖盘
13:27:03	14.8	--	34	50320	买盘
13:27:00	14.8	-0.01	107	158360	卖盘
13:26:57	14.81	--	30	44430	卖盘
13:26:48	14.81	0.01	104	154024	买盘
13:26:45	14.8	--	33	48840	卖盘
13:26:36	14.8	--	22	32560	卖盘
13:26:33	14.8	-0.01	113	167240	卖盘
13:26:18	14.81	-0.01	8	11848	卖盘
13:26:15	14.82	--	2	2964	买盘
13:26:09	14.82	0.01	4	5928	中性盘
13:25:51	14.81	-0.01	10	14810	卖盘
13:25:42	14.82	-0.01	12	17784	卖盘
13:25:36	14.83	0.01	222	329226	买盘
13:25:33	14.82	--	22	32604	卖盘
13:25:27	14.82	-0.01	5	7410	卖盘
13:25:21	14.83	--	36	53388	买盘
13:25:15	14.83	--	5	7415	卖盘
13:25:09	14.83	--	10	14830	卖盘
13:25:06	14.83	--	36	53388	卖盘
13:25:00	14.83	-0.01	1	1483	卖盘
13:24:57	14.84	0.01	17	25228	买盘
13:24:48	14.83	-0.01	5	7415	卖盘
13:24:33	14.84	-0.01	1	1484	买盘
13:24:30	14.85	0.01	40	59400	买盘
13:24:21	14.84	--	11	16324	卖盘
13:24:18	14.84	--	15	22260	卖盘
13:24:00	14.84	--	8	11872	卖盘
13:23:51	14.84	0.01	7	10388	买盘
13:23:42	14.83	-0.01	4	5932	卖盘
13:23:39	14.84	0.02	30	44520	买盘
13:23:21	14.82	-0.02	10	14820	卖盘
13:23:18	14.84	--	2	2968	买盘
13:23:15	14.84	0.02	101	149884	买盘
13:23:12	14.82	--	20	29640	卖盘
13:23:06	14.82	--	100	148200	卖盘
13:22:57	14.82	--	6	8892	卖盘
13:22:54	14.82	--	13	19266	卖盘
13:22:51	14.82	--	10	14820	卖盘
13:22:45	14.82	--	15	22230	卖盘
13:22:42	14.82	0.01	55	81510	买盘
13:22:39	14.81	--	27	39987	卖盘
13:22:33	14.81	-0.01	10	14810	卖盘
13:22:15	14.82	--	8	11856	买盘
13:22:12	14.82	--	25	37050	买盘
13:22:09	14.82	--	21	31122	卖盘
13:22:03	14.82	-0.02	10	14820	卖盘
13:21:57	14.84	--	10	14840	买盘
13:21:54	14.84	0.02	11	16324	买盘
13:21:51	14.82	-0.01	60	88920	卖盘
13:21:48	14.83	-0.01	2	2966	卖盘
13:21:45	14.84	--	22	32648	买盘
13:21:42	14.84	-0.01	232	344288	卖盘
13:21:33	14.85	--	9	13365	买盘
13:21:30	14.85	--	22	32670	卖盘
13:21:21	14.85	--	38	56430	买盘
13:21:12	14.85	--	13	19305	买盘
13:21:09	14.85	-0.02	174	258390	卖盘
13:21:06	14.87	0.01	63	93681	买盘
13:21:03	14.86	--	60	89160	卖盘
13:21:00	14.86	--	27	40122	卖盘
13:20:51	14.86	0.01	4	5944	买盘
13:20:48	14.85	--	34	50490	卖盘
13:20:42	14.85	--	20	29700	卖盘
13:20:39	14.85	--	11	16335	卖盘
13:20:36	14.85	-0.02	10	14850	卖盘
13:20:30	14.87	0.02	16	23792	买盘
13:20:27	14.85	-0.02	5	7425	卖盘
13:20:18	14.87	0.03	25	37175	中性盘
13:20:12	14.84	-0.03	162	240408	卖盘
13:20:09	14.87	--	10	14870	卖盘
13:20:06	14.87	--	149	221563	买盘
13:20:03	14.87	--	189	281043	买盘
13:20:00	14.87	--	13	19331	买盘
13:19:57	14.87	--	16	23792	买盘
13:19:51	14.87	0.01	39	57993	买盘
13:19:45	14.86	0.01	1	1486	卖盘
13:19:42	14.85	-0.01	205	304425	卖盘
13:19:39	14.86	0.01	31	46066	买盘
13:19:36	14.85	-0.01	35	51975	卖盘
13:19:33	14.86	--	88	130768	买盘
13:19:30	14.86	--	48	71328	买盘
13:19:27	14.86	--	120	178320	买盘
13:19:21	14.86	0.01	20	29720	买盘
13:19:18	14.85	-0.01	15	22275	卖盘
13:19:15	14.86	0.01	3	4458	买盘
13:19:12	14.85	--	1	1782	买盘
13:19:09	14.85	0.01	13	19305	买盘
13:19:06	14.84	--	50	74200	中性盘
13:19:03	14.84	-0.01	10	14840	买盘
13:19:00	14.85	0.01	100	148500	买盘
13:18:54	14.84	-0.01	13	19292	卖盘
13:18:48	14.85	0.01	10	14850	买盘
13:18:45	14.84	0.01	9	13356	中性盘
13:18:33	14.83	-0.01	206	305498	卖盘
13:18:30	14.84	--	10	14840	买盘
13:18:18	14.84	0.01	42	62328	买盘
13:18:09	14.83	--	15	22245	卖盘
13:18:06	14.83	--	46	68218	买盘
13:17:57	14.83	--	5	7415	买盘
13:17:54	14.83	--	9	13347	买盘
13:17:48	14.83	0.01	1	1483	买盘
13:17:45	14.82	--	8	11856	卖盘
13:17:42	14.82	--	5	7410	卖盘
13:17:39	14.82	--	10	14820	卖盘
13:17:21	14.82	-0.01	18	26676	卖盘
13:17:18	14.83	--	20	29660	买盘
13:17:12	14.83	-0.01	96	142368	卖盘
13:17:09	14.84	--	1	1484	买盘
13:17:03	14.84	0.02	5	7420	买盘
13:16:51	14.82	-0.01	35	51870	卖盘
13:16:42	14.83	-0.01	23	34109	卖盘
13:16:39	14.84	0.02	309	458556	买盘
13:16:33	14.82	--	2	2964	卖盘
13:16:30	14.82	-0.01	47	69654	卖盘
13:16:27	14.83	0.01	12	17796	买盘
13:16:21	14.82	-0.01	9	13338	卖盘
13:16:18	14.83	--	66	97878	买盘
13:16:15	14.83	0.01	2	2966	买盘
13:16:09	14.82	-0.01	15	22230	卖盘
13:16:06	14.83	--	7	10381	买盘
13:16:03	14.83	0.01	21	31143	买盘
13:16:00	14.82	--	5	7410	卖盘
13:15:57	14.82	--	40	59280	卖盘
13:15:54	14.82	--	10	14820	卖盘
13:15:48	14.82	-0.01	2	2964	中性盘
13:15:39	14.83	0.01	35	51905	买盘
13:15:33	14.82	--	18	26676	买盘
13:15:30	14.82	--	28	41496	买盘
13:15:27	14.82	0.02	20	29640	买盘
13:15:24	14.8	-0.01	19	28120	卖盘
13:15:21	14.81	-0.02	10	14810	卖盘
13:15:18	14.83	--	30	44490	买盘
13:15:15	14.83	0.02	3	4449	买盘
13:15:09	14.81	--	10	14810	卖盘
13:14:54	14.81	--	1	1481	买盘
13:14:51	14.81	0.01	20	29620	买盘
13:14:48	14.8	--	30	44400	卖盘
13:14:42	14.8	-0.01	5	7400	卖盘
13:14:36	14.81	0.02	10	14810	中性盘
13:14:00	14.79	-0.01	50	73950	卖盘
13:13:54	14.8	--	38	56240	卖盘
13:13:51	14.8	0.01	19	28120	中性盘
13:13:42	14.79	-0.01	638	943602	卖盘
13:13:33	14.8	--	204	301920	卖盘
13:13:27	14.8	-0.01	20	29600	卖盘
13:13:24	14.81	--	16	23696	卖盘
13:13:18	14.81	--	8	11848	中性盘
13:13:06	14.81	--	1	1481	买盘
13:13:03	14.81	--	5	7405	买盘
13:13:00	14.81	-0.01	61	90341	卖盘
13:12:54	14.82	--	2	2964	卖盘
13:12:51	14.82	-0.01	100	148200	卖盘
13:12:48	14.83	0.01	39	57837	买盘
13:12:30	14.82	--	5	7410	买盘
13:12:24	14.82	--	30	44460	买盘
13:12:03	14.82	0.02	4	5928	买盘
13:11:57	14.8	--	1	1480	卖盘
13:11:54	14.8	--	28	41440	买盘
13:11:48	14.8	0.01	8	11840	买盘
13:11:24	14.79	--	25	36975	买盘
13:11:21	14.79	0.01	1	1479	买盘
13:11:18	14.78	--	23	33994	卖盘
13:11:15	14.78	-0.01	10	14780	卖盘
13:11:12	14.79	0.01	5	7395	买盘
13:11:03	14.78	--	19	28082	中性盘
13:10:51	14.78	0.01	11	16258	中性盘
13:10:48	14.77	--	94	138838	卖盘
13:10:45	14.77	-0.01	8	11816	卖盘
13:10:39	14.78	0.01	31	45818	买盘
13:10:36	14.77	--	50	73850	卖盘
13:10:30	14.77	-0.01	15	22155	卖盘
13:10:24	14.78	--	5	7390	买盘
13:10:18	14.78	--	10	14780	买盘
13:10:12	14.78	--	2	2956	买盘
13:10:00	14.78	0.02	20	29560	买盘
13:09:51	14.76	-0.01	9	13284	卖盘
13:09:48	14.77	--	5	7385	卖盘
13:09:45	14.77	--	2	2954	买盘
13:09:39	14.77	0.01	30	44310	买盘
13:09:24	14.76	0.01	10	14760	买盘
13:09:03	14.75	--	2	2950	买盘
13:09:00	14.75	--	30	44250	买盘
13:08:39	14.75	--	18	26550	卖盘
13:08:21	14.75	--	5	7375	卖盘
13:08:18	14.75	0.02	34	50150	买盘
13:08:15	14.73	-0.02	350	515550	卖盘
13:08:12	14.75	--	5	7375	买盘
13:08:09	14.75	--	5	7375	买盘
13:08:03	14.75	-0.01	306	451350	卖盘
13:08:00	14.76	-0.01	10	14760	卖盘
13:07:57	14.77	0.01	1	1477	买盘
13:07:45	14.76	-0.01	10	14760	卖盘
13:07:39	14.77	0.01	29	42833	买盘
13:07:36	14.76	--	14	20664	卖盘
13:07:18	14.76	--	70	103320	卖盘
13:06:54	14.76	-0.01	5	7380	卖盘
13:06:45	14.77	0.01	2	2954	买盘
13:06:27	14.76	-0.01	4	5904	中性盘
13:06:21	14.77	0.01	20	29540	买盘
13:06:15	14.76	--	97	143172	卖盘
13:06:12	14.76	--	3	4428	卖盘
13:06:00	14.76	-0.01	50	73800	卖盘
13:05:54	14.77	--	7	10339	买盘
13:05:42	14.77	--	10	14770	买盘
13:05:39	14.77	--	7	10339	买盘
13:05:36	14.77	--	5	7385	买盘
13:05:33	14.77	--	72	106344	卖盘
13:05:27	14.77	-0.01	26	38402	卖盘
13:05:24	14.78	0.01	5	7390	买盘
13:05:21	14.77	-0.01	32	47264	卖盘
13:05:03	14.78	-0.01	463	684314	卖盘
13:05:00	14.79	-0.01	100	147900	卖盘
13:04:57	14.8	--	30	44400	买盘
13:04:51	14.8	--	13	19240	买盘
13:04:45	14.8	0.01	10	14800	买盘
13:04:42	14.79	-0.01	101	149379	卖盘
13:04:36	14.8	--	10	14800	买盘
13:04:21	14.8	0.01	22	32560	买盘
13:04:18	14.79	-0.01	84	124236	卖盘
13:04:06	14.8	--	5	7400	买盘
13:04:03	14.8	--	16	23680	买盘
13:03:57	14.8	--	3	4440	买盘
13:03:51	14.8	--	51	75480	买盘
13:03:48	14.8	--	52	76960	买盘
13:03:42	14.8	--	19	28120	买盘
13:03:33	14.8	--	1	1480	买盘
13:03:30	14.8	--	57	84360	买盘
13:03:27	14.8	--	43	63640	卖盘
13:03:24	14.8	0.01	73	108040	买盘
13:03:21	14.79	-0.01	10	14790	卖盘
13:03:12	14.8	--	30	44400	买盘
13:03:03	14.8	--	5	7400	买盘
13:03:00	14.8	--	4	5920	买盘
13:02:51	14.8	--	10	14800	买盘
13:02:48	14.8	--	3	4440	买盘
13:02:42	14.8	--	20	29600	买盘
13:02:39	14.8	--	23	34040	买盘
13:02:33	14.8	--	20	29600	买盘
13:02:27	14.8	--	10	14800	买盘
13:02:21	14.8	--	53	78440	买盘
13:02:18	14.8	--	34	50320	买盘
13:02:15	14.8	--	4	5920	买盘
13:02:12	14.8	--	10	14800	买盘
13:02:06	14.8	--	20	29600	买盘
13:02:03	14.8	--	10	14800	买盘
13:01:57	14.8	--	11	16280	买盘
13:01:51	14.8	-0.03	488	722240	卖盘
13:01:48	14.83	--	1	1483	买盘
13:01:45	14.83	0.01	31	45973	买盘
13:01:42	14.82	-0.01	23	34086	卖盘
13:01:39	14.83	0.01	5	7415	买盘
13:01:33	14.82	-0.01	8	11856	卖盘
13:01:27	14.83	--	37	54871	买盘
13:01:24	14.83	0.01	79	117157	买盘
13:01:21	14.82	-0.01	15	22230	卖盘
13:01:18	14.83	--	3	4449	买盘
13:01:15	14.83	--	8	11864	买盘
13:01:09	14.83	--	14	20762	买盘
13:01:06	14.83	--	1	1483	买盘
13:00:57	14.83	--	7	10381	买盘
13:00:48	14.83	--	30	44490	买盘
13:00:45	14.83	--	1	1483	买盘
13:00:42	14.83	--	30	44490	买盘
13:00:39	14.83	-0.01	67	99361	卖盘
13:00:36	14.84	--	109	161756	买盘
13:00:27	14.84	0.01	21	31164	买盘
13:00:12	14.83	--	6	8898	卖盘
13:00:09	14.83	0.02	120	177960	买盘
13:00:06	14.81	0.02	419	620539	买盘
13:00:03	14.79	--	0	0	买盘
11:30:03	14.79	--	0	0	买盘
11:30:00	14.79	0.01	13	19227	买盘
11:29:57	14.78	-0.01	4	5912	卖盘
11:29:54	14.79	0.01	10	14790	买盘
11:29:45	14.78	--	5	7390	买盘
11:29:42	14.78	0.01	23	33994	买盘
11:29:39	14.77	-0.01	23	33971	卖盘
11:29:33	14.78	--	5	7390	买盘
11:29:27	14.78	0.01	32	47296	买盘
11:29:18	14.77	--	11	16247	买盘
11:29:06	14.77	--	10	14770	买盘
11:29:00	14.77	--	5	7385	买盘
11:28:51	14.77	--	1	1477	买盘
11:28:39	14.77	--	4	5908	卖盘
11:28:36	14.77	--	6	8862	买盘
11:28:33	14.77	--	4	5908	卖盘
11:28:30	14.77	0.01	46	67942	买盘
11:28:27	14.76	-0.01	20	29520	卖盘
11:28:24	14.77	--	40	59080	买盘
11:28:09	14.77	0.01	2	2954	买盘
11:27:54	14.76	-0.01	5	7380	卖盘
11:27:51	14.77	0.01	20	29540	买盘
11:27:42	14.76	-0.02	1	1476	卖盘
11:27:36	14.78	--	132	195096	买盘
11:27:33	14.78	0.02	8	11824	买盘
11:27:30	14.76	-0.02	1	1476	卖盘
11:27:18	14.78	--	100	147800	买盘
11:27:09	14.78	0.01	30	44340	买盘
11:27:06	14.77	--	7	10339	卖盘
11:27:03	14.77	--	20	29540	卖盘
11:26:54	14.77	-0.01	3	4431	卖盘
11:26:45	14.78	--	10	14780	买盘
11:26:36	14.78	--	10	14780	买盘
11:26:33	14.78	-0.01	57	84246	卖盘
11:26:24	14.79	--	4	5916	买盘
11:26:18	14.79	-0.01	182	269178	卖盘
11:26:15	14.8	--	20	29600	买盘
11:26:12	14.8	--	18	26640	买盘
11:26:09	14.8	--	47	69560	买盘
11:26:03	14.8	--	8	11840	买盘
11:26:00	14.8	--	28	41440	买盘
11:25:51	14.8	--	8	11840	买盘
11:25:48	14.8	--	10	14800	买盘
11:25:45	14.8	--	3	4440	买盘
11:25:42	14.8	--	96	142080	买盘
11:25:33	14.8	--	24	35520	买盘
11:25:30	14.8	--	3	4440	买盘
11:25:21	14.8	--	31	45880	买盘
11:25:15	14.8	--	70	103600	买盘
11:25:12	14.8	--	6	8880	买盘
11:25:06	14.8	--	313	463240	卖盘
11:25:00	14.8	--	8	11840	卖盘
11:24:48	14.8	0.01	118	174640	买盘
11:24:42	14.79	0.01	5	7395	中性盘
11:24:27	14.78	--	314	464092	卖盘
11:24:24	14.78	--	25	36950	卖盘
11:24:15	14.78	0.01	82	121196	买盘
11:24:09	14.77	--	101	149177	卖盘
11:24:06	14.77	-0.01	30	44310	卖盘
11:24:03	14.78	--	2	2956	买盘
11:24:00	14.78	0.01	24	35472	买盘
11:23:57	14.77	-0.01	30	44310	卖盘
11:23:54	14.78	--	15	22170	买盘
11:23:48	14.78	--	13	19214	买盘
11:23:45	14.78	0.01	32	47296	买盘
11:23:42	14.77	--	21	31017	卖盘
11:23:33	14.77	--	21	31017	卖盘
11:23:30	14.77	-0.01	50	73850	卖盘
11:23:27	14.78	--	2	2956	买盘
11:23:21	14.78	--	17	25126	买盘
11:23:18	14.78	0.01	53	78334	买盘
11:23:15	14.77	--	50	73850	卖盘
11:23:09	14.77	-0.01	10	14770	卖盘
11:23:06	14.78	0.01	10	14780	买盘
11:23:03	14.77	--	67	98959	卖盘
11:22:51	14.77	--	25	36925	卖盘
11:22:48	14.77	--	21	31017	卖盘
11:22:45	14.77	--	55	81235	卖盘
11:22:42	14.77	--	15	22155	卖盘
11:22:39	14.77	0.01	132	194964	买盘
11:22:36	14.76	0.01	4	5904	买盘
11:22:33	14.75	--	8	11800	卖盘
11:22:30	14.75	--	10	14750	卖盘
11:22:27	14.75	-0.01	33	48675	卖盘
11:22:24	14.76	--	13	19188	买盘
11:22:21	14.76	--	50	73800	买盘
11:22:18	14.76	--	4	5904	卖盘
11:22:15	14.76	--	50	73800	卖盘
11:22:12	14.76	--	74	109224	卖盘
11:22:03	14.76	--	5	7380	卖盘
11:22:00	14.76	--	10	14760	卖盘
11:21:54	14.76	--	30	44280	卖盘
11:21:51	14.76	-0.01	34	50184	卖盘
11:21:48	14.77	0.01	12	17724	买盘
11:21:42	14.76	--	158	233208	卖盘
11:21:39	14.76	-0.01	96	141696	卖盘
11:21:36	14.77	0.01	10	14770	买盘
11:21:33	14.76	--	5	7380	卖盘
11:21:24	14.76	-0.01	20	29520	卖盘
11:21:18	14.77	--	22	32494	买盘
11:21:15	14.77	-0.02	13	19201	卖盘
11:21:09	14.79	0.02	42	62118	买盘
11:21:03	14.77	-0.02	28	41356	卖盘
11:20:57	14.79	--	9	13311	买盘
11:20:48	14.79	-0.01	294	434826	卖盘
11:20:45	14.8	-0.01	17	25160	卖盘
11:20:42	14.81	0.01	50	74050	买盘
11:20:36	14.8	--	20	29600	卖盘
11:20:33	14.8	--	15	22200	卖盘
11:20:30	14.8	--	40	59200	卖盘
11:20:27	14.8	--	17	25160	卖盘
11:20:24	14.8	0.01	297	439560	买盘
11:20:21	14.79	--	3	4437	卖盘
11:20:18	14.79	--	6	8874	卖盘
11:20:15	14.79	--	47	69513	卖盘
11:20:12	14.79	-0.01	15	22185	卖盘
11:20:09	14.8	0.01	9	13320	买盘
11:20:06	14.79	--	40	59160	卖盘
11:20:03	14.79	--	22	32537	卖盘
11:19:57	14.79	--	67	99093	卖盘
11:19:54	14.79	--	38	56202	买盘
11:19:51	14.79	--	3	4437	买盘
11:19:48	14.79	--	20	29580	买盘
11:19:45	14.79	--	20	29580	买盘
11:19:42	14.79	0.02	67	99093	买盘
11:19:39	14.77	-0.03	2	2954	中性盘
11:19:12	14.8	0.05	12	17760	买盘
11:19:09	14.75	-0.04	20	29500	卖盘
11:19:03	14.79	0.03	10	14790	买盘
11:18:57	14.76	-0.01	31	45756	卖盘
11:18:54	14.77	--	10	14770	卖盘
11:18:51	14.77	-0.03	48	70896	卖盘
11:18:48	14.8	0.01	30	44400	买盘
11:18:45	14.79	0.01	23	34017	买盘
11:18:42	14.78	--	7	10346	卖盘
11:18:39	14.78	0.01	13	19214	买盘
11:18:36	14.77	--	13	19201	卖盘
11:18:24	14.77	--	8	11875	卖盘
11:18:21	14.77	--	10	14770	卖盘
11:18:18	14.77	0.01	269	397313	买盘
11:18:09	14.76	0.01	19	28044	买盘
11:18:06	14.75	-0.01	3	4425	卖盘
11:18:00	14.76	--	16	23616	买盘
11:17:54	14.76	--	12	17712	买盘
11:17:48	14.76	--	4	5904	中性盘
11:17:36	14.76	--	138	203688	买盘
11:17:30	14.76	--	352	519552	买盘
11:17:27	14.76	--	3	4428	买盘
11:17:21	14.76	--	5	7380	买盘
11:17:18	14.76	-0.01	33	48708	卖盘
11:17:12	14.77	--	25	36925	卖盘
11:17:06	14.77	-0.01	5	7385	卖盘
11:16:57	14.78	--	30	44340	卖盘
11:16:54	14.78	-0.01	30	44340	卖盘
11:16:51	14.79	--	1	1479	买盘
11:16:48	14.79	--	3	4437	买盘
11:16:42	14.79	-0.01	24	35496	卖盘
11:16:39	14.8	--	8	11840	卖盘
11:16:33	14.8	--	30	44400	卖盘
11:16:30	14.8	-0.02	10	14800	卖盘
11:16:21	14.82	0.01	22	32604	中性盘
11:16:12	14.81	-0.01	12	17772	卖盘
11:16:09	14.82	--	25	37050	卖盘
11:16:06	14.82	0.01	18	26676	买盘
11:16:03	14.81	--	34	50354	卖盘
11:16:00	14.81	-0.01	36	53316	卖盘
11:15:54	14.82	0.01	30	44460	买盘
11:15:51	14.81	-0.01	59	87379	卖盘
11:15:48	14.82	0.01	2	2964	中性盘
11:15:45	14.81	-0.02	566	838246	卖盘
11:15:42	14.83	--	9	13347	买盘
11:15:39	14.83	--	5	7415	卖盘
11:15:36	14.83	--	5	7415	卖盘
11:15:33	14.83	--	9	13347	卖盘
11:15:30	14.83	0.01	46	68218	买盘
11:15:27	14.82	-0.01	32	47424	卖盘
11:15:24	14.83	--	7	10381	买盘
11:15:21	14.83	--	12	17796	买盘
11:15:18	14.83	0.01	46	68218	买盘
11:15:15	14.82	-0.01	7	10374	卖盘
11:15:03	14.83	--	13	19279	买盘
11:15:00	14.83	0.01	8	11864	买盘
11:14:57	14.82	0.01	7	10374	中性盘
11:14:54	14.81	--	38	56278	卖盘
11:14:51	14.81	-0.02	50	74050	卖盘
11:14:48	14.83	0.01	20	29660	买盘
11:14:45	14.82	0.01	2	2964	中性盘
11:14:42	14.81	-0.01	323	478363	卖盘
11:14:39	14.82	--	96	142272	买盘
11:14:36	14.82	0.01	57	84474	买盘
11:14:33	14.81	-0.01	47	69607	卖盘
11:14:30	14.82	--	5	7410	买盘
11:14:27	14.82	--	11	16302	买盘
11:14:24	14.82	0.01	80	118560	买盘
11:14:21	14.81	-0.01	41	60721	卖盘
11:14:18	14.82	0.01	89	131898	买盘
11:14:15	14.81	-0.01	10	14810	卖盘
11:14:12	14.82	0.01	70	103740	买盘
11:14:06	14.81	--	5	7405	卖盘
11:14:00	14.81	--	12	17772	卖盘
11:13:57	14.81	--	10	14810	卖盘
11:13:54	14.81	--	13	19253	卖盘
11:13:51	14.81	-0.01	26	38506	卖盘
11:13:48	14.82	--	9	13338	买盘
11:13:45	14.82	0.01	15	22230	中性盘
11:13:42	14.81	--	174	257694	卖盘
11:13:39	14.81	-0.02	151	223631	中性盘
11:13:33	14.83	0.01	148	219484	买盘
11:13:30	14.82	-0.01	9	13338	买盘
11:13:27	14.83	--	12	17796	买盘
11:13:24	14.83	--	231	342573	买盘
11:13:21	14.83	-0.01	50	74150	中性盘
11:13:15	14.84	--	65	96460	买盘
11:13:12	14.84	-0.02	25	37100	卖盘
11:13:09	14.86	0.02	7	10402	买盘
11:13:06	14.84	--	5	7420	卖盘
11:13:03	14.84	-0.02	55	81620	卖盘
11:12:57	14.86	--	57	84702	卖盘
11:12:54	14.86	-0.01	4	5944	卖盘
11:12:51	14.87	0.01	5	7435	买盘
11:12:48	14.86	--	134	199124	卖盘
11:12:45	14.86	--	10	14860	卖盘
11:12:42	14.86	-0.01	62	92132	卖盘
11:12:39	14.87	0.03	404	600748	买盘
11:12:36	14.84	-0.01	4	5936	中性盘
11:12:33	14.85	--	75	111375	卖盘
11:12:30	14.85	-0.01	33	49005	卖盘
11:12:27	14.86	0.01	129	191694	买盘
11:12:24	14.85	0.01	20	29700	卖盘
11:12:21	14.84	-0.02	25	37100	卖盘
11:12:18	14.86	--	78	115908	买盘
11:12:15	14.86	0.01	86	127796	买盘
11:12:12	14.85	0.01	61	90585	买盘
11:12:09	14.84	-0.02	138	204792	卖盘
11:12:06	14.86	0.01	90	133740	买盘
11:12:03	14.85	-0.01	63	93555	中性盘
11:12:00	14.86	0.02	20	29720	买盘
11:11:57	14.84	-0.01	73	108332	卖盘
11:11:54	14.85	--	10	14850	买盘
11:11:51	14.85	--	16	23760	买盘
11:11:48	14.85	0.01	21	31185	卖盘
11:11:45	14.84	--	135	200340	卖盘
11:11:42	14.84	-0.01	45	66780	卖盘
11:11:39	14.85	0.01	60	89100	买盘
11:11:36	14.84	0.01	176	261184	买盘
11:11:33	14.83	--	67	99361	卖盘
11:11:30	14.83	--	29	43007	买盘
11:11:27	14.83	--	1	1483	买盘
11:11:24	14.83	--	20	29660	买盘
11:11:21	14.83	0.01	21	31143	买盘
11:11:18	14.82	--	2	2964	卖盘
11:11:15	14.82	--	13	19266	买盘
11:11:12	14.82	0.02	86	127452	买盘
11:11:09	14.8	--	16	23680	卖盘
11:11:06	14.8	-0.01	6	8880	卖盘
11:11:03	14.81	0.01	5	7405	买盘
11:11:00	14.8	0.01	378	560180	买盘
11:10:57	14.79	--	238	352002	买盘
11:10:54	14.79	0.03	50	73950	买盘
11:10:51	14.76	--	33	48708	卖盘
11:10:48	14.76	-0.02	422	622872	卖盘
11:10:45	14.78	0.02	20	29560	买盘
11:10:42	14.76	0.01	14	20664	买盘
11:10:39	14.75	-0.03	14	20650	卖盘
11:10:36	14.78	0.03	105	155190	买盘
11:10:33	14.75	--	46	67850	卖盘
11:10:27	14.75	0.02	272	401200	买盘
11:10:24	14.73	-0.01	13	19149	卖盘
11:10:15	14.74	--	39	57486	卖盘
11:10:12	14.74	0.02	25	36850	买盘
11:10:09	14.72	-0.01	35	51520	卖盘
11:10:06	14.73	--	2	2946	买盘
11:10:00	14.73	0.02	10	14730	买盘
11:09:54	14.71	-0.02	26	38246	卖盘
11:09:51	14.73	0.02	36	53028	买盘
11:09:48	14.71	--	19	27949	卖盘
11:09:45	14.71	--	3	4413	卖盘
11:09:42	14.71	--	163	239773	买盘
11:09:39	14.71	--	603	887013	买盘
11:09:36	14.71	0.01	274	403054	买盘
11:09:30	14.7	-0.01	52	76440	卖盘
11:09:27	14.71	0.01	2	2942	买盘
11:09:21	14.7	--	5	7350	卖盘
11:09:12	14.7	0.04	307	451290	买盘
11:09:09	14.66	0.01	6	8796	中性盘
11:09:03	14.65	0.01	50	73250	中性盘
11:09:00	14.64	-0.03	142	207888	卖盘
11:08:54	14.67	--	4	5868	买盘
11:08:30	14.67	0.04	11	16137	买盘
11:08:21	14.63	-0.04	45	65835	卖盘
11:08:15	14.67	0.02	100	146700	买盘
11:08:09	14.65	--	34	49810	买盘
11:08:03	14.65	-0.02	8	11720	中性盘
11:07:39	14.67	0.05	2	2934	买盘
11:07:36	14.62	--	4	5848	卖盘
11:07:30	14.62	--	11	16082	卖盘
11:07:24	14.62	0.01	6	8772	买盘
11:07:21	14.61	-0.01	15	21915	卖盘
11:07:18	14.62	--	50	73100	买盘
11:07:15	14.62	--	10	14620	买盘
11:07:09	14.62	--	24	35088	买盘
11:07:06	14.62	-0.05	10	14620	卖盘
11:07:00	14.67	0.06	800	1173600	买盘
11:06:54	14.61	--	1	1461	卖盘
11:06:39	14.61	-0.01	125	182625	卖盘
11:06:30	14.62	0.01	135	197370	买盘
11:06:15	14.61	-0.01	5	7305	卖盘
11:06:12	14.62	0.01	169	247078	买盘
11:06:06	14.61	--	2	2922	卖盘
11:06:00	14.61	--	5	7305	卖盘
11:05:54	14.61	0.01	14	20454	买盘
11:05:51	14.6	--	1	1460	卖盘
11:05:48	14.6	--	10	14600	卖盘
11:05:39	14.6	--	2	2920	买盘
11:05:30	14.6	0.01	20	29200	买盘
11:05:03	14.59	-0.01	30	43770	卖盘
11:04:51	14.6	--	78	113880	卖盘
11:04:48	14.6	--	8	11680	卖盘
11:04:45	14.6	--	3	4380	卖盘
11:04:36	14.6	0.01	166	242360	买盘
11:04:30	14.59	--	10	14590	卖盘
11:04:24	14.59	-0.01	10	14590	卖盘
11:04:15	14.6	--	1	1460	买盘
11:04:09	14.6	--	8	11680	买盘
11:04:06	14.6	--	54	78840	卖盘
11:04:03	14.6	-0.01	10	14600	卖盘
11:03:57	14.61	--	3	4383	买盘
11:03:45	14.61	0.01	5	7305	买盘
11:03:36	14.6	--	25	36500	卖盘
11:03:24	14.6	-0.01	29	42340	卖盘
11:03:15	14.61	--	15	21915	卖盘
11:03:12	14.61	--	20	29220	卖盘
11:03:09	14.61	--	42	61362	卖盘
11:03:00	14.61	-0.01	238	347718	卖盘
11:02:51	14.62	-0.01	27	39474	卖盘
11:02:48	14.63	--	5	7315	买盘
11:02:45	14.63	--	7	10241	买盘
11:02:24	14.63	--	1	1463	买盘
11:01:54	14.63	-0.01	74	108262	卖盘
11:01:09	14.64	-0.01	1	1464	中性盘
11:01:03	14.65	-0.01	1	1465	中性盘
11:00:57	14.66	0.01	34	49844	买盘
11:00:54	14.65	-0.01	10	14650	卖盘
11:00:51	14.66	--	5	7330	买盘
11:00:48	14.66	0.01	50	73300	买盘
11:00:36	14.65	-0.01	5	7325	卖盘
11:00:30	14.66	--	14	20524	卖盘
11:00:27	14.66	--	10	14660	卖盘
11:00:24	14.66	--	5	7330	卖盘
11:00:03	14.66	-0.01	21	30786	卖盘
11:00:00	14.67	--	10	14670	买盘
10:59:51	14.67	0.01	70	102690	买盘
10:59:45	14.66	--	10	14660	卖盘
10:59:42	14.66	--	100	146600	卖盘
10:59:36	14.66	--	16	23456	买盘
10:59:33	14.66	--	18	26388	买盘
10:59:27	14.66	--	63	92358	买盘
10:59:24	14.66	--	5	7330	买盘
10:59:21	14.66	--	31	45446	买盘
10:59:18	14.66	0.01	54	79164	买盘
10:59:09	14.65	--	35	51275	卖盘
10:59:06	14.65	--	30	43950	买盘
10:59:03	14.65	0.01	50	73250	买盘
10:59:00	14.64	-0.01	6	8784	卖盘
10:58:57	14.65	0.01	23	33695	买盘
10:58:54	14.64	--	43	62952	卖盘
10:58:48	14.64	0.02	58	84912	买盘
10:58:42	14.62	--	59	86258	买盘
10:58:39	14.62	-0.02	1	1462	卖盘
10:58:36	14.64	0.01	10	14640	买盘
10:58:15	14.63	--	13	19019	买盘
10:58:09	14.63	--	15	21945	卖盘
10:58:06	14.63	--	2	2926	卖盘
10:58:03	14.63	0.03	3	4389	买盘
10:57:21	14.6	-0.01	50	73000	卖盘
10:57:06	14.61	0.01	5	7305	买盘
10:57:03	14.6	-0.01	37	54020	卖盘
10:56:33	14.61	--	8	11688	买盘
10:56:03	14.61	--	6	8766	买盘
10:56:00	14.61	--	5	7305	买盘
10:55:57	14.61	-0.02	28	40908	卖盘
10:55:54	14.63	0.01	2	2926	买盘
10:55:51	14.62	-0.01	5	7310	卖盘
10:55:48	14.63	-0.01	0	1258	卖盘
10:55:45	14.64	0.01	41	60024	买盘
10:55:39	14.63	-0.01	7	10241	卖盘
10:55:33	14.64	--	27	39528	卖盘
10:55:30	14.64	--	17	24888	买盘
10:55:24	14.64	0.01	30	43920	买盘
10:55:21	14.63	--	5	7315	卖盘
10:55:09	14.63	0.02	0	204	买盘
10:55:03	14.61	-0.02	31	45291	卖盘
10:55:00	14.63	--	25	36575	买盘
10:54:57	14.63	--	17	24871	买盘
10:54:51	14.63	--	5	7315	买盘
10:54:39	14.63	0.01	15	21945	买盘
10:54:21	14.62	--	3	4386	买盘
10:54:18	14.62	0.04	1	1462	买盘
10:54:15	14.58	-0.04	440	641520	卖盘
10:54:06	14.62	0.01	116	169592	买盘
10:54:03	14.61	--	66	96426	卖盘
10:53:42	14.61	0.01	62	90582	买盘
10:53:39	14.6	--	167	243820	卖盘
10:53:33	14.6	--	1	1460	卖盘
10:53:24	14.6	--	3	4380	买盘
10:53:12	14.6	0.01	2	2920	买盘
10:53:09	14.59	-0.01	30	43770	卖盘
10:53:06	14.6	0.01	4	5840	买盘
10:52:54	14.59	--	1	1459	卖盘
10:52:45	14.59	-0.01	8	11672	卖盘
10:52:42	14.6	0.01	5	7300	买盘
10:52:39	14.59	--	3	4377	卖盘
10:52:30	14.59	-0.01	24	35016	卖盘
10:52:21	14.6	--	5	7300	买盘
10:52:18	14.6	--	30	43800	买盘
10:52:15	14.6	--	10	14600	买盘
10:52:12	14.6	--	5	7300	买盘
10:52:06	14.6	--	18	26280	买盘
10:51:54	14.6	--	4	5840	买盘
10:51:48	14.6	--	5	7300	买盘
10:51:42	14.6	0.01	5	7300	买盘
10:51:33	14.59	--	33	48147	卖盘
10:51:27	14.59	--	16	23344	买盘
10:51:12	14.59	--	17	24803	买盘
10:51:09	14.59	--	5	7295	买盘
10:50:54	14.59	0.01	8	11672	买盘
10:50:51	14.58	--	35	51030	卖盘
10:50:33	14.58	-0.01	10	14580	卖盘
10:50:27	14.59	0.01	10	14590	买盘
10:50:12	14.58	--	4	5832	卖盘
10:50:06	14.58	--	1	1458	中性盘
10:49:57	14.58	--	1	1458	买盘
10:49:48	14.58	--	12	17496	买盘
10:49:30	14.58	0.02	5	7290	买盘
10:49:27	14.56	--	1	1456	卖盘
10:49:15	14.56	0.01	17	24752	卖盘
10:49:00	14.55	--	65	94575	卖盘
10:48:54	14.55	-0.05	106	154230	卖盘
10:48:45	14.6	0.02	30	43800	买盘
10:48:42	14.58	--	24	34992	卖盘
10:48:39	14.58	--	37	53946	卖盘
10:48:30	14.58	--	14	20412	卖盘
10:48:24	14.58	--	10	14580	卖盘
10:48:21	14.58	--	47	68526	中性盘
10:48:12	14.58	--	11	16038	卖盘
10:48:09	14.58	--	1	1458	卖盘
10:48:03	14.58	--	18	26244	买盘
10:48:00	14.58	--	10	14580	买盘
10:47:54	14.58	--	20	29160	买盘
10:47:51	14.58	-0.01	1379	2010582	卖盘
10:47:45	14.59	--	17	24803	卖盘
10:47:42	14.59	0.01	6	8754	中性盘
10:47:21	14.58	-0.02	120	174960	卖盘
10:47:18	14.6	0.01	30	43800	买盘
10:47:09	14.59	-0.01	149	217391	卖盘
10:47:03	14.6	--	3	4380	买盘
10:47:00	14.6	--	3	4380	买盘
10:46:54	14.6	--	5	7300	买盘
10:46:42	14.6	--	4	5840	卖盘
10:46:39	14.6	-0.01	3	4380	中性盘
10:46:33	14.61	0.01	392	572712	买盘
10:46:30	14.6	--	40	58400	卖盘
10:46:24	14.6	-0.01	20	29200	卖盘
10:46:21	14.61	0.01	21	30681	买盘
10:46:15	14.6	--	98	143080	卖盘
10:46:06	14.6	0.01	53	77380	买盘
10:46:03	14.59	--	43	62737	买盘
10:46:00	14.59	--	10	14590	买盘
10:45:57	14.59	-0.01	30	43770	卖盘
10:45:54	14.6	--	10	14600	买盘
10:45:42	14.6	--	8	11680	买盘
10:45:39	14.6	--	12	17520	卖盘
10:45:27	14.6	0.01	3	4380	买盘
10:45:24	14.59	-0.01	75	109425	卖盘
10:45:18	14.6	0.01	1	1460	买盘
10:45:15	14.59	0.01	65	94835	卖盘
10:45:06	14.58	-0.01	36	52488	卖盘
10:45:03	14.59	--	14	20426	买盘
10:45:00	14.59	--	94	137146	买盘
10:44:57	14.59	--	47	68573	买盘
10:44:54	14.59	--	3	4377	买盘
10:44:45	14.59	--	113	164867	买盘
10:44:42	14.59	--	10	14590	买盘
10:44:36	14.59	0.01	3	4377	买盘
10:44:33	14.58	--	10	14580	卖盘
10:44:24	14.58	-0.01	30	43740	卖盘
10:44:21	14.59	--	6	8754	买盘
10:44:12	14.59	0.01	5	7295	买盘
10:44:06	14.58	--	24	34992	卖盘
10:44:00	14.58	-0.01	5	7290	卖盘
10:43:57	14.59	--	10	14590	买盘
10:43:54	14.59	--	12	17508	买盘
10:43:51	14.59	0.01	1	1459	买盘
10:43:48	14.58	--	101	147258	卖盘
10:43:36	14.58	--	10	14580	卖盘
10:43:33	14.58	--	7	10206	卖盘
10:43:27	14.58	--	13	18954	卖盘
10:43:18	14.58	-0.01	7	10206	卖盘
10:43:12	14.59	--	6	8754	买盘
10:43:09	14.59	0.01	38	55442	买盘
10:43:03	14.58	--	48	69984	买盘
10:42:57	14.58	--	13	18954	买盘
10:42:48	14.58	-0.01	135	196830	卖盘
10:42:45	14.59	--	50	72950	买盘
10:42:39	14.59	--	1	1459	卖盘
10:42:36	14.59	-0.01	3	4377	卖盘
10:42:33	14.6	--	20	29200	买盘
10:42:27	14.6	--	5	7300	买盘
10:42:24	14.6	0.02	1	1460	买盘
10:42:21	14.58	--	2	2916	卖盘
10:42:18	14.58	--	20	29160	卖盘
10:42:12	14.58	-0.02	13	18954	卖盘
10:42:03	14.6	--	32	46720	买盘
10:42:00	14.6	0.01	6	8760	买盘
10:41:57	14.59	-0.01	40	58360	卖盘
10:41:54	14.6	--	26	37960	买盘
10:41:36	14.6	--	6	8760	买盘
10:41:27	14.6	--	65	94900	买盘
10:41:24	14.6	--	6	8760	买盘
10:41:18	14.6	--	16	23360	买盘
10:41:15	14.6	--	91	132860	卖盘
10:41:06	14.6	--	2	2920	卖盘
10:41:03	14.6	--	7	10220	中性盘
10:40:45	14.6	--	5	7300	买盘
10:40:36	14.6	0.01	1	1460	中性盘
10:40:21	14.59	--	4	5836	卖盘
10:40:18	14.59	-0.03	281	409979	卖盘
10:40:15	14.62	0.01	10	14620	买盘
10:40:00	14.61	0.01	60	87660	买盘
10:39:57	14.6	--	2	2920	买盘
10:39:51	14.6	0.01	20	29200	买盘
10:39:48	14.59	-0.01	18	26262	卖盘
10:39:45	14.6	--	20	29200	买盘
10:39:36	14.6	--	13	18980	买盘
10:39:33	14.6	--	21	30660	买盘
10:39:27	14.6	--	47	68620	卖盘
10:39:24	14.6	--	22	32120	卖盘
10:39:15	14.6	--	10	14600	卖盘
10:39:12	14.6	-0.01	9	13140	卖盘
10:39:09	14.61	0.01	10	14610	买盘
10:39:00	14.6	--	14	20440	卖盘
10:38:57	14.6	-0.01	64	93440	卖盘
10:38:48	14.61	-0.01	2	2922	买盘
10:38:39	14.62	--	77	112574	卖盘
10:38:36	14.62	--	58	84796	卖盘
10:38:33	14.62	--	4	5848	卖盘
10:38:30	14.62	--	8	11696	卖盘
10:38:27	14.62	--	53	77486	卖盘
10:38:15	14.62	-0.01	30	43860	卖盘
10:38:12	14.63	--	29	42427	买盘
10:38:09	14.63	0.01	15	21945	买盘
10:38:03	14.62	--	11	16082	卖盘
10:37:57	14.62	--	20	29240	卖盘
10:37:54	14.62	0.02	16	23392	买盘
10:37:51	14.6	--	7	10220	卖盘
10:37:45	14.6	--	2	2920	卖盘
10:37:39	14.6	0.01	39	56940	买盘
10:37:36	14.59	-0.01	7	10213	卖盘
10:37:33	14.6	0.02	8	11680	买盘
10:37:12	14.58	--	8	11664	买盘
10:37:09	14.58	--	17	24786	卖盘
10:37:06	14.58	--	50	72900	卖盘
10:37:03	14.58	--	81	118098	卖盘
10:36:57	14.58	-0.02	56	81648	卖盘
10:36:51	14.6	0.02	26	37960	买盘
10:36:48	14.58	-0.02	1	1458	卖盘
10:36:45	14.6	0.02	3	4380	买盘
10:36:39	14.58	--	10	14580	卖盘
10:36:36	14.58	-0.01	99	144342	卖盘
10:36:33	14.59	-0.01	25	36475	卖盘
10:36:30	14.6	0.03	181	264260	买盘
10:36:27	14.57	-0.02	82	119474	卖盘
10:36:24	14.59	--	6	8754	卖盘
10:36:18	14.59	0.01	10	14590	买盘
10:36:15	14.58	0.01	40	58320	中性盘
10:36:06	14.57	--	9	13113	买盘
10:36:03	14.57	--	29	42253	卖盘
10:36:00	14.57	--	9	13113	买盘
10:35:57	14.57	--	7	10199	买盘
10:35:54	14.57	--	99	144243	卖盘
10:35:51	14.57	--	10	14570	卖盘
10:35:48	14.57	--	128	186496	卖盘
10:35:45	14.57	--	36	52452	卖盘
10:35:39	14.57	--	20	29140	卖盘
10:35:36	14.57	0.01	23	33511	中性盘
10:35:30	14.56	-0.02	107	155792	卖盘
10:35:27	14.58	0.01	37	53946	买盘
10:35:21	14.57	-0.01	32	46624	卖盘
10:35:18	14.58	-0.01	20	29160	卖盘
10:35:15	14.59	0.01	20	29180	卖盘
10:35:12	14.58	0.01	5	7290	买盘
10:35:09	14.57	-0.01	111	161727	卖盘
10:35:06	14.58	-0.04	5	7290	卖盘
10:35:03	14.62	--	10	14620	买盘
10:35:00	14.62	0.04	5	7310	买盘
10:34:57	14.58	-0.05	683	995814	卖盘
10:34:51	14.63	--	10	14630	买盘
10:34:45	14.63	--	7	10241	买盘
10:34:42	14.63	--	226	331896	卖盘
10:34:39	14.63	-0.01	5	7315	卖盘
10:34:36	14.64	0.01	6	8784	买盘
10:34:33	14.63	--	1	1463	卖盘
10:34:27	14.63	--	48	70224	卖盘
10:34:24	14.63	--	62	90706	卖盘
10:34:18	14.63	-0.01	309	452067	卖盘
10:34:15	14.64	0.01	50	73200	买盘
10:34:06	14.63	--	9	13167	卖盘
10:34:03	14.63	--	23	33649	卖盘
10:34:00	14.63	-0.01	1	1463	卖盘
10:33:54	14.64	0.01	27	39528	买盘
10:33:48	14.63	-0.01	1	1463	卖盘
10:33:36	14.64	--	55	80520	卖盘
10:33:33	14.64	--	15	21960	卖盘
10:33:30	14.64	--	82	120048	卖盘
10:33:27	14.64	-0.01	1	1464	卖盘
10:33:21	14.65	0.01	5	7325	买盘
10:33:18	14.64	-0.01	1	1464	卖盘
10:33:15	14.65	--	26	38090	卖盘
10:33:12	14.65	--	27	39555	卖盘
10:33:09	14.65	--	9	13185	卖盘
10:33:06	14.65	--	26	38090	卖盘
10:33:03	14.65	--	24	35160	卖盘
10:33:00	14.65	--	4	5860	卖盘
10:32:51	14.65	--	29	42485	卖盘
10:32:48	14.65	--	20	29300	卖盘
10:32:45	14.65	-0.01	28	41020	卖盘
10:32:42	14.66	0.01	7	10262	买盘
10:32:33	14.65	-0.01	5	7325	卖盘
10:32:30	14.66	--	10	14660	买盘
10:32:24	14.66	--	16	23456	买盘
10:32:18	14.66	--	50	73300	买盘
10:32:12	14.66	0.01	14	20524	买盘
10:32:09	14.65	--	3	4395	卖盘
10:32:06	14.65	-0.01	29	42485	卖盘
10:32:00	14.66	--	3	4398	买盘
10:31:57	14.66	0.01	15	21990	买盘
10:31:45	14.65	-0.01	31	45415	卖盘
10:31:42	14.66	--	20	29320	买盘
10:31:36	14.66	--	22	32252	买盘
10:31:30	14.66	--	10	14660	买盘
10:31:24	14.66	0.01	54	79164	买盘
10:31:21	14.65	-0.01	4	5860	卖盘
10:31:18	14.66	--	20	29320	买盘
10:30:54	14.66	--	186	272676	卖盘
10:30:51	14.66	--	178	260948	卖盘
10:30:42	14.66	0.02	150	219900	买盘
10:30:33	14.64	-0.01	50	73200	卖盘
10:30:27	14.65	0.01	10	14650	买盘
10:30:06	14.64	--	15	21960	买盘
10:30:00	14.64	--	10	14640	买盘
10:29:54	14.64	-0.01	139	203496	卖盘
10:29:51	14.65	0.01	1	1465	买盘
10:29:48	14.64	-0.01	22	32208	卖盘
10:29:45	14.65	--	5	7325	买盘
10:29:36	14.65	--	100	146500	买盘
10:29:24	14.65	--	17	24905	买盘
10:29:18	14.65	--	10	14650	买盘
10:29:15	14.65	--	40	58600	买盘
10:29:12	14.65	--	5	7325	买盘
10:29:09	14.65	--	7	10255	买盘
10:29:06	14.65	--	59	86435	买盘
10:29:00	14.65	--	26	38090	买盘
10:28:54	14.65	--	114	167010	买盘
10:28:51	14.65	--	66	96690	买盘
10:28:48	14.65	--	8	11720	买盘
10:28:45	14.65	--	2	2930	买盘
10:28:42	14.65	--	11	16115	买盘
10:28:39	14.65	--	30	43950	买盘
10:28:33	14.65	--	133	194845	卖盘
10:28:30	14.65	--	10	14650	中性盘
10:28:21	14.65	--	1173	1718650	买盘
10:28:18	14.65	--	7	10255	买盘
10:28:15	14.65	--	16	23440	买盘
10:28:12	14.65	--	60	87900	买盘
10:28:09	14.65	0.01	73	106945	买盘
10:28:06	14.64	-0.01	26	38064	卖盘
10:28:00	14.65	--	43	62995	买盘
10:27:57	14.65	-0.01	141	206565	卖盘
10:27:54	14.66	--	134	196444	卖盘
10:27:51	14.66	--	10	14660	卖盘
10:27:39	14.66	-0.01	3	4398	卖盘
10:27:33	14.67	0.01	15	22005	买盘
10:27:27	14.66	--	44	64504	卖盘
10:27:24	14.66	--	1	1466	卖盘
10:27:18	14.66	--	1	1466	卖盘
10:27:15	14.66	--	54	79164	买盘
10:27:12	14.66	0.01	5	7330	买盘
10:27:06	14.65	--	1	1465	卖盘
10:27:00	14.65	--	9	13185	买盘
10:26:57	14.65	--	100	146500	买盘
10:26:51	14.65	0.01	41	60065	买盘
10:26:48	14.64	-0.01	18	26352	卖盘
10:26:45	14.65	--	80	117200	买盘
10:26:42	14.65	--	7	10255	买盘
10:26:36	14.65	-0.01	85	124525	卖盘
10:26:33	14.66	-0.01	41	60106	卖盘
10:26:30	14.67	--	20	29340	买盘
10:26:27	14.67	0.01	137	200979	买盘
10:26:24	14.66	--	8	11728	买盘
10:26:21	14.66	--	2	2932	卖盘
10:26:18	14.66	--	3	4398	买盘
10:26:15	14.66	0.01	14	20524	买盘
10:26:12	14.65	-0.02	401	587465	卖盘
10:26:03	14.67	0.01	30	44010	买盘
10:25:42	14.66	--	12	17592	卖盘
10:25:39	14.66	-0.01	14	20524	卖盘
10:25:36	14.67	0.01	5	7335	买盘
10:25:15	14.66	--	1	1466	卖盘
10:25:09	14.66	--	66	96756	买盘
10:25:00	14.66	--	3	4398	买盘
10:24:57	14.66	--	38	55708	卖盘
10:24:54	14.66	--	3	4398	卖盘
10:24:48	14.66	--	10	14660	买盘
10:24:45	14.66	--	90	131940	卖盘
10:24:36	14.66	--	100	146600	卖盘
10:24:30	14.66	--	42	61572	买盘
10:24:24	14.66	0.01	5	7330	买盘
10:24:15	14.65	--	7	10255	卖盘
10:24:09	14.65	-0.01	24	35160	卖盘
10:24:06	14.66	0.01	2	2932	买盘
10:24:03	14.65	--	10	14650	卖盘
10:23:57	14.65	-0.01	9	13185	卖盘
10:23:54	14.66	--	50	73300	买盘
10:23:48	14.66	0.02	6	8796	买盘
10:23:45	14.64	-0.02	10	14640	卖盘
10:23:42	14.66	0.02	2	2932	买盘
10:23:39	14.64	-0.02	2	2928	卖盘
10:23:36	14.66	0.01	25	36650	买盘
10:23:33	14.65	-0.01	28	41020	卖盘
10:23:30	14.66	0.01	3	4398	买盘
10:23:27	14.65	--	5	7325	卖盘
10:23:18	14.65	--	10	14650	卖盘
10:23:15	14.65	--	17	24905	买盘
10:23:12	14.65	0.01	10	14650	买盘
10:23:09	14.64	0.01	14	20496	卖盘
10:23:06	14.63	-0.02	10	14630	卖盘
10:23:03	14.65	0.02	28	41020	买盘
10:22:57	14.63	-0.02	13	19019	卖盘
10:22:51	14.65	--	5	7325	买盘
10:22:48	14.65	0.02	34	49810	买盘
10:22:45	14.63	--	98	143374	买盘
10:22:42	14.63	--	10	14630	买盘
10:22:39	14.63	-0.02	78	114114	卖盘
10:22:36	14.65	-0.01	175	256375	卖盘
10:22:30	14.66	0.01	45	65970	买盘
10:22:24	14.65	-0.01	10	14650	卖盘
10:22:18	14.66	--	37	54242	卖盘
10:22:15	14.66	--	5	7330	卖盘
10:22:09	14.66	-0.01	20	29320	卖盘
10:22:06	14.67	--	11	16137	买盘
10:22:00	14.67	-0.01	169	247923	卖盘
10:21:57	14.68	-0.01	289	424252	卖盘
10:21:54	14.69	0.01	53	77857	买盘
10:21:51	14.68	-0.01	19	27892	卖盘
10:21:48	14.69	--	2	2938	买盘
10:21:36	14.69	0.01	30	44070	买盘
10:21:33	14.68	--	10	14680	买盘
10:21:30	14.68	--	110	161480	卖盘
10:21:24	14.68	--	5	7340	卖盘
10:21:21	14.68	--	27	39636	买盘
10:21:18	14.68	--	174	255432	买盘
10:21:15	14.68	0.01	12	17616	买盘
10:21:06	14.67	--	5	7335	卖盘
10:21:00	14.67	--	17	24939	卖盘
10:20:57	14.67	0.02	241	353547	买盘
10:20:51	14.65	-0.01	152	222680	卖盘
10:20:48	14.66	--	11	16126	卖盘
10:20:45	14.66	0.01	33	48378	买盘
10:20:42	14.65	-0.01	145	212425	卖盘
10:20:39	14.66	--	41	60106	买盘
10:20:36	14.66	--	68	99688	买盘
10:20:33	14.66	0.01	18	26388	买盘
10:20:30	14.65	-0.01	330	483450	卖盘
10:20:27	14.66	--	10	14660	买盘
10:20:24	14.66	0.01	8	11728	买盘
10:20:21	14.65	-0.01	7	10255	卖盘
10:20:15	14.66	0.01	10	14660	买盘
10:20:09	14.65	--	29	42485	卖盘
10:20:06	14.65	--	20	29300	卖盘
10:20:03	14.65	--	18	26370	卖盘
10:20:00	14.65	--	141	206565	买盘
10:19:57	14.65	--	5	7325	买盘
10:19:54	14.65	0.02	13	19045	买盘
10:19:51	14.63	--	19	27797	买盘
10:19:48	14.63	-0.01	109	159467	卖盘
10:19:42	14.64	--	5	7320	卖盘
10:19:39	14.64	--	5	7320	卖盘
10:19:36	14.64	--	69	101016	卖盘
10:19:33	14.64	0.02	10	14640	中性盘
10:19:30	14.62	-0.02	100	146200	卖盘
10:19:27	14.64	0.02	11	16104	买盘
10:19:18	14.62	-0.02	30	43860	卖盘
10:19:15	14.64	0.03	5	7320	买盘
10:19:09	14.61	-0.03	45	65745	卖盘
10:19:06	14.64	--	11	16104	买盘
10:18:54	14.64	0.03	5	7320	买盘
10:18:51	14.61	-0.03	22	32142	卖盘
10:18:48	14.64	0.04	2	2928	买盘
10:18:42	14.6	--	133	194180	买盘
10:18:39	14.6	--	34	49640	买盘
10:18:36	14.6	--	9	13140	买盘
10:18:33	14.6	-0.04	832	1214720	卖盘
10:18:30	14.64	--	23	33672	卖盘
10:18:21	14.64	-0.03	15	21960	卖盘
10:18:18	14.67	0.03	2	2934	买盘
10:18:15	14.64	--	15	21960	卖盘
10:18:12	14.64	-0.03	10	14640	卖盘
10:18:09	14.67	--	8	11736	买盘
10:18:03	14.67	0.02	21	30807	买盘
10:18:00	14.65	-0.03	649	950785	卖盘
10:17:54	14.68	--	11	16148	卖盘
10:17:48	14.68	-0.02	81	118908	卖盘
10:17:45	14.7	--	4	5880	买盘
10:17:42	14.7	0.01	2	2940	买盘
10:17:39	14.69	-0.01	65	95485	卖盘
10:17:33	14.7	--	10	14700	买盘
10:17:27	14.7	--	247	363090	卖盘
10:17:24	14.7	--	16	23520	卖盘
10:17:21	14.7	-0.01	1	1470	卖盘
10:17:18	14.71	--	28	41188	买盘
10:17:12	14.71	-0.02	56	82376	卖盘
10:17:09	14.73	0.02	3	4419	买盘
10:17:06	14.71	-0.02	20	29420	卖盘
10:17:03	14.73	--	19	27987	买盘
10:17:00	14.73	--	10	14730	买盘
10:16:57	14.73	--	9	13257	买盘
10:16:54	14.73	-0.02	133	195909	卖盘
10:16:51	14.75	0.02	70	103250	买盘
10:16:39	14.73	--	20	29460	卖盘
10:16:30	14.73	0.03	20	29460	卖盘
10:16:24	14.7	-0.05	500	735000	卖盘
10:16:21	14.75	0.03	58	85550	买盘
10:16:15	14.72	--	31	45632	卖盘
10:16:12	14.72	0.01	23	33856	中性盘
10:16:09	14.71	--	300	441300	卖盘
10:16:06	14.71	-0.02	1	1471	卖盘
10:16:00	14.73	0.02	4	5892	买盘
10:15:54	14.71	-0.02	219	322149	卖盘
10:15:51	14.73	--	16	23568	买盘
10:15:45	14.73	-0.02	52	76596	中性盘
10:15:42	14.75	--	13	19175	买盘
10:15:39	14.75	0.02	50	73750	买盘
10:15:36	14.73	-0.02	21	30933	卖盘
10:15:33	14.75	--	35	51625	买盘
10:15:27	14.75	0.02	5	7375	买盘
10:15:24	14.73	--	11	16203	卖盘
10:15:15	14.73	-0.02	11	16203	卖盘
10:15:12	14.75	--	15	22125	买盘
10:15:09	14.75	--	6	8850	买盘
10:14:57	14.75	0.02	254	374650	买盘
10:14:51	14.73	--	10	14730	买盘
10:14:45	14.73	0.01	1	1473	买盘
10:14:42	14.72	-0.02	50	73600	卖盘
10:14:36	14.74	--	3	4422	卖盘
10:14:33	14.74	--	8	11792	买盘
10:14:30	14.74	--	7	10318	卖盘
10:14:24	14.74	0.02	18	26532	买盘
10:14:18	14.72	-0.03	20	29440	卖盘
10:14:06	14.75	0.01	30	44250	买盘
10:14:03	14.74	-0.01	2	2948	卖盘
10:14:00	14.75	0.01	5	7375	买盘
10:13:57	14.74	-0.01	18	26532	卖盘
10:13:54	14.75	0.04	54	79650	买盘
10:13:51	14.71	-0.04	400	588400	卖盘
10:13:45	14.75	--	109	160775	买盘
10:13:42	14.75	--	15	22125	买盘
10:13:39	14.75	--	10	14750	买盘
10:13:33	14.75	--	20	29500	买盘
10:13:30	14.75	--	18	26550	买盘
10:13:27	14.75	--	100	147500	买盘
10:13:24	14.75	--	41	60475	买盘
10:13:21	14.75	-0.03	109	160775	卖盘
10:13:06	14.78	-0.01	22	32516	买盘
10:13:00	14.79	0.04	136	201144	买盘
10:12:57	14.75	--	5	7375	买盘
10:12:54	14.75	--	10	14750	买盘
10:12:51	14.75	-0.03	217	320075	卖盘
10:12:48	14.78	--	100	147800	卖盘
10:12:39	14.78	--	10	14780	卖盘
10:12:30	14.78	0.01	49	72422	买盘
10:12:27	14.77	0.01	26	38402	卖盘
10:12:24	14.76	--	26	38376	卖盘
10:12:21	14.76	--	60	88560	卖盘
10:12:18	14.76	-0.03	11	16236	卖盘
10:12:12	14.79	0.02	65	96135	买盘
10:12:06	14.77	-0.01	5	7385	买盘
10:11:48	14.78	--	16	23648	买盘
10:11:39	14.78	0.01	35	51730	中性盘
10:11:36	14.77	--	17	25109	卖盘
10:11:30	14.77	-0.01	36	53172	卖盘
10:11:24	14.78	--	20	29560	买盘
10:11:21	14.78	--	65	96070	买盘
10:11:18	14.78	--	4	5912	买盘
10:11:15	14.78	--	100	147800	卖盘
10:11:12	14.78	--	5	7390	卖盘
10:11:09	14.78	--	33	48774	卖盘
10:11:03	14.78	--	51	75378	卖盘
10:10:54	14.78	--	185	273430	卖盘
10:10:51	14.78	-0.01	20	29560	卖盘
10:10:48	14.79	--	3	4437	买盘
10:10:45	14.79	0.01	66	97614	买盘
10:10:42	14.78	--	20	29560	卖盘
10:10:39	14.78	-0.01	26	38428	卖盘
10:10:36	14.79	--	136	201144	买盘
10:10:33	14.79	--	8	11832	买盘
10:10:30	14.79	--	185	273615	卖盘
10:10:27	14.79	-0.01	14	20706	卖盘
10:10:21	14.8	0.01	5	7400	买盘
10:10:18	14.79	--	20	29580	卖盘
10:10:15	14.79	0.02	253	374187	买盘
10:10:12	14.77	--	15	22155	卖盘
10:10:09	14.77	--	52	76804	买盘
10:10:03	14.77	-0.01	7	10339	卖盘
10:10:00	14.78	0.01	1	1478	买盘
10:09:57	14.77	-0.01	30	44310	卖盘
10:09:54	14.78	-0.01	44	65032	卖盘
10:09:51	14.79	0.01	15	22185	买盘
10:09:48	14.78	0.01	26	38428	买盘
10:09:45	14.77	0.01	93	137361	买盘
10:09:39	14.76	-0.01	6	8856	卖盘
10:09:36	14.77	-0.02	7	10339	中性盘
10:09:33	14.79	0.02	29	42891	买盘
10:09:30	14.77	--	11	16247	卖盘
10:09:27	14.77	-0.02	79	116683	卖盘
10:09:21	14.79	--	27	39933	买盘
10:09:18	14.79	--	24	35496	买盘
10:09:15	14.79	-0.01	14	20706	卖盘
10:09:12	14.8	--	110	162800	买盘
10:09:09	14.8	--	16	23680	买盘
10:09:06	14.8	--	122	180560	买盘
10:09:03	14.8	-0.03	477	705960	卖盘
10:09:00	14.83	--	56	83048	买盘
10:08:57	14.83	--	30	44490	买盘
10:08:54	14.83	0.02	30	44490	买盘
10:08:51	14.81	-0.02	384	568704	卖盘
10:08:48	14.83	--	22	32626	买盘
10:08:45	14.83	-0.04	107	158681	卖盘
10:08:42	14.87	0.02	18	26766	买盘
10:08:39	14.85	0.01	6	8910	买盘
10:08:36	14.84	--	9	13356	买盘
10:08:33	14.84	--	12	17808	卖盘
10:08:30	14.84	-0.02	45	66780	卖盘
10:08:27	14.86	0.02	56	83216	买盘
10:08:24	14.84	--	99	146916	买盘
10:08:21	14.84	--	44	65296	买盘
10:08:18	14.84	--	4	5936	买盘
10:08:15	14.84	0.03	51	75684	买盘
10:08:12	14.81	-0.03	59	87379	卖盘
10:08:09	14.84	0.03	33	48972	买盘
10:08:06	14.81	-0.03	8	11848	卖盘
10:08:03	14.84	0.03	2	2968	买盘
10:07:57	14.81	-0.06	201	297681	卖盘
10:07:54	14.87	0.01	106	157622	买盘
10:07:51	14.86	-0.01	91	135226	卖盘
10:07:48	14.87	--	55	81785	买盘
10:07:45	14.87	0.01	40	59480	买盘
10:07:42	14.86	-0.01	187	277882	卖盘
10:07:39	14.87	0.01	18	26766	买盘
10:07:36	14.86	-0.01	76	112936	卖盘
10:07:33	14.87	--	38	56506	买盘
10:07:30	14.87	--	64	95168	买盘
10:07:27	14.87	--	205	304835	卖盘
10:07:24	14.87	-0.01	125	185875	卖盘
10:07:21	14.88	0.01	410	610080	买盘
10:07:18	14.87	--	164	243868	卖盘
10:07:15	14.87	--	69	102603	卖盘
10:07:12	14.87	--	46	68402	卖盘
10:07:09	14.87	0.01	73	108551	买盘
10:07:06	14.86	0.02	12	17832	中性盘
10:07:03	14.84	-0.03	146	216664	卖盘
10:07:00	14.87	0.01	275	408925	买盘
10:06:57	14.86	--	209	310574	卖盘
10:06:54	14.86	--	183	271938	卖盘
10:06:51	14.86	0.01	332	493352	买盘
10:06:48	14.85	0.01	65	96525	中性盘
10:06:45	14.84	-0.01	278	412552	卖盘
10:06:42	14.85	--	103	152955	买盘
10:06:39	14.85	0.01	135	200475	买盘
10:06:36	14.84	0.01	57	84588	买盘
10:06:33	14.83	--	14	20762	卖盘
10:06:30	14.83	0.01	72	106776	买盘
10:06:27	14.82	-0.01	2	2964	卖盘
10:06:24	14.83	0.01	36	53388	买盘
10:06:21	14.82	0.02	96	142272	买盘
10:06:18	14.8	0.01	162	239760	买盘
10:06:12	14.79	--	90	133110	买盘
10:06:06	14.79	0.01	44	65075	买盘
10:06:03	14.78	--	146	215788	买盘
10:06:00	14.78	0.02	22	32516	买盘
10:05:54	14.76	0.01	87	128412	中性盘
10:05:51	14.75	-0.01	42	61950	卖盘
10:05:48	14.76	--	29	42804	买盘
10:05:45	14.76	0.03	2	2952	买盘
10:05:42	14.73	-0.02	41	60393	卖盘
10:05:36	14.75	0.03	67	98825	买盘
10:05:30	14.72	--	70	103040	卖盘
10:05:27	14.72	--	9	13248	买盘
10:05:24	14.72	--	15	22080	买盘
10:05:21	14.72	0.01	130	191360	买盘
10:05:18	14.71	-0.01	30	44130	卖盘
10:05:15	14.72	0.01	20	29440	买盘
10:05:12	14.71	0.01	10	14710	买盘
10:05:09	14.7	-0.01	115	169050	卖盘
10:05:06	14.71	--	79	116209	买盘
10:05:03	14.71	--	1	1471	买盘
10:05:00	14.71	0.01	5	7355	买盘
10:04:54	14.7	--	11	16170	买盘
10:04:51	14.7	--	32	47040	买盘
10:04:48	14.7	0.01	251	368970	买盘
10:04:45	14.69	--	6	8814	买盘
10:04:42	14.69	-0.01	117	171873	卖盘
10:04:39	14.7	0.01	5	7350	买盘
10:04:36	14.69	--	36	52884	卖盘
10:04:33	14.69	--	4	5876	卖盘
10:04:30	14.69	-0.01	11	16159	卖盘
10:04:24	14.7	0.01	129	189630	买盘
10:04:21	14.69	--	22	32318	买盘
10:04:18	14.69	0.01	25	36725	买盘
10:04:12	14.68	-0.01	29	42572	卖盘
10:04:09	14.69	0.01	15	22035	买盘
10:04:03	14.68	--	1	1468	卖盘
10:03:57	14.68	--	46	67528	卖盘
10:03:51	14.68	0.01	116	170288	买盘
10:03:42	14.67	--	3	4401	卖盘
10:03:39	14.67	--	19	27873	买盘
10:03:36	14.67	--	4	5868	买盘
10:03:33	14.67	-0.01	77	112959	卖盘
10:03:18	14.68	-0.01	48	70464	卖盘
10:03:15	14.69	--	30	44070	买盘
10:03:09	14.69	0.03	80	117520	买盘
10:02:57	14.66	-0.01	44	64504	卖盘
10:02:54	14.67	-0.01	159	233253	卖盘
10:02:51	14.68	--	3	4404	买盘
10:02:42	14.68	--	5	7340	买盘
10:02:39	14.68	0.02	10	14680	买盘
10:02:33	14.66	-0.02	37	54242	卖盘
10:02:30	14.68	0.02	61	89548	买盘
10:02:27	14.66	-0.02	10	14660	卖盘
10:02:24	14.68	0.02	13	19084	买盘
10:02:18	14.66	--	17	24922	卖盘
10:02:12	14.66	-0.02	20	29320	卖盘
10:02:06	14.68	-0.01	7	10276	中性盘
10:02:00	14.69	0.04	6	8814	买盘
10:01:57	14.65	--	22	32230	买盘
10:01:54	14.65	--	5	7325	买盘
10:01:51	14.65	-0.01	73	106945	卖盘
10:01:48	14.66	--	7	10262	买盘
10:01:45	14.66	--	13	19058	卖盘
10:01:33	14.66	-0.03	2	2932	卖盘
10:01:27	14.69	--	16	23504	买盘
10:01:24	14.69	-0.01	2	2938	中性盘
10:01:18	14.7	0.04	9	13230	买盘
10:01:09	14.66	-0.04	12	17592	卖盘
10:01:06	14.7	--	71	104370	卖盘
10:01:03	14.7	--	20	29400	卖盘
10:00:57	14.7	--	10	14700	卖盘
10:00:54	14.7	0.03	264	388080	买盘
10:00:48	14.67	-0.03	320	469440	卖盘
10:00:45	14.7	0.01	4	5880	买盘
10:00:42	14.69	-0.01	4	5876	卖盘
10:00:39	14.7	0.01	62	91140	买盘
10:00:36	14.69	-0.01	23	33787	卖盘
10:00:33	14.7	--	43	63210	买盘
10:00:30	14.7	--	23	33810	买盘
10:00:27	14.7	--	18	26460	买盘
10:00:24	14.7	--	58	85260	买盘
10:00:21	14.7	--	73	107310	买盘
10:00:18	14.7	0.01	50	73500	买盘
10:00:15	14.69	--	20	29380	卖盘
10:00:12	14.69	--	120	176280	卖盘
10:00:09	14.69	--	1	1469	卖盘
10:00:06	14.69	0.02	68	99892	买盘
10:00:03	14.67	-0.02	6	8802	卖盘
10:00:00	14.69	0.02	97	142493	买盘
09:59:57	14.67	--	104	152568	卖盘
09:59:54	14.67	-0.01	1	1467	卖盘
09:59:51	14.68	0.01	107	157076	买盘
09:59:48	14.67	--	15	22005	卖盘
09:59:42	14.67	-0.01	171	250857	中性盘
09:59:39	14.68	0.01	116	170288	买盘
09:59:36	14.67	--	10	14670	卖盘
09:59:33	14.67	--	56	82152	卖盘
09:59:30	14.67	-0.01	7	10269	卖盘
09:59:27	14.68	--	66	96888	买盘
09:59:24	14.68	--	10	14680	买盘
09:59:18	14.68	--	23	33764	卖盘
09:59:15	14.68	--	10	14680	卖盘
09:59:12	14.68	--	30	44040	卖盘
09:59:06	14.68	--	2	2936	卖盘
09:59:03	14.68	--	7	10276	买盘
09:59:00	14.68	--	34	49912	买盘
09:58:57	14.68	--	15	22020	买盘
09:58:51	14.68	0.01	79	115972	买盘
09:58:48	14.67	--	9	13203	买盘
09:58:45	14.67	0.01	12	17604	中性盘
09:58:33	14.66	-0.02	6	8796	卖盘
09:58:30	14.68	0.01	188	275984	买盘
09:58:27	14.67	0.01	32	46944	买盘
09:58:24	14.66	--	5	7330	卖盘
09:58:21	14.66	--	5	7330	卖盘
09:58:15	14.66	--	795	1165470	买盘
09:58:09	14.66	0.01	4	5864	买盘
09:58:06	14.65	--	25	36625	卖盘
09:58:00	14.65	--	85	124525	买盘
09:57:54	14.65	0.01	16	23440	买盘
09:57:42	14.64	-0.01	8	11712	卖盘
09:57:39	14.65	0.02	1	1465	买盘
09:57:36	14.63	-0.02	40	58520	卖盘
09:57:33	14.65	--	1	1465	买盘
09:57:27	14.65	0.01	5	7325	买盘
09:57:21	14.64	--	38	55632	卖盘
09:57:12	14.64	--	24	35136	卖盘
09:57:09	14.64	0.01	59	86376	买盘
09:57:06	14.63	--	5	7315	买盘
09:56:57	14.63	--	13	19019	卖盘
09:56:54	14.63	--	3	4389	卖盘
09:56:51	14.63	0.01	16	23408	卖盘
09:56:48	14.62	-0.01	27	39474	卖盘
09:56:39	14.63	--	23	33649	买盘
09:56:33	14.63	0.01	10	14630	买盘
09:56:30	14.62	--	11	16082	买盘
09:56:27	14.62	--	27	39474	买盘
09:56:24	14.62	--	35	51170	买盘
09:56:09	14.62	--	107	156434	买盘
09:56:03	14.62	-0.01	54	78948	卖盘
09:55:57	14.63	--	5	7315	卖盘
09:55:54	14.63	--	18	26334	卖盘
09:55:51	14.63	0.01	6	8778	买盘
09:55:42	14.62	0.01	20	29240	买盘
09:55:33	14.61	-0.02	7	10227	卖盘
09:55:24	14.63	0.02	24	35112	中性盘
09:55:18	14.61	-0.04	205	299505	卖盘
09:55:15	14.65	-0.01	10	14650	中性盘
09:55:06	14.66	--	1	1466	买盘
09:55:03	14.66	--	15	21990	买盘
09:54:57	14.66	--	172	252152	买盘
09:54:54	14.66	0.01	145	212570	买盘
09:54:51	14.65	--	44	64460	卖盘
09:54:48	14.65	--	7	10255	卖盘
09:54:45	14.65	0.01	90	131850	买盘
09:54:39	14.64	--	11	16104	卖盘
09:54:36	14.64	--	5	7320	卖盘
09:54:33	14.64	--	4	5856	卖盘
09:54:27	14.64	--	6	8784	卖盘
09:54:21	14.64	-0.01	1	1464	卖盘
09:54:15	14.65	0.04	39	57135	买盘
09:54:12	14.61	--	22	32142	卖盘
09:54:06	14.61	--	11	16071	卖盘
09:53:51	14.61	0.01	146	213306	买盘
09:53:48	14.6	-0.01	15	21900	卖盘
09:53:45	14.61	--	3	4383	买盘
09:53:42	14.61	0.01	41	59901	买盘
09:53:36	14.6	--	5	7300	卖盘
09:53:33	14.6	--	41	59860	卖盘
09:53:30	14.6	0.01	38	55480	买盘
09:53:27	14.59	--	12	17508	卖盘
09:53:21	14.59	0.01	8	11672	买盘
09:53:18	14.58	-0.01	3	4374	卖盘
09:53:15	14.59	--	20	29180	买盘
09:53:09	14.59	0.01	25	36475	买盘
09:53:06	14.58	0.01	29	42282	中性盘
09:52:54	14.57	-0.02	110	160270	卖盘
09:52:51	14.59	0.01	291	424569	买盘
09:52:48	14.58	--	3	4374	买盘
09:52:45	14.58	--	5	7290	买盘
09:52:42	14.58	--	20	29160	买盘
09:52:39	14.58	-0.01	2	2916	中性盘
09:52:36	14.59	0.02	4	5836	买盘
09:52:33	14.57	-0.01	153	222921	卖盘
09:52:30	14.58	-0.01	3	4374	卖盘
09:52:27	14.59	--	10	14590	买盘
09:52:21	14.59	-0.01	15	21885	卖盘
09:52:18	14.6	0.02	8	11680	卖盘
09:52:15	14.58	-0.02	130	189540	卖盘
09:52:12	14.6	--	3	4380	卖盘
09:52:09	14.6	--	7	10220	卖盘
09:52:06	14.6	--	4	5840	卖盘
09:52:00	14.6	--	5	7300	卖盘
09:51:57	14.6	-0.01	3	4380	卖盘
09:51:51	14.61	--	182	265902	卖盘
09:51:48	14.61	--	27	39447	卖盘
09:51:42	14.61	--	2	2922	卖盘
09:51:39	14.61	--	11	16071	卖盘
09:51:33	14.61	--	82	119802	买盘
09:51:27	14.61	0.01	94	137334	买盘
09:51:24	14.6	--	30	43800	卖盘
09:51:21	14.6	--	20	29200	卖盘
09:51:18	14.6	-0.01	31	45260	卖盘
09:51:15	14.61	0.01	5	7305	买盘
09:51:12	14.6	-0.01	7	10220	卖盘
09:51:09	14.61	--	6	8766	买盘
09:51:06	14.61	--	22	32142	卖盘
09:51:03	14.61	-0.02	5	7305	卖盘
09:50:57	14.63	0.02	10	14630	买盘
09:50:54	14.61	--	1	1461	卖盘
09:50:45	14.61	--	5	7305	卖盘
09:50:42	14.61	--	5	7305	卖盘
09:50:36	14.61	-0.03	15	21915	中性盘
09:50:33	14.64	0.04	3	4392	买盘
09:50:30	14.6	-0.04	105	153300	卖盘
09:50:21	14.64	--	1	1464	买盘
09:50:18	14.64	--	70	102480	卖盘
09:50:15	14.64	-0.01	30	43920	卖盘
09:50:12	14.65	--	15	21975	买盘
09:50:09	14.65	--	10	14650	买盘
09:50:06	14.65	-0.02	335	490775	卖盘
09:50:03	14.67	0.01	93	136431	买盘
09:50:00	14.66	--	11	16126	卖盘
09:49:57	14.66	-0.02	1	1466	卖盘
09:49:54	14.68	0.02	5	7340	买盘
09:49:51	14.66	-0.01	67	98222	卖盘
09:49:42	14.67	0.01	75	110025	买盘
09:49:36	14.66	-0.01	9	13194	卖盘
09:49:27	14.67	--	157	230319	卖盘
09:49:24	14.67	-0.01	7	10269	卖盘
09:49:21	14.68	--	4	5872	买盘
09:49:18	14.68	--	83	121844	买盘
09:49:15	14.68	--	94	137992	买盘
09:49:12	14.68	--	8	11744	卖盘
09:49:09	14.68	-0.01	4	5872	卖盘
09:49:06	14.69	0.01	13	19097	买盘
09:49:03	14.68	-0.01	30	44040	卖盘
09:49:00	14.69	--	2	2938	买盘
09:48:57	14.69	0.01	4	5876	卖盘
09:48:54	14.68	--	50	73400	卖盘
09:48:51	14.68	-0.01	6	8808	卖盘
09:48:42	14.69	0.01	20	29380	买盘
09:48:39	14.68	0.01	10	14680	卖盘
09:48:36	14.67	-0.01	60	88020	卖盘
09:48:33	14.68	--	14	20552	买盘
09:48:30	14.68	--	10	14680	卖盘
09:48:27	14.68	0.01	108	158544	买盘
09:48:21	14.67	--	10	14670	卖盘
09:48:18	14.67	-0.01	61	89487	卖盘
09:48:15	14.68	--	62	91016	买盘
09:48:12	14.68	--	1	1468	买盘
09:48:09	14.68	0.01	10	14680	买盘
09:48:06	14.67	--	40	58680	卖盘
09:48:00	14.67	--	21	30807	卖盘
09:47:57	14.67	--	20	29340	卖盘
09:47:54	14.67	--	3	4401	卖盘
09:47:51	14.67	--	9	13203	卖盘
09:47:48	14.67	--	20	29340	卖盘
09:47:39	14.67	-0.01	2	2934	卖盘
09:47:36	14.68	0.02	38	55784	买盘
09:47:33	14.66	-0.01	3	4398	卖盘
09:47:30	14.67	--	4	5868	卖盘
09:47:27	14.67	0.01	20	29340	买盘
09:47:24	14.66	-0.01	78	114348	卖盘
09:47:21	14.67	0.01	15	22005	买盘
09:47:18	14.66	-0.01	12	17592	卖盘
09:47:15	14.67	--	80	117360	买盘
09:47:12	14.67	0.01	5	7335	买盘
09:47:09	14.66	-0.01	203	297598	卖盘
09:47:03	14.67	0.01	12	17604	买盘
09:46:57	14.66	-0.01	31	45446	卖盘
09:46:48	14.67	--	3	4401	买盘
09:46:45	14.67	0.01	40	58680	买盘
09:46:42	14.66	--	2	2932	买盘
09:46:36	14.66	-0.01	116	170056	卖盘
09:46:33	14.67	0.01	18	26406	中性盘
09:46:21	14.66	-0.02	11	16126	卖盘
09:46:18	14.68	0.02	60	88080	买盘
09:46:15	14.66	-0.02	1	1466	卖盘
09:46:06	14.68	0.02	34	49912	买盘
09:46:03	14.66	-0.02	43	63038	卖盘
09:45:57	14.68	-0.01	52	76336	卖盘
09:45:54	14.69	0.03	15	22035	买盘
09:45:51	14.66	-0.02	144	211104	卖盘
09:45:48	14.68	--	113	165884	卖盘
09:45:45	14.68	-0.02	35	51380	卖盘
09:45:42	14.7	0.01	56	82320	买盘
09:45:36	14.69	--	15	22035	买盘
09:45:33	14.69	--	107	157183	卖盘
09:45:30	14.69	--	4	5876	卖盘
09:45:27	14.69	-0.01	50	73450	卖盘
09:45:21	14.7	--	33	48510	买盘
09:45:18	14.7	-0.01	18	26460	买盘
09:45:15	14.71	--	29	42659	买盘
09:45:12	14.71	0.01	120	176520	买盘
09:45:06	14.7	--	52	76440	买盘
09:45:03	14.7	-0.01	50	73500	卖盘
09:45:00	14.71	--	1	1471	买盘
09:44:57	14.71	--	10	14710	买盘
09:44:54	14.71	0.01	1	1471	买盘
09:44:51	14.7	-0.02	46	67620	卖盘
09:44:48	14.72	--	31	45632	买盘
09:44:45	14.72	--	3	4416	买盘
09:44:42	14.72	--	68	100096	买盘
09:44:39	14.72	--	6	8832	买盘
09:44:36	14.72	--	58	85376	卖盘
09:44:33	14.72	-0.01	30	44160	卖盘
09:44:30	14.73	0.01	7	10311	买盘
09:44:27	14.72	--	13	19136	卖盘
09:44:24	14.72	--	22	32384	买盘
09:44:21	14.72	--	39	57408	买盘
09:44:18	14.72	0.02	20	29440	买盘
09:44:15	14.7	-0.02	69	101430	卖盘
09:44:12	14.72	--	16	23552	买盘
09:44:09	14.72	--	7	10304	买盘
09:44:06	14.72	0.01	30	44160	买盘
09:44:03	14.71	-0.01	20	29420	中性盘
09:44:00	14.72	0.02	1	1472	买盘
09:43:57	14.7	--	121	177870	卖盘
09:43:54	14.7	--	20	29400	卖盘
09:43:51	14.7	--	250	367500	卖盘
09:43:45	14.7	--	63	92610	买盘
09:43:42	14.7	0.01	35	51450	买盘
09:43:39	14.69	--	10	14690	买盘
09:43:36	14.69	0.01	5	7345	卖盘
09:43:33	14.68	-0.01	50	73400	卖盘
09:43:30	14.69	--	30	44070	卖盘
09:43:27	14.69	--	6	8814	买盘
09:43:24	14.69	0.01	18	26442	买盘
09:43:21	14.68	--	49	71932	买盘
09:43:18	14.68	-0.02	223	327364	买盘
09:43:09	14.7	0.04	44	64680	买盘
09:43:06	14.66	-0.01	42	61572	卖盘
09:43:03	14.67	-0.02	52	76284	买盘
09:43:00	14.69	0.03	20	29380	买盘
09:42:57	14.66	--	3	4398	卖盘
09:42:54	14.66	-0.03	46	67436	卖盘
09:42:51	14.69	0.01	92	135148	买盘
09:42:48	14.68	--	45	66060	买盘
09:42:45	14.68	-0.02	74	108632	卖盘
09:42:42	14.7	-0.02	55	80850	中性盘
09:42:39	14.72	0.02	83	122176	买盘
09:42:36	14.7	--	11	16170	买盘
09:42:33	14.7	--	145	213150	买盘
09:42:30	14.7	--	150	220500	买盘
09:42:27	14.7	-0.01	220	323400	卖盘
09:42:24	14.71	--	59	86789	卖盘
09:42:21	14.71	0.03	123	180933	卖盘
09:42:15	14.68	-0.04	30	44040	卖盘
09:42:12	14.72	0.02	6	8832	买盘
09:42:06	14.7	0.01	68	99960	买盘
09:42:03	14.69	-0.01	40	58760	中性盘
09:41:57	14.7	0.04	43	63210	买盘
09:41:54	14.66	-0.02	16	23456	卖盘
09:41:45	14.68	0.02	115	168820	买盘
09:41:42	14.66	0.01	73	107018	买盘
09:41:36	14.65	--	15	21975	买盘
09:41:33	14.65	--	16	23440	买盘
09:41:30	14.65	--	50	73250	卖盘
09:41:27	14.65	--	14	20510	买盘
09:41:24	14.65	--	23	33695	卖盘
09:41:21	14.65	0.02	20	29300	中性盘
09:41:18	14.63	-0.01	339	495957	卖盘
09:41:15	14.64	--	42	61488	卖盘
09:41:09	14.64	--	75	109800	买盘
09:41:06	14.64	--	138	202032	买盘
09:41:03	14.64	--	50	73200	买盘
09:41:00	14.64	--	153	223992	买盘
09:40:57	14.64	--	88	128832	卖盘
09:40:48	14.64	--	13	19032	卖盘
09:40:45	14.64	0.01	12	17568	买盘
09:40:39	14.63	--	26	38038	卖盘
09:40:33	14.63	--	9	13167	买盘
09:40:27	14.63	0.02	24	35112	买盘
09:40:21	14.61	-0.02	13	18993	卖盘
09:40:18	14.63	0.01	4	5852	买盘
09:40:15	14.62	0.02	26	38012	买盘
09:40:12	14.6	-0.01	41	59860	卖盘
09:40:09	14.61	--	37	54057	买盘
09:40:06	14.61	0.01	140	204540	买盘
09:40:03	14.6	-0.01	39	56940	卖盘
09:40:00	14.61	0.01	43	62823	买盘
09:39:57	14.6	-0.01	15	21900	卖盘
09:39:54	14.61	--	10	14610	买盘
09:39:51	14.61	--	191	279051	买盘
09:39:48	14.61	0.01	2	2922	买盘
09:39:36	14.6	--	103	150380	卖盘
09:39:33	14.6	--	5	7300	卖盘
09:39:30	14.6	--	10	14600	卖盘
09:39:27	14.6	0.01	397	579620	买盘
09:39:21	14.59	0.01	20	29180	买盘
09:39:18	14.58	-0.01	100	145800	卖盘
09:39:15	14.59	-0.01	31	45229	卖盘
09:39:12	14.6	--	80	116800	买盘
09:39:09	14.6	0.01	4	5840	买盘
09:39:06	14.59	--	118	172162	卖盘
09:39:03	14.59	0.01	2	2918	卖盘
09:39:00	14.58	-0.02	5	7290	卖盘
09:38:54	14.6	0.01	34	49640	买盘
09:38:51	14.59	--	3	4377	买盘
09:38:48	14.59	0.01	15	21885	中性盘
09:38:33	14.58	-0.01	114	166212	卖盘
09:38:30	14.59	--	12	17508	卖盘
09:38:27	14.59	--	38	55442	买盘
09:38:24	14.59	0.03	14	20426	买盘
09:38:12	14.56	--	33	48048	卖盘
09:38:09	14.56	--	23	33488	卖盘
09:38:03	14.56	0.01	1	1456	卖盘
09:38:00	14.55	-0.03	10	14550	卖盘
09:37:57	14.58	0.02	236	344088	买盘
09:37:54	14.56	--	28	40768	买盘
09:37:51	14.56	0.01	5	7280	买盘
09:37:48	14.55	-0.01	10	14550	卖盘
09:37:45	14.56	0.02	73	106288	买盘
09:37:42	14.54	-0.02	104	151216	卖盘
09:37:39	14.56	0.01	136	198263	买盘
09:37:36	14.55	-0.01	1	1455	卖盘
09:37:33	14.56	0.01	16	23296	买盘
09:37:27	14.55	0.02	39	56745	买盘
09:37:24	14.53	-0.01	100	145300	卖盘
09:37:21	14.54	0.01	56	81424	卖盘
09:37:18	14.53	-0.01	6	8718	卖盘
09:37:15	14.54	0.01	22	31987	中性盘
09:37:09	14.53	-0.01	35	50855	卖盘
09:37:06	14.54	--	8	11632	卖盘
09:37:03	14.54	--	2	2908	卖盘
09:37:00	14.54	0.02	125	181750	买盘
09:36:57	14.52	-0.01	25	36300	卖盘
09:36:54	14.53	0.01	20	29060	买盘
09:36:51	14.52	-0.02	16	23232	卖盘
09:36:48	14.54	--	63	91602	买盘
09:36:45	14.54	0.01	347	504537	买盘
09:36:42	14.53	-0.01	1	1453	卖盘
09:36:39	14.54	--	23	33442	买盘
09:36:36	14.54	--	16	23264	买盘
09:36:33	14.54	0.01	5	7270	买盘
09:36:30	14.53	-0.02	59	85727	卖盘
09:36:27	14.55	--	22	32010	买盘
09:36:24	14.55	--	88	128040	买盘
09:36:21	14.55	--	5	7275	买盘
09:36:18	14.55	-0.01	49	71295	卖盘
09:36:15	14.56	0.01	72	104832	买盘
09:36:12	14.55	-0.01	1	1455	卖盘
09:36:09	14.56	--	19	27664	买盘
09:36:03	14.56	--	20	29120	买盘
09:36:00	14.56	--	2	2912	买盘
09:35:57	14.56	-0.02	133	193648	卖盘
09:35:54	14.58	0.01	35	51030	买盘
09:35:48	14.57	-0.02	37	53909	卖盘
09:35:45	14.59	0.01	7	10213	买盘
09:35:42	14.58	-0.02	50	72900	卖盘
09:35:39	14.6	--	7	10220	买盘
09:35:36	14.6	--	220	321200	买盘
09:35:30	14.6	--	9	13140	买盘
09:35:27	14.6	--	5	7300	卖盘
09:35:24	14.6	--	177	258420	卖盘
09:35:21	14.6	-0.01	20	29200	卖盘
09:35:18	14.61	0.01	117	170937	买盘
09:35:15	14.6	-0.01	15	21900	卖盘
09:35:12	14.61	--	143	208923	买盘
09:35:09	14.61	-0.01	150	219150	卖盘
09:35:06	14.62	0.01	3	4386	买盘
09:34:57	14.61	-0.01	27	39447	卖盘
09:34:54	14.62	-0.01	155	226610	卖盘
09:34:51	14.63	--	20	29260	买盘
09:34:48	14.63	--	1	1463	买盘
09:34:42	14.63	0.01	3	4389	买盘
09:34:39	14.62	-0.01	83	121346	卖盘
09:34:36	14.63	-0.01	7	10241	卖盘
09:34:33	14.64	0.01	14	20496	买盘
09:34:30	14.63	--	12	17556	卖盘
09:34:27	14.63	--	4	5852	卖盘
09:34:18	14.63	-0.01	106	155078	中性盘
09:34:15	14.64	--	50	73200	买盘
09:34:09	14.64	0.01	25	36600	买盘
09:34:06	14.63	-0.02	142	207746	卖盘
09:34:03	14.65	--	15	21975	买盘
09:34:00	14.65	--	260	380900	买盘
09:33:57	14.65	0.01	20	29300	买盘
09:33:54	14.64	--	2	2928	卖盘
09:33:51	14.64	-0.01	7	10248	卖盘
09:33:48	14.65	0.01	52	76180	买盘
09:33:45	14.64	--	6	8784	买盘
09:33:42	14.64	--	21	30744	买盘
09:33:36	14.64	--	13	19032	买盘
09:33:33	14.64	--	50	73200	卖盘
09:33:30	14.64	-0.01	7	10248	卖盘
09:33:27	14.65	--	10	14650	买盘
09:33:24	14.65	--	50	73250	买盘
09:33:21	14.65	--	18	26370	买盘
09:33:18	14.65	--	6	8790	卖盘
09:33:09	14.65	0.02	10	14650	买盘
09:33:03	14.63	0.01	15	21945	买盘
09:32:57	14.62	-0.01	74	108188	卖盘
09:32:54	14.63	--	20	29260	买盘
09:32:48	14.63	0.01	54	79002	买盘
09:32:42	14.62	-0.01	4	5848	卖盘
09:32:39	14.63	0.01	3	4389	买盘
09:32:36	14.62	0.01	22	32164	卖盘
09:32:30	14.61	-0.02	30	43830	卖盘
09:32:27	14.63	0.01	95	138985	买盘
09:32:24	14.62	--	10	14620	买盘
09:32:18	14.62	--	81	118422	买盘
09:32:12	14.62	--	4	5848	买盘
09:32:09	14.62	0.02	10	14620	买盘
09:32:06	14.6	-0.02	13	18980	卖盘
09:32:00	14.62	0.02	10	14620	买盘
09:31:57	14.6	-0.02	22	32120	卖盘
09:31:54	14.62	--	1	1462	买盘
09:31:51	14.62	0.02	60	87720	买盘
09:31:45	14.6	-0.02	11	16060	卖盘
09:31:42	14.62	-0.01	38	55556	卖盘
09:31:39	14.63	0.03	18	26334	买盘
09:31:36	14.6	--	27	39420	买盘
09:31:33	14.6	--	173	252580	卖盘
09:31:30	14.6	--	20	29200	买盘
09:31:27	14.6	--	51	74460	买盘
09:31:24	14.6	--	100	146000	买盘
09:31:21	14.6	--	20	29200	买盘
09:31:18	14.6	-0.03	10	14600	卖盘
09:31:15	14.63	--	22	32186	买盘
09:31:12	14.63	--	112	163856	买盘
09:31:09	14.63	--	13	19019	买盘
09:31:06	14.63	--	38	55594	买盘
09:31:03	14.63	--	157	229691	买盘
09:31:00	14.63	--	40	58520	买盘
09:30:57	14.63	--	23	33649	买盘
09:30:54	14.63	--	113	165319	买盘
09:30:51	14.63	-0.04	250	365750	卖盘
09:30:48	14.67	0.01	14	20538	买盘
09:30:45	14.66	-0.01	43	63038	卖盘
09:30:39	14.67	-0.02	15	22005	中性盘
09:30:36	14.69	--	15	22035	买盘
09:30:33	14.69	0.03	40	58760	买盘
09:30:30	14.66	-0.03	4	5864	中性盘
09:30:27	14.69	0.03	169	248261	买盘
09:30:24	14.66	--	2	2932	买盘
09:30:21	14.66	--	6	8796	卖盘
09:30:18	14.66	-0.02	60	87960	卖盘
09:30:12	14.68	0.02	120	176160	中性盘
09:30:09	14.66	--	114	167124	卖盘
09:30:06	14.66	0.06	654	958764	买盘
09:30:03	14.6	-0.06	64	93440	卖盘
09:25:03	14.66	14.66	1179	1728414	买盘
