成交时间	成交价	价格变动	成交量(手)	成交额(元)	性质
15:00:03	24.8	0.12	8990	22295522	买盘
14:57:03	24.68	--	138	340584	买盘
14:57:00	24.68	0.01	11	27148	买盘
14:56:57	24.67	-0.01	20	49340	卖盘
14:56:54	24.68	--	130	320840	买盘
14:56:51	24.68	0.01	38	93784	买盘
14:56:48	24.67	--	67	165289	卖盘
14:56:45	24.67	-0.02	51	125989	卖盘
14:56:42	24.69	0.01	76	189940	买盘
14:56:39	24.68	0.01	28	69104	买盘
14:56:36	24.67	-0.01	59	145553	卖盘
14:56:33	24.68	--	20	49360	买盘
14:56:30	24.68	--	85	209780	买盘
14:56:24	24.68	0.01	20	49360	买盘
14:56:21	24.67	--	26	64142	卖盘
14:56:18	24.67	-0.01	41	101147	卖盘
14:56:15	24.68	--	27	66636	买盘
14:56:12	24.68	0.01	30	74040	买盘
14:56:09	24.67	--	99	244233	卖盘
14:56:06	24.67	-0.01	58	144714	卖盘
14:56:03	24.68	--	23	56764	卖盘
14:56:00	24.68	--	51	125868	卖盘
14:55:57	24.68	--	47	115996	卖盘
14:55:54	24.68	--	9	22212	卖盘
14:55:51	24.68	-0.01	21	51828	卖盘
14:55:48	24.69	0.01	163	402447	买盘
14:55:45	24.68	--	44	108592	卖盘
14:55:42	24.68	-0.02	229	565172	卖盘
14:55:39	24.7	0.02	57	140790	买盘
14:55:36	24.68	--	45	111060	卖盘
14:55:30	24.68	-0.02	127	313436	卖盘
14:55:27	24.7	0.01	20	49400	买盘
14:55:24	24.69	0.01	3	7407	中性盘
14:55:21	24.68	--	172	424496	卖盘
14:55:18	24.68	-0.01	192	473856	卖盘
14:55:15	24.69	--	32	79008	买盘
14:55:12	24.69	-0.01	109	269121	中性盘
14:55:09	24.7	--	118	291460	买盘
14:55:06	24.7	0.01	312	770640	买盘
14:55:03	24.69	-0.01	35	86415	卖盘
14:55:00	24.7	0.01	28	69160	买盘
14:54:57	24.69	--	13	32097	卖盘
14:54:54	24.69	-0.01	17	41973	卖盘
14:54:51	24.7	--	27	66690	买盘
14:54:48	24.7	0.01	41	101270	买盘
14:54:45	24.69	-0.01	3	7407	卖盘
14:54:42	24.7	--	15	37050	买盘
14:54:39	24.7	--	28	69160	买盘
14:54:36	24.7	-0.01	32	79040	卖盘
14:54:33	24.71	--	34	84014	买盘
14:54:30	24.71	0.01	56	138376	买盘
14:54:27	24.7	--	118	291460	卖盘
14:54:24	24.7	--	47	116090	卖盘
14:54:21	24.7	--	36	88920	卖盘
14:54:18	24.7	-0.01	89	219830	卖盘
14:54:15	24.71	--	252	622692	买盘
14:54:12	24.71	--	2	4942	买盘
14:54:09	24.71	0.01	29	71659	买盘
14:54:06	24.7	--	39	96330	卖盘
14:54:03	24.7	--	12	29640	卖盘
14:54:00	24.7	-0.01	21	51870	卖盘
14:53:57	24.71	0.01	10	24710	买盘
14:53:51	24.7	-0.01	29	71630	卖盘
14:53:48	24.71	0.01	3	7413	买盘
14:53:45	24.7	-0.01	15	37050	卖盘
14:53:42	24.71	0.01	21	51891	买盘
14:53:36	24.7	--	29	71630	卖盘
14:53:33	24.7	-0.01	22	54340	卖盘
14:53:30	24.71	--	63	155673	买盘
14:53:27	24.71	0.01	148	365708	买盘
14:53:24	24.7	--	23	56810	卖盘
14:53:21	24.7	--	20	49400	卖盘
14:53:18	24.7	--	5	12350	卖盘
14:53:15	24.7	--	7	17290	卖盘
14:53:12	24.7	--	13	32110	卖盘
14:53:09	24.7	--	260	642200	买盘
14:53:06	24.7	--	14	34580	买盘
14:53:03	24.7	--	48	120955	买盘
14:53:00	24.7	0.01	95	234650	买盘
14:52:57	24.69	-0.01	53	130857	卖盘
14:52:54	24.7	--	2	4940	买盘
14:52:48	24.7	0.01	72	178828	买盘
14:52:45	24.69	--	3	7407	买盘
14:52:39	24.69	--	7	17283	买盘
14:52:36	24.69	--	71	175299	买盘
14:52:33	24.69	--	460	1135740	卖盘
14:52:30	24.69	--	34	83946	卖盘
14:52:27	24.69	-0.01	52	128388	卖盘
14:52:24	24.7	0.01	35	86450	买盘
14:52:21	24.69	-0.01	23	56787	卖盘
14:52:18	24.7	0.01	8	19760	买盘
14:52:15	24.69	-0.01	53	130857	卖盘
14:52:12	24.7	--	111	274170	卖盘
14:52:09	24.7	--	30	74100	卖盘
14:52:06	24.7	--	19	46930	卖盘
14:52:03	24.7	-0.01	38	95119	卖盘
14:52:00	24.71	0.01	63	155673	买盘
14:51:57	24.7	--	5	12350	卖盘
14:51:54	24.7	0.01	17	44040	买盘
14:51:51	24.69	-0.01	7	17283	卖盘
14:51:48	24.7	0.01	2	4940	买盘
14:51:45	24.69	-0.01	20	49380	卖盘
14:51:42	24.7	--	93	229710	买盘
14:51:39	24.7	-0.01	43	106629	卖盘
14:51:36	24.71	--	94	232274	卖盘
14:51:33	24.71	--	8	19768	卖盘
14:51:30	24.71	0.01	5	12355	买盘
14:51:27	24.7	0.01	32	81090	买盘
14:51:24	24.69	-0.01	13	32097	卖盘
14:51:21	24.7	--	9	22230	买盘
14:51:18	24.7	--	57	140790	买盘
14:51:15	24.7	--	157	388209	卖盘
14:51:12	24.7	--	40	98800	卖盘
14:51:09	24.7	-0.01	9	22230	卖盘
14:51:06	24.71	--	165	407715	买盘
14:51:03	24.71	0.01	26	64246	买盘
14:51:00	24.7	-0.01	2	4940	卖盘
14:50:57	24.71	--	10	24710	买盘
14:50:54	24.71	0.01	15	37065	中性盘
14:50:51	24.7	-0.01	459	1133730	卖盘
14:50:48	24.71	--	38	93898	买盘
14:50:45	24.71	0.01	25	61775	买盘
14:50:42	24.7	-0.02	85	209950	卖盘
14:50:39	24.72	0.01	70	173040	买盘
14:50:36	24.71	--	97	239687	卖盘
14:50:33	24.71	--	206	509026	卖盘
14:50:27	24.71	--	7	17297	卖盘
14:50:24	24.71	-0.01	66	163086	卖盘
14:50:21	24.72	--	20	49440	买盘
14:50:18	24.72	--	10	24720	买盘
14:50:15	24.72	0.01	22	54384	买盘
14:50:12	24.71	--	5	12355	卖盘
14:50:09	24.71	-0.01	23	56833	卖盘
14:50:03	24.72	0.01	11	27192	买盘
14:50:00	24.71	-0.02	15	37559	卖盘
14:49:57	24.73	0.01	39	96447	买盘
14:49:54	24.72	--	41	103329	卖盘
14:49:51	24.72	--	110	271920	卖盘
14:49:48	24.72	--	21	51912	卖盘
14:49:45	24.72	-0.01	10	24720	卖盘
14:49:39	24.73	--	83	206495	卖盘
14:49:36	24.73	-0.01	75	186711	卖盘
14:49:33	24.74	--	360	890640	买盘
14:49:30	24.74	--	17	42058	买盘
14:49:27	24.74	--	8	19792	买盘
14:49:24	24.74	--	15	37110	买盘
14:49:21	24.74	-0.01	108	267192	卖盘
14:49:18	24.75	--	9	22275	买盘
14:49:15	24.75	-0.01	373	923595	卖盘
14:49:12	24.76	0.01	299	742626	买盘
14:49:09	24.75	--	13	32175	卖盘
14:49:06	24.75	--	113	279675	卖盘
14:49:03	24.75	--	372	920700	卖盘
14:49:00	24.75	--	31	77962	卖盘
14:48:57	24.75	--	754	1866150	卖盘
14:48:54	24.75	-0.01	35	86625	卖盘
14:48:51	24.76	0.01	78	193128	买盘
14:48:48	24.75	-0.01	19	47025	卖盘
14:48:45	24.76	--	4	9904	买盘
14:48:42	24.76	--	47	116372	买盘
14:48:39	24.76	0.01	81	200556	买盘
14:48:36	24.75	-0.01	17	43560	卖盘
14:48:30	24.76	--	7	17332	买盘
14:48:27	24.76	--	78	193128	买盘
14:48:24	24.76	0.01	36	89136	买盘
14:48:18	24.75	-0.01	12	29700	卖盘
14:48:15	24.76	0.01	12	29712	买盘
14:48:12	24.75	-0.01	19	49005	卖盘
14:48:06	24.76	--	44	108944	买盘
14:48:03	24.76	0.01	14	34664	买盘
14:48:00	24.75	-0.01	444	1098900	卖盘
14:47:54	24.76	-0.01	150	373232	卖盘
14:47:51	24.77	--	31	76787	买盘
14:47:48	24.77	--	12	29724	买盘
14:47:45	24.77	--	21	52017	买盘
14:47:42	24.77	--	16	39632	买盘
14:47:39	24.77	-0.01	20	49540	中性盘
14:47:36	24.78	0.01	104	257712	买盘
14:47:33	24.77	--	31	76787	卖盘
14:47:30	24.77	--	11	27247	卖盘
14:47:24	24.77	--	10	24770	卖盘
14:47:21	24.77	--	39	96603	卖盘
14:47:18	24.77	--	6	14862	买盘
14:47:12	24.77	0.01	6	14862	买盘
14:47:03	24.76	-0.01	188	465488	卖盘
14:46:57	24.77	0.01	22	54494	买盘
14:46:54	24.76	--	16	40556	卖盘
14:46:51	24.76	-0.01	33	81708	卖盘
14:46:48	24.77	-0.01	8	19816	卖盘
14:46:42	24.78	0.02	3	7434	买盘
14:46:39	24.76	-0.02	28	69328	卖盘
14:46:36	24.78	0.02	311	770658	买盘
14:46:33	24.76	--	54	133704	卖盘
14:46:30	24.76	-0.01	102	252552	卖盘
14:46:24	24.77	0.01	56	140693	买盘
14:46:21	24.76	--	78	193128	卖盘
14:46:18	24.76	--	41	101516	卖盘
14:46:15	24.76	--	25	61900	卖盘
14:46:12	24.76	--	14	34664	卖盘
14:46:09	24.76	--	54	133704	卖盘
14:46:03	24.76	-0.01	47	116372	卖盘
14:46:00	24.77	--	15	37155	买盘
14:45:57	24.77	0.01	31	76787	买盘
14:45:54	24.76	--	17	42092	卖盘
14:45:51	24.76	--	10	24760	卖盘
14:45:48	24.76	-0.01	23	56948	卖盘
14:45:45	24.77	0.01	33	81741	买盘
14:45:42	24.76	--	43	106468	卖盘
14:45:39	24.76	-0.01	26	64376	卖盘
14:45:36	24.77	0.01	22	54494	买盘
14:45:33	24.76	--	17	42092	卖盘
14:45:30	24.76	-0.01	441	1091916	卖盘
14:45:27	24.77	0.01	9	22293	买盘
14:45:24	24.76	-0.01	15	37140	卖盘
14:45:21	24.77	--	10	24770	买盘
14:45:18	24.77	--	90	222930	买盘
14:45:15	24.77	--	34	84218	买盘
14:45:09	24.77	--	13	32201	买盘
14:45:06	24.77	--	65	161005	卖盘
14:45:00	24.77	--	21	52017	卖盘
14:44:57	24.77	-0.01	91	227388	卖盘
14:44:54	24.78	--	15	37170	买盘
14:44:48	24.78	--	27	66906	买盘
14:44:45	24.78	0.02	62	153636	买盘
14:44:42	24.76	-0.03	31	76756	卖盘
14:44:39	24.79	0.02	15	37185	买盘
14:44:36	24.77	-0.01	10	24770	卖盘
14:44:33	24.78	--	19	47082	卖盘
14:44:30	24.78	--	241	597198	卖盘
14:44:27	24.78	--	3	7434	卖盘
14:44:24	24.78	0.01	36	89208	买盘
14:44:21	24.77	-0.01	27	66879	卖盘
14:44:18	24.78	0.01	24	59472	买盘
14:44:15	24.77	-0.01	4	9908	卖盘
14:44:12	24.78	--	77	190806	买盘
14:44:09	24.78	--	28	69384	买盘
14:44:06	24.78	0.01	1	2478	买盘
14:44:03	24.77	-0.01	5	12385	卖盘
14:43:57	24.78	0.01	121	300531	买盘
14:43:54	24.77	--	58	143666	买盘
14:43:51	24.77	--	2	4954	买盘
14:43:48	24.77	--	10	24770	买盘
14:43:45	24.77	--	42	105817	卖盘
14:43:42	24.77	--	234	579618	卖盘
14:43:33	24.77	--	69	171606	买盘
14:43:30	24.77	--	15	37155	买盘
14:43:27	24.77	--	52	128804	买盘
14:43:24	24.77	--	16	39632	买盘
14:43:21	24.77	--	28	69356	买盘
14:43:18	24.77	--	25	61925	买盘
14:43:15	24.77	--	11	27247	买盘
14:43:12	24.77	--	61	151097	买盘
14:43:09	24.77	--	2	4954	买盘
14:43:06	24.77	--	113	282179	卖盘
14:43:03	24.77	-0.01	2	4954	卖盘
14:43:00	24.78	--	1	2478	买盘
14:42:57	24.78	0.01	1	2478	买盘
14:42:54	24.77	--	64	158528	卖盘
14:42:51	24.77	-0.01	315	780255	卖盘
14:42:48	24.78	--	40	99120	买盘
14:42:45	24.78	-0.01	14	34692	买盘
14:42:42	24.79	0.02	69	171051	买盘
14:42:39	24.77	-0.01	17	42109	卖盘
14:42:36	24.78	-0.01	13	32214	卖盘
14:42:33	24.79	0.01	18	44622	买盘
14:42:30	24.78	--	10	24780	卖盘
14:42:27	24.78	--	169	418782	卖盘
14:42:24	24.78	--	72	178416	卖盘
14:42:21	24.78	-0.01	3	7434	卖盘
14:42:18	24.79	--	8	19832	买盘
14:42:15	24.79	--	119	295001	买盘
14:42:12	24.79	0.01	12	30243	买盘
14:42:09	24.78	-0.01	138	341964	卖盘
14:42:06	24.79	0.01	74	183446	买盘
14:42:00	24.78	--	3	7434	卖盘
14:41:57	24.78	--	14	34692	卖盘
14:41:54	24.78	-0.01	1	2478	卖盘
14:41:51	24.79	0.01	20	49580	买盘
14:41:48	24.78	--	15	37170	卖盘
14:41:45	24.78	0.01	19	47082	中性盘
14:41:39	24.77	-0.01	32	79264	卖盘
14:41:36	24.78	--	52	128856	买盘
14:41:33	24.78	0.01	59	146202	买盘
14:41:30	24.77	-0.01	73	180821	卖盘
14:41:27	24.78	--	32	79296	卖盘
14:41:24	24.78	0.01	77	190806	买盘
14:41:18	24.77	-0.01	32	79264	卖盘
14:41:15	24.78	0.01	28	69384	买盘
14:41:12	24.77	--	98	242746	卖盘
14:41:09	24.77	-0.01	32	79264	卖盘
14:41:06	24.78	0.01	11	27258	买盘
14:41:03	24.77	--	8	19816	卖盘
14:41:00	24.77	-0.02	11	27247	卖盘
14:40:54	24.79	0.01	29	71891	买盘
14:40:51	24.78	--	17	42126	买盘
14:40:48	24.78	-0.01	10	24780	中性盘
14:40:45	24.79	0.01	88	218152	买盘
14:40:42	24.78	--	10	24780	卖盘
14:40:39	24.78	--	2	4956	卖盘
14:40:36	24.78	--	90	223020	卖盘
14:40:30	24.78	-0.01	33	81774	卖盘
14:40:27	24.79	0.01	12	29748	买盘
14:40:24	24.78	--	13	32214	卖盘
14:40:21	24.78	--	3	7434	卖盘
14:40:18	24.78	-0.01	26	64428	卖盘
14:40:15	24.79	--	21	52059	买盘
14:40:12	24.79	--	3	7437	卖盘
14:40:09	24.79	0.01	23	57017	中性盘
14:40:06	24.78	-0.02	30	74340	卖盘
14:40:03	24.8	--	52	128960	买盘
14:39:57	24.8	--	2	4960	买盘
14:39:54	24.8	--	48	119040	卖盘
14:39:51	24.8	--	63	156240	卖盘
14:39:48	24.8	--	39	96720	买盘
14:39:45	24.8	--	26	64480	买盘
14:39:42	24.8	--	15	37200	买盘
14:39:39	24.8	0.02	17	42160	买盘
14:39:36	24.78	-0.01	41	101598	卖盘
14:39:33	24.79	-0.01	23	57017	卖盘
14:39:30	24.8	--	5	12400	买盘
14:39:27	24.8	0.02	1	2480	买盘
14:39:18	24.78	--	15	37170	卖盘
14:39:15	24.78	--	5	12390	卖盘
14:39:12	24.78	-0.04	5	12390	卖盘
14:39:09	24.82	0.04	88	218416	买盘
14:39:06	24.78	0.01	3	7434	买盘
14:39:03	24.77	-0.01	47	116914	卖盘
14:39:00	24.78	-0.03	93	231693	卖盘
14:38:57	24.81	0.03	934	2319610	买盘
14:38:54	24.78	--	8	20815	卖盘
14:38:42	24.78	0.01	184	458008	买盘
14:38:39	24.77	--	3	8372	卖盘
14:38:36	24.77	-0.01	30	74310	卖盘
14:38:33	24.78	--	20	49560	买盘
14:38:30	24.78	0.01	10	24780	买盘
14:38:27	24.77	0.01	29	73368	买盘
14:38:24	24.76	-0.01	53	131228	卖盘
14:38:21	24.77	-0.01	32	80205	卖盘
14:38:18	24.78	--	11	28794	买盘
14:38:15	24.78	--	1	2478	买盘
14:38:06	24.78	0.01	21	52038	中性盘
14:38:00	24.77	0.01	20	49540	买盘
14:37:54	24.76	--	40	99040	卖盘
14:37:51	24.76	-0.02	164	406064	卖盘
14:37:45	24.78	0.02	4	9912	买盘
14:37:42	24.76	--	29	71804	卖盘
14:37:39	24.76	-0.04	22	54472	卖盘
14:37:36	24.8	0.04	1373	3405040	买盘
14:37:33	24.76	--	509	1260284	卖盘
14:37:30	24.76	--	26	64376	卖盘
14:37:27	24.76	--	13	32188	卖盘
14:37:24	24.76	--	62	153512	卖盘
14:37:21	24.76	-0.01	29	71804	卖盘
14:37:18	24.77	0.01	1	2477	买盘
14:37:15	24.76	--	1	2476	卖盘
14:37:12	24.76	0.01	15	37140	中性盘
14:37:09	24.75	-0.01	88	217800	卖盘
14:37:06	24.76	-0.01	4	9904	卖盘
14:37:03	24.77	0.01	10	24770	买盘
14:37:00	24.76	--	106	262456	卖盘
14:36:57	24.76	-0.01	6	14856	卖盘
14:36:54	24.77	--	19	47063	买盘
14:36:51	24.77	--	402	995754	买盘
14:36:45	24.77	--	2	4954	买盘
14:36:42	24.77	--	14	34678	买盘
14:36:39	24.77	-0.01	32	81245	卖盘
14:36:36	24.78	--	14	34692	买盘
14:36:30	24.78	--	28	69384	买盘
14:36:24	24.78	0.01	6	14868	买盘
14:36:21	24.77	--	57	141684	卖盘
14:36:18	24.77	-0.01	106	262562	卖盘
14:36:12	24.78	--	2	4956	中性盘
14:36:06	24.78	--	17	42126	买盘
14:36:03	24.78	--	5	12390	买盘
14:36:00	24.78	-0.01	66	163548	卖盘
14:35:57	24.79	--	19	47101	买盘
14:35:54	24.79	--	15	37185	买盘
14:35:51	24.79	0.01	52	128908	买盘
14:35:48	24.78	--	15	37170	卖盘
14:35:45	24.78	-0.01	30	74340	卖盘
14:35:42	24.79	--	5	12395	卖盘
14:35:39	24.79	--	38	94202	买盘
14:35:36	24.79	0.01	5	12395	买盘
14:35:33	24.78	-0.01	1	2478	卖盘
14:35:30	24.79	0.01	4	9916	买盘
14:35:27	24.78	-0.01	16	39648	卖盘
14:35:24	24.79	--	113	280127	卖盘
14:35:21	24.79	--	32	79328	卖盘
14:35:18	24.79	0.01	87	215673	买盘
14:35:15	24.78	--	75	185850	买盘
14:35:12	24.78	0.01	25	61950	买盘
14:35:09	24.77	-0.01	90	222930	卖盘
14:35:06	24.78	--	102	252756	买盘
14:35:03	24.78	--	3	7434	买盘
14:35:00	24.78	0.01	86	213108	买盘
14:34:57	24.77	-0.01	79	195683	卖盘
14:34:54	24.78	--	39	96642	卖盘
14:34:51	24.78	-0.01	63	156114	卖盘
14:34:48	24.79	0.01	57	141303	买盘
14:34:45	24.78	--	45	111510	卖盘
14:34:42	24.78	0.01	2	4956	买盘
14:34:39	24.77	--	15	37155	卖盘
14:34:36	24.77	-0.01	14	34678	卖盘
14:34:33	24.78	0.01	4	9912	买盘
14:34:30	24.77	--	7	17339	卖盘
14:34:27	24.77	--	64	158528	卖盘
14:34:24	24.77	-0.02	1	2477	卖盘
14:34:21	24.79	0.02	72	178488	买盘
14:34:18	24.77	0.01	77	190729	买盘
14:34:15	24.76	--	3	7428	卖盘
14:34:12	24.76	-0.01	20	49520	卖盘
14:34:09	24.77	--	1	2477	买盘
14:34:03	24.77	--	25	61925	买盘
14:34:00	24.77	--	5	12385	卖盘
14:33:57	24.77	--	11	27247	卖盘
14:33:54	24.77	-0.02	23	56971	卖盘
14:33:51	24.79	--	2	4958	买盘
14:33:45	24.79	0.02	16	39664	中性盘
14:33:42	24.77	-0.03	10	24770	卖盘
14:33:39	24.8	0.02	219	543120	买盘
14:33:36	24.78	-0.02	2	4956	中性盘
14:33:33	24.8	0.04	3	7440	买盘
14:33:30	24.76	-0.01	44	108944	卖盘
14:33:27	24.77	-0.03	22	54494	卖盘
14:33:24	24.8	--	25	62000	买盘
14:33:21	24.8	0.04	9	22320	买盘
14:33:18	24.76	-0.04	31	76756	卖盘
14:33:12	24.8	--	35	86800	买盘
14:33:09	24.8	--	3	7440	买盘
14:33:06	24.8	0.04	12	29760	买盘
14:33:00	24.76	-0.04	1	2476	中性盘
14:32:54	24.8	0.05	20	49600	买盘
14:32:51	24.75	-0.05	150	371250	卖盘
14:32:45	24.8	--	2	4960	买盘
14:32:36	24.8	-0.01	53	131440	卖盘
14:32:33	24.81	0.06	5	12405	买盘
14:32:30	24.75	-0.05	402	994950	卖盘
14:32:27	24.8	--	619	1535120	卖盘
14:32:24	24.8	-0.01	19	47120	卖盘
14:32:21	24.81	0.01	4	9924	买盘
14:32:18	24.8	--	39	96720	卖盘
14:32:15	24.8	0.06	1255	3113392	买盘
14:32:12	24.74	--	35	86590	买盘
14:32:09	24.74	0.02	32	79168	买盘
14:32:06	24.72	-0.03	35	86520	卖盘
14:32:00	24.75	0.02	42	103950	买盘
14:31:57	24.73	-0.01	36	89028	卖盘
14:31:54	24.74	--	6	14843	卖盘
14:31:51	24.74	-0.01	1	2474	卖盘
14:31:45	24.75	0.03	5	12375	买盘
14:31:42	24.72	-0.01	77	190344	卖盘
14:31:39	24.73	--	39	96447	买盘
14:31:36	24.73	0.01	12	29676	买盘
14:31:33	24.72	--	3	7416	卖盘
14:31:30	24.72	-0.01	50	123600	卖盘
14:31:27	24.73	--	1	2473	买盘
14:31:24	24.73	0.01	17	42041	买盘
14:31:21	24.72	-0.01	9	22248	卖盘
14:31:18	24.73	--	29	71717	买盘
14:31:15	24.73	0.01	1	2473	中性盘
14:31:12	24.72	--	10	24720	卖盘
14:31:09	24.72	-0.01	92	227424	卖盘
14:31:06	24.73	0.01	15	37095	买盘
14:31:03	24.72	--	24	59328	卖盘
14:30:57	24.72	-0.01	89	220008	卖盘
14:30:54	24.73	--	4	9892	买盘
14:30:51	24.73	0.01	6	14838	买盘
14:30:48	24.72	--	11	27192	卖盘
14:30:42	24.72	-0.03	6	14832	卖盘
14:30:36	24.75	0.03	46	113850	买盘
14:30:33	24.72	-0.01	50	123600	卖盘
14:30:30	24.73	-0.01	7	17311	卖盘
14:30:27	24.74	-0.01	11	27214	卖盘
14:30:24	24.75	0.02	50	123750	买盘
14:30:21	24.73	-0.02	117	289341	卖盘
14:30:18	24.75	--	30	74250	买盘
14:30:15	24.75	0.02	41	101475	买盘
14:30:06	24.73	-0.01	43	106339	卖盘
14:30:03	24.74	-0.02	92	229463	卖盘
14:30:00	24.76	--	93	230268	买盘
14:29:57	24.76	--	10	24760	买盘
14:29:54	24.76	0.01	697	1726762	中性盘
14:29:51	24.75	--	372	920700	卖盘
14:29:48	24.75	--	158	391050	卖盘
14:29:45	24.75	-0.01	176	435600	卖盘
14:29:42	24.76	--	99	245124	卖盘
14:29:39	24.76	--	159	393684	卖盘
14:29:36	24.76	--	40	99040	卖盘
14:29:33	24.76	--	3	7428	卖盘
14:29:30	24.76	--	28	69328	卖盘
14:29:27	24.76	-0.02	457	1133141	卖盘
14:29:24	24.78	0.01	16	39648	买盘
14:29:18	24.77	--	4	9908	卖盘
14:29:15	24.77	-0.01	10	24770	卖盘
14:29:09	24.78	-0.01	4	9912	中性盘
14:29:06	24.79	0.01	34	84286	买盘
14:29:03	24.78	--	43	106554	卖盘
14:29:00	24.78	--	80	198240	卖盘
14:28:57	24.78	-0.01	30	74340	卖盘
14:28:51	24.79	--	5	12395	买盘
14:28:45	24.79	--	19	47101	买盘
14:28:39	24.79	--	9	22311	卖盘
14:28:36	24.79	--	4	9916	卖盘
14:28:33	24.79	-0.01	30	74370	卖盘
14:28:30	24.8	--	20	49600	买盘
14:28:27	24.8	0.01	5	12400	买盘
14:28:24	24.79	-0.01	7	17353	卖盘
14:28:21	24.8	--	53	131440	卖盘
14:28:18	24.8	-0.01	135	334800	卖盘
14:28:15	24.81	0.01	82	203442	买盘
14:28:12	24.8	-0.01	194	481120	卖盘
14:28:09	24.81	--	50	124050	买盘
14:28:06	24.81	0.01	20	49620	买盘
14:28:03	24.8	--	76	188480	卖盘
14:28:00	24.8	-0.01	22	54560	卖盘
14:27:57	24.81	--	19	47139	卖盘
14:27:54	24.81	-0.01	50	124050	卖盘
14:27:51	24.82	--	4	9928	买盘
14:27:48	24.82	--	209	518738	买盘
14:27:45	24.82	--	38	94316	买盘
14:27:39	24.82	--	76	188632	买盘
14:27:36	24.82	--	29	71978	买盘
14:27:33	24.82	--	37	91834	卖盘
14:27:30	24.82	--	14	34748	买盘
14:27:27	24.82	--	17	42194	卖盘
14:27:24	24.82	--	72	178704	卖盘
14:27:18	24.82	--	1	2482	卖盘
14:27:15	24.82	-0.01	19	47158	卖盘
14:27:12	24.83	0.01	25	62074	买盘
14:27:09	24.82	-0.01	13	32266	卖盘
14:27:06	24.83	0.01	14	34762	买盘
14:27:03	24.82	--	52	129064	卖盘
14:27:00	24.82	-0.01	38	94316	卖盘
14:26:57	24.83	0.01	25	62074	买盘
14:26:54	24.82	--	34	84388	买盘
14:26:51	24.82	--	42	104244	买盘
14:26:45	24.82	--	3	7446	买盘
14:26:42	24.82	0.01	41	101762	中性盘
14:26:39	24.81	-0.01	202	501162	卖盘
14:26:36	24.82	0.01	61	151402	买盘
14:26:33	24.81	-0.01	29	71949	卖盘
14:26:30	24.82	--	41	101762	买盘
14:26:24	24.82	0.01	1	2482	买盘
14:26:21	24.81	--	75	186075	买盘
14:26:18	24.81	-0.01	10	24810	买盘
14:26:15	24.82	--	2	4964	买盘
14:26:12	24.82	0.01	22	54604	买盘
14:26:09	24.81	--	20	49620	卖盘
14:26:06	24.81	-0.01	40	99240	卖盘
14:26:03	24.82	--	25	62050	卖盘
14:26:00	24.82	-0.01	34	84388	卖盘
14:25:57	24.83	0.02	81	201123	买盘
14:25:54	24.81	-0.01	28	69468	卖盘
14:25:51	24.82	--	50	124100	买盘
14:25:45	24.82	--	2	4964	买盘
14:25:42	24.82	--	7	17374	买盘
14:25:39	24.82	--	57	141474	卖盘
14:25:36	24.82	--	16	39712	卖盘
14:25:33	24.82	-0.01	11	27302	卖盘
14:25:30	24.83	--	80	198640	买盘
14:25:27	24.83	--	31	76973	买盘
14:25:24	24.83	0.01	24	59591	买盘
14:25:21	24.82	-0.02	98	245221	卖盘
14:25:18	24.84	--	11	27324	买盘
14:25:15	24.84	--	33	81972	买盘
14:25:12	24.84	0.01	5	12916	买盘
14:25:09	24.83	--	49	121666	卖盘
14:25:06	24.83	-0.04	26	64557	卖盘
14:25:03	24.87	0.02	90	223830	买盘
14:24:57	24.85	0.01	104	258440	买盘
14:24:54	24.84	-0.01	67	166428	卖盘
14:24:51	24.85	--	167	414995	买盘
14:24:48	24.85	-0.02	4	9940	中性盘
14:24:45	24.87	0.03	77	191499	买盘
14:24:42	24.84	-0.03	128	317952	卖盘
14:24:39	24.87	-0.01	59	146733	买盘
14:24:36	24.88	--	3	7464	买盘
14:24:33	24.88	--	109	271192	买盘
14:24:30	24.88	--	60	149280	买盘
14:24:27	24.88	--	47	116936	买盘
14:24:24	24.88	--	327	813576	卖盘
14:24:21	24.88	-0.01	54	134352	卖盘
14:24:18	24.89	0.01	37	92093	买盘
14:24:15	24.88	-0.01	53	131864	中性盘
14:24:12	24.89	--	19	47291	买盘
14:24:09	24.89	0.01	78	194142	买盘
14:24:06	24.88	--	21	52248	买盘
14:24:03	24.88	--	31	77128	买盘
14:24:00	24.88	0.01	8	19904	买盘
14:23:57	24.87	0.01	187	465069	中性盘
14:23:54	24.86	-0.02	94	233684	卖盘
14:23:51	24.88	0.03	87	216456	买盘
14:23:45	24.85	0.05	33	82005	买盘
14:23:39	24.8	-0.05	55	138384	卖盘
14:23:36	24.85	0.03	29	72065	买盘
14:23:33	24.82	--	64	158848	买盘
14:23:30	24.82	--	16	39712	买盘
14:23:27	24.82	0.02	66	165102	买盘
14:23:24	24.8	--	238	590240	买盘
14:23:21	24.8	--	17	42160	买盘
14:23:18	24.8	-0.05	102	254646	卖盘
14:23:15	24.85	-0.05	25	63417	卖盘
14:23:12	24.9	--	324	806760	卖盘
14:23:09	24.9	0.1	1650	4110491	买盘
14:23:06	24.8	--	25	62000	买盘
14:23:03	24.8	0.02	18	44640	买盘
14:23:00	24.78	--	16	39648	买盘
14:22:57	24.78	-0.02	234	579852	卖盘
14:22:54	24.8	--	140	347200	买盘
14:22:51	24.8	--	330	820384	卖盘
14:22:48	24.8	--	5021	12452080	卖盘
14:22:45	24.8	-0.01	1	2480	卖盘
14:22:42	24.81	0.01	35	86835	买盘
14:22:39	24.8	--	38	94240	卖盘
14:22:36	24.8	--	34	84320	卖盘
14:22:33	24.8	--	13	32240	卖盘
14:22:30	24.8	--	23	57040	卖盘
14:22:27	24.8	--	28	69440	卖盘
14:22:24	24.8	0.01	1565	3881696	买盘
14:22:21	24.79	--	39	96681	买盘
14:22:18	24.79	--	7	17353	买盘
14:22:15	24.79	--	13	32227	买盘
14:22:12	24.79	--	21	52059	买盘
14:22:09	24.79	--	8	19832	买盘
14:22:06	24.79	--	1	2479	买盘
14:22:03	24.79	-0.01	10	24790	卖盘
14:22:00	24.8	--	4	9920	买盘
14:21:57	24.8	--	275	682000	卖盘
14:21:54	24.8	--	65	161200	卖盘
14:21:51	24.8	--	34	84320	卖盘
14:21:45	24.8	-0.01	4	9920	卖盘
14:21:42	24.81	0.01	108	267948	买盘
14:21:36	24.8	-0.01	15	37200	中性盘
14:21:30	24.81	0.01	5	12405	买盘
14:21:24	24.8	0.04	15	37200	买盘
14:21:18	24.76	--	29	71804	卖盘
14:21:12	24.76	0.01	10	24760	中性盘
14:21:09	24.75	-0.05	52	128700	卖盘
14:21:06	24.8	0.05	1969	4884608	买盘
14:21:03	24.75	--	3	7425	卖盘
14:20:57	24.75	--	75	185625	卖盘
14:20:48	24.75	--	54	133650	卖盘
14:20:45	24.75	0.01	570	1412235	买盘
14:20:42	24.74	--	118	291932	卖盘
14:20:39	24.74	-0.01	10	24740	卖盘
14:20:36	24.75	--	10	24750	买盘
14:20:30	24.75	--	18	44550	买盘
14:20:24	24.75	--	16	39600	买盘
14:20:21	24.75	--	1	2475	买盘
14:20:15	24.75	--	35	86625	买盘
14:20:12	24.75	--	49	121275	买盘
14:20:09	24.75	0.01	65	160875	买盘
14:20:06	24.74	--	1	2474	卖盘
14:20:03	24.74	--	10	24740	卖盘
14:19:57	24.74	-0.01	5	12370	卖盘
14:19:54	24.75	0.01	25	61875	买盘
14:19:45	24.74	--	118	291932	买盘
14:19:39	24.74	--	27	66798	买盘
14:19:36	24.74	--	4	9896	买盘
14:19:33	24.74	--	21	51954	买盘
14:19:30	24.74	--	9	22266	买盘
14:19:27	24.74	--	10	24740	买盘
14:19:21	24.74	--	6	14843	买盘
14:19:18	24.74	-0.01	6	14843	中性盘
14:19:15	24.75	--	33	81675	买盘
14:19:12	24.75	0.01	1	2475	买盘
14:19:09	24.74	--	3	7421	卖盘
14:19:06	24.74	--	23	56902	卖盘
14:19:03	24.74	--	4	9896	卖盘
14:19:00	24.74	--	3	7421	卖盘
14:18:57	24.74	--	2	4948	卖盘
14:18:54	24.74	--	7	17318	卖盘
14:18:51	24.74	--	15	37110	卖盘
14:18:45	24.74	--	173	428002	买盘
14:18:42	24.74	0.01	2	4948	买盘
14:18:39	24.73	--	9	22257	卖盘
14:18:36	24.73	--	7	17311	卖盘
14:18:27	24.73	--	51	126123	卖盘
14:18:21	24.73	--	9	22257	卖盘
14:18:15	24.73	0.01	172	427334	买盘
14:18:12	24.72	--	51	126072	卖盘
14:18:03	24.72	--	13	32136	卖盘
14:18:00	24.72	--	2	4944	卖盘
14:17:57	24.72	--	3	7416	卖盘
14:17:54	24.72	0.01	42	105801	买盘
14:17:48	24.71	-0.01	22	54362	卖盘
14:17:45	24.72	--	3	7416	买盘
14:17:42	24.72	--	47	116184	买盘
14:17:39	24.72	--	10	24720	买盘
14:17:36	24.72	0.01	18	44496	买盘
14:17:33	24.71	-0.01	16	39536	卖盘
14:17:27	24.72	0.01	25	61800	买盘
14:17:24	24.71	--	2	4942	卖盘
14:17:21	24.71	--	114	281694	卖盘
14:17:18	24.71	-0.01	7	17297	卖盘
14:17:15	24.72	0.01	16	39552	买盘
14:17:09	24.71	-0.01	30	74130	卖盘
14:17:03	24.72	--	4	9888	买盘
14:17:00	24.72	--	7	17304	买盘
14:16:57	24.72	--	3	7416	买盘
14:16:51	24.72	0.01	44	108768	买盘
14:16:48	24.71	-0.01	42	103782	卖盘
14:16:45	24.72	0.01	41	101352	买盘
14:16:39	24.71	-0.01	31	76601	卖盘
14:16:36	24.72	0.01	44	108768	买盘
14:16:33	24.71	--	43	106253	卖盘
14:16:30	24.71	--	162	400302	买盘
14:16:27	24.71	--	20	49420	买盘
14:16:24	24.71	--	29	71659	买盘
14:16:21	24.71	--	12	29652	买盘
14:16:15	24.71	--	34	84014	买盘
14:16:09	24.71	--	27	66717	买盘
14:16:06	24.71	0.01	47	116137	买盘
14:16:03	24.7	-0.01	28	69160	卖盘
14:16:00	24.71	0.01	18	44478	买盘
14:15:57	24.7	-0.01	10	24700	卖盘
14:15:51	24.71	--	5	12355	买盘
14:15:48	24.71	-0.01	16	39536	卖盘
14:15:42	24.72	0.02	2	4944	买盘
14:15:33	24.7	-0.01	42	103740	卖盘
14:15:30	24.71	--	1	2471	买盘
14:15:24	24.71	-0.01	27	66717	卖盘
14:15:21	24.72	--	7	17304	买盘
14:15:18	24.72	--	10	24720	买盘
14:15:15	24.72	--	3	7416	买盘
14:15:03	24.72	--	83	205176	买盘
14:14:54	24.72	--	10	24720	买盘
14:14:51	24.72	0.01	1	2472	买盘
14:14:48	24.71	--	134	332176	卖盘
14:14:45	24.71	--	54	134916	买盘
14:14:42	24.71	--	1	2471	买盘
14:14:39	24.71	--	3	7413	买盘
14:14:36	24.71	0.01	13	32123	买盘
14:14:33	24.7	-0.01	45	111150	卖盘
14:14:30	24.71	--	22	54362	买盘
14:14:27	24.71	--	32	79072	买盘
14:14:24	24.71	--	80	197680	买盘
14:14:21	24.71	0.01	14	34594	买盘
14:14:18	24.7	-0.01	2	4940	卖盘
14:14:15	24.71	--	1	2471	买盘
14:14:12	24.71	--	11	27181	买盘
14:14:09	24.71	--	37	91427	买盘
14:14:06	24.71	--	2	4942	买盘
14:14:03	24.71	0.01	38	93898	买盘
14:14:00	24.7	-0.01	82	202540	卖盘
14:13:57	24.71	--	44	108724	买盘
14:13:54	24.71	--	9	22239	买盘
14:13:51	24.71	--	5	12355	买盘
14:13:48	24.71	--	1	2471	买盘
14:13:45	24.71	-0.01	10	24710	中性盘
14:13:39	24.72	0.01	29	71688	买盘
14:13:36	24.71	0.01	1	2471	中性盘
14:13:33	24.7	-0.02	65	160550	卖盘
14:13:30	24.72	--	10	24720	买盘
14:13:27	24.72	0.01	18	46473	买盘
14:13:24	24.71	--	10	24710	卖盘
14:13:12	24.71	--	6	16308	卖盘
14:13:09	24.71	0.01	2	5930	买盘
14:12:57	24.7	-0.01	35	86450	卖盘
14:12:54	24.71	--	0	1482	卖盘
14:12:48	24.71	--	44	109712	买盘
14:12:45	24.71	--	2	4942	买盘
14:12:42	24.71	0.01	7	17297	买盘
14:12:39	24.7	-0.01	159	392730	卖盘
14:12:33	24.71	--	3	7413	买盘
14:12:30	24.71	--	10	24710	买盘
14:12:27	24.71	0.01	10	24710	买盘
14:12:24	24.7	-0.01	30	74100	卖盘
14:12:18	24.71	--	75	185325	买盘
14:12:15	24.71	0.01	2	4942	买盘
14:12:09	24.7	-0.01	13	32110	卖盘
14:12:06	24.71	0.01	100	247100	买盘
14:12:03	24.7	-0.01	1	2470	卖盘
14:11:57	24.71	0.01	10	24710	买盘
14:11:54	24.7	-0.01	29	71630	卖盘
14:11:48	24.71	--	24	59304	买盘
14:11:45	24.71	--	21	51891	买盘
14:11:42	24.71	0.01	6	14826	买盘
14:11:39	24.7	-0.01	24	59280	卖盘
14:11:36	24.71	0.01	12	29652	买盘
14:11:33	24.7	-0.01	8	19760	卖盘
14:11:24	24.71	--	193	476903	买盘
14:11:21	24.71	--	14	34594	买盘
14:11:15	24.71	0.01	21	51891	买盘
14:11:03	24.7	--	41	101270	卖盘
14:10:57	24.7	--	79	195130	卖盘
14:10:54	24.7	--	46	113620	卖盘
14:10:51	24.7	--	66	163020	卖盘
14:10:48	24.7	--	29	71630	卖盘
14:10:45	24.7	--	10	24700	卖盘
14:10:27	24.7	-0.01	199	491530	卖盘
14:10:24	24.71	--	50	123550	买盘
14:10:21	24.71	0.01	9	22239	买盘
14:10:18	24.7	--	101	249470	卖盘
14:10:15	24.7	-0.01	16	39520	卖盘
14:10:12	24.71	0.01	71	175441	买盘
14:10:09	24.7	--	30	74100	卖盘
14:10:06	24.7	-0.01	68	167960	卖盘
14:10:03	24.71	--	28	69188	买盘
14:10:00	24.71	0.01	26	64246	买盘
14:09:57	24.7	--	77	190190	卖盘
14:09:54	24.7	-0.01	54	134862	卖盘
14:09:51	24.71	--	20	50408	卖盘
14:09:48	24.71	--	6	14826	买盘
14:09:45	24.71	--	5	12355	买盘
14:09:42	24.71	0.01	13	32123	卖盘
14:09:39	24.7	-0.01	32	79040	卖盘
14:09:33	24.71	--	12	29652	卖盘
14:09:30	24.71	--	8	21744	买盘
14:09:24	24.71	--	1	2471	买盘
14:09:18	24.71	--	15	37065	买盘
14:09:15	24.71	-0.02	142	351376	卖盘
14:09:12	24.73	0.01	42	103866	买盘
14:09:09	24.72	--	131	325809	买盘
14:09:06	24.72	--	26	64272	买盘
14:09:03	24.72	--	7	17304	买盘
14:09:00	24.72	--	1	2472	买盘
14:08:57	24.72	--	2	4944	买盘
14:08:48	24.72	--	2	4944	买盘
14:08:42	24.72	--	2	4944	买盘
14:08:39	24.72	--	62	153264	买盘
14:08:36	24.72	--	35	86520	买盘
14:08:33	24.72	0.02	4	9888	买盘
14:08:30	24.7	-0.02	100	247000	卖盘
14:08:24	24.72	0.01	3	7416	买盘
14:08:21	24.71	-0.01	2	4942	卖盘
14:08:18	24.72	0.01	8	19776	买盘
14:08:15	24.71	--	2	4942	买盘
14:08:12	24.71	--	11	27181	买盘
14:08:09	24.71	0.01	31	76601	买盘
14:08:03	24.7	--	4	9880	卖盘
14:08:00	24.7	--	5	12350	卖盘
14:07:57	24.7	-0.02	15	37050	卖盘
14:07:54	24.72	--	54	133488	买盘
14:07:45	24.72	--	3	7416	买盘
14:07:42	24.72	--	10	24720	买盘
14:07:39	24.72	--	33	81576	买盘
14:07:36	24.72	--	17	42518	卖盘
14:07:30	24.72	--	18	44496	卖盘
14:07:21	24.72	--	6	14832	卖盘
14:07:12	24.72	--	3	7416	卖盘
14:07:09	24.72	0.02	157	390081	买盘
14:07:03	24.7	-0.02	1	2470	卖盘
14:06:57	24.72	--	4	9888	买盘
14:06:48	24.72	0.03	91	224952	买盘
14:06:39	24.69	--	418	1032042	卖盘
14:06:36	24.69	--	5	12345	卖盘
14:06:33	24.69	-0.01	52	128388	卖盘
14:06:30	24.7	--	9	22230	买盘
14:06:27	24.7	--	12	29640	买盘
14:06:24	24.7	--	50	123500	买盘
14:06:21	24.7	0.01	10	24700	买盘
14:06:18	24.69	-0.01	30	74070	卖盘
14:06:15	24.7	--	16	39520	买盘
14:06:09	24.7	--	1	2470	买盘
14:06:03	24.7	0.01	1	2470	买盘
14:06:00	24.69	--	21	51849	卖盘
14:05:57	24.69	-0.01	8	19752	卖盘
14:05:54	24.7	--	4	9880	买盘
14:05:48	24.7	--	376	928720	买盘
14:05:45	24.7	0.01	845	2087150	买盘
14:05:42	24.69	--	11	27159	买盘
14:05:39	24.69	0.01	5	12345	买盘
14:05:36	24.68	-0.01	55	135740	卖盘
14:05:33	24.69	--	5	12345	卖盘
14:05:30	24.69	-0.01	14	34566	卖盘
14:05:27	24.7	--	10	24700	买盘
14:05:24	24.7	0.01	5	12350	买盘
14:05:18	24.69	0.01	6	16492	买盘
14:05:15	24.68	-0.01	5	12340	卖盘
14:05:12	24.69	--	10	24690	买盘
14:05:09	24.69	--	5	12345	买盘
14:05:06	24.69	0.01	17	41973	买盘
14:05:03	24.68	-0.01	10	24680	卖盘
14:05:00	24.69	--	2	4938	买盘
14:04:57	24.69	--	6	14814	买盘
14:04:54	24.69	0.01	1	2469	买盘
14:04:48	24.68	-0.01	11	27148	卖盘
14:04:45	24.69	0.01	9	22221	买盘
14:04:42	24.68	-0.01	7	17276	卖盘
14:04:39	24.69	0.02	10	24690	买盘
14:04:36	24.67	-0.01	20	49340	卖盘
14:04:33	24.68	-0.01	5	12340	卖盘
14:04:30	24.69	0.01	200	493800	买盘
14:04:24	24.68	--	169	417092	卖盘
14:04:18	24.68	0.01	15	37020	买盘
14:04:12	24.67	-0.01	34	83878	卖盘
14:04:00	24.68	--	113	278884	中性盘
14:03:54	24.68	--	2	4936	买盘
14:03:51	24.68	-0.01	6	14808	卖盘
14:03:48	24.69	--	75	185175	买盘
14:03:42	24.69	0.01	16	39504	买盘
14:03:36	24.68	--	171	422028	卖盘
14:03:33	24.68	-0.01	40	98720	卖盘
14:03:30	24.69	--	1	2469	买盘
14:03:27	24.69	0.01	1	2469	买盘
14:03:24	24.68	-0.01	11	27148	卖盘
14:03:21	24.69	--	11	27159	买盘
14:03:18	24.69	--	15	38318	卖盘
14:03:15	24.69	-0.01	9	22221	卖盘
14:03:12	24.7	0.01	133	328510	买盘
14:03:09	24.69	--	25	61725	卖盘
14:03:06	24.69	-0.01	4	9876	卖盘
14:03:03	24.7	--	2	4940	买盘
14:03:00	24.7	--	10	24700	买盘
14:02:57	24.7	0.01	110	271700	买盘
14:02:54	24.69	-0.01	5	12345	卖盘
14:02:51	24.7	--	13	32110	买盘
14:02:48	24.7	--	20	49400	买盘
14:02:45	24.7	0.01	40	98800	买盘
14:02:42	24.69	-0.01	1	2469	卖盘
14:02:39	24.7	0.01	9	22230	买盘
14:02:36	24.69	--	30	74070	卖盘
14:02:33	24.69	--	4	9876	卖盘
14:02:30	24.69	-0.01	7	17283	卖盘
14:02:27	24.7	0.01	21	51870	买盘
14:02:24	24.69	--	40	98760	卖盘
14:02:18	24.69	--	13	32590	卖盘
14:02:15	24.69	--	616	1523348	卖盘
14:02:09	24.69	--	9	22221	卖盘
14:02:06	24.69	--	1	2469	卖盘
14:02:03	24.69	-0.01	18	44442	卖盘
14:01:57	24.7	0.01	2	5928	买盘
14:01:51	24.69	--	304	750576	卖盘
14:01:48	24.69	-0.01	12	29628	卖盘
14:01:45	24.7	--	1	2470	买盘
14:01:42	24.7	--	3	7410	买盘
14:01:39	24.7	0.01	53	130910	买盘
14:01:36	24.69	-0.01	713	1760397	卖盘
14:01:33	24.7	--	4	9880	买盘
14:01:30	24.7	--	6	14820	买盘
14:01:24	24.7	-0.01	51	125970	中性盘
14:01:15	24.71	--	27	66717	买盘
14:01:12	24.71	0.01	46	113666	买盘
14:01:09	24.7	-0.01	1	2470	买盘
14:01:06	24.71	0.02	10	24710	买盘
14:01:00	24.69	-0.02	43	106167	卖盘
14:00:54	24.71	--	7	17297	买盘
14:00:51	24.71	0.01	52	128492	卖盘
14:00:45	24.7	-0.01	7	17290	卖盘
14:00:42	24.71	0.02	3	7413	买盘
14:00:39	24.69	-0.02	609	1503621	卖盘
14:00:36	24.71	0.01	56	138870	买盘
14:00:33	24.7	--	604	1491880	卖盘
14:00:27	24.7	--	52	128440	卖盘
14:00:24	24.7	--	615	1519050	卖盘
14:00:21	24.7	--	300	741000	卖盘
14:00:18	24.7	-0.02	589	1454830	卖盘
14:00:15	24.72	--	3	7416	买盘
14:00:12	24.72	0.02	25	61800	中性盘
14:00:09	24.7	-0.01	627	1548690	卖盘
14:00:06	24.71	-0.01	28	69188	卖盘
14:00:03	24.72	0.01	11	27192	中性盘
14:00:00	24.71	-0.01	30	74130	卖盘
13:59:57	24.72	-0.01	53	131016	卖盘
13:59:54	24.73	0.01	3	7419	买盘
13:59:51	24.72	--	143	353496	卖盘
13:59:45	24.72	--	19	46968	卖盘
13:59:42	24.72	--	6	14832	卖盘
13:59:39	24.72	--	45	111240	卖盘
13:59:33	24.72	-0.01	151	373272	卖盘
13:59:27	24.73	--	2	4946	买盘
13:59:21	24.73	0.01	20	49460	买盘
13:59:15	24.72	-0.01	7	17304	卖盘
13:59:09	24.73	--	23	56879	买盘
13:59:06	24.73	--	1	2473	买盘
13:59:03	24.73	-0.01	164	407550	卖盘
13:59:00	24.74	0.01	3	7421	买盘
13:58:57	24.73	--	56	138488	卖盘
13:58:54	24.73	--	3	7419	卖盘
13:58:45	24.73	-0.01	60	148380	卖盘
13:58:42	24.74	0.01	1	2474	买盘
13:58:39	24.73	--	37	91501	卖盘
13:58:33	24.73	-0.01	10	24730	卖盘
13:58:30	24.74	--	241	596234	买盘
13:58:21	24.74	--	16	39584	买盘
13:58:15	24.74	-0.01	64	158336	卖盘
13:58:12	24.75	--	70	173250	买盘
13:58:03	24.75	--	4	9900	买盘
13:58:00	24.75	--	1	2475	买盘
13:57:57	24.75	--	4	9900	买盘
13:57:54	24.75	--	1	2475	买盘
13:57:51	24.75	--	7	17325	买盘
13:57:48	24.75	--	17	42075	买盘
13:57:42	24.75	--	1	2475	买盘
13:57:39	24.75	0.01	3	7425	卖盘
13:57:36	24.74	-0.01	20	49480	卖盘
13:57:33	24.75	--	3	8910	卖盘
13:57:27	24.75	0.01	2	5940	买盘
13:57:24	24.74	-0.01	2	4948	卖盘
13:57:21	24.75	--	15	37125	买盘
13:57:18	24.75	--	11	27225	买盘
13:57:15	24.75	0.01	15	37125	买盘
13:57:09	24.74	-0.01	2	4948	卖盘
13:57:06	24.75	--	25	61875	买盘
13:57:03	24.75	--	1	2475	买盘
13:56:48	24.75	--	5	12375	买盘
13:56:45	24.75	--	1	2475	买盘
13:56:39	24.75	0.01	10	24750	买盘
13:56:36	24.74	-0.01	13	32161	卖盘
13:56:30	24.75	0.01	4	9900	买盘
13:56:27	24.74	0.01	6	14843	中性盘
13:56:18	24.73	--	15	37095	卖盘
13:56:15	24.73	-0.01	28	69738	卖盘
13:56:12	24.74	--	21	51954	买盘
13:56:06	24.74	--	34	84116	买盘
13:56:03	24.74	--	4	9896	买盘
13:56:00	24.74	--	3	7421	买盘
13:55:57	24.74	--	1	2474	买盘
13:55:51	24.74	0.01	25	61849	买盘
13:55:48	24.73	-0.01	8	19784	卖盘
13:55:45	24.74	--	31	76694	买盘
13:55:42	24.74	0.01	25	61849	买盘
13:55:36	24.73	-0.01	7	17311	卖盘
13:55:30	24.74	--	57	141018	买盘
13:55:27	24.74	0.01	3	7421	买盘
13:55:24	24.73	-0.01	59	145907	卖盘
13:55:21	24.74	--	21	51954	买盘
13:55:12	24.74	0.01	4	9896	买盘
13:55:03	24.73	--	7	17311	卖盘
13:54:57	24.73	-0.01	297	734481	卖盘
13:54:54	24.74	--	18	44532	买盘
13:54:51	24.74	--	17	42058	买盘
13:54:48	24.74	--	4	9896	买盘
13:54:45	24.74	--	116	288963	卖盘
13:54:39	24.74	--	20	49480	卖盘
13:54:30	24.74	--	72	178128	卖盘
13:54:27	24.74	-0.04	94	232555	卖盘
13:54:21	24.78	0.02	14	34692	买盘
13:54:18	24.76	--	6	14856	卖盘
13:54:15	24.76	--	10	24760	卖盘
13:54:09	24.76	--	6	14856	买盘
13:54:06	24.76	-0.02	4	9904	卖盘
13:54:03	24.78	0.02	40	99120	买盘
13:54:00	24.76	-0.02	3	7428	中性盘
13:53:48	24.78	0.02	22	54516	买盘
13:53:45	24.76	0.01	3	7428	中性盘
13:53:39	24.75	--	44	108900	卖盘
13:53:36	24.75	--	87	215325	卖盘
13:53:33	24.75	-0.03	30	74250	卖盘
13:53:30	24.78	0.03	8	19824	买盘
13:53:24	24.75	-0.01	43	106425	卖盘
13:53:21	24.76	--	5	12380	卖盘
13:53:18	24.76	--	7	17332	卖盘
13:53:12	24.76	0.01	3	7428	卖盘
13:53:09	24.75	-0.03	1	2475	卖盘
13:52:57	24.78	0.01	18	44604	买盘
13:52:51	24.77	0.01	1	2477	中性盘
13:52:45	24.76	-0.01	11	27236	卖盘
13:52:39	24.77	0.02	26	64402	买盘
13:52:30	24.75	-0.02	24	59400	卖盘
13:52:24	24.77	0.01	2	4954	买盘
13:52:21	24.76	--	10	24760	卖盘
13:52:18	24.76	--	25	61900	卖盘
13:52:15	24.76	--	2	4952	卖盘
13:52:06	24.76	0.01	45	111420	买盘
13:52:03	24.75	-0.01	7	17325	卖盘
13:52:00	24.76	--	32	79232	买盘
13:51:51	24.76	--	1	2476	买盘
13:51:48	24.76	--	5	12380	买盘
13:51:33	24.76	-0.01	45	111420	卖盘
13:51:30	24.77	--	4	9908	买盘
13:51:27	24.77	--	30	74310	买盘
13:51:24	24.77	--	1	2477	买盘
13:51:21	24.77	--	32	79264	买盘
13:51:15	24.77	--	5	12385	买盘
13:51:09	24.77	--	1	2477	买盘
13:51:06	24.77	--	25	61925	买盘
13:51:03	24.77	--	26	64402	买盘
13:51:00	24.77	--	8	19816	买盘
13:50:45	24.77	--	9	22293	买盘
13:50:42	24.77	-0.01	10	24770	卖盘
13:50:39	24.78	--	5	12390	买盘
13:50:36	24.78	--	1	2478	买盘
13:50:30	24.78	--	12	29736	买盘
13:50:27	24.78	--	5	12390	买盘
13:50:24	24.78	0.01	10	24780	买盘
13:50:21	24.77	-0.01	4	9908	卖盘
13:50:18	24.78	--	9	22302	买盘
13:50:15	24.78	--	1	2478	买盘
13:50:12	24.78	--	4	9912	买盘
13:50:03	24.78	0.01	51	126378	买盘
13:50:00	24.77	--	20	49540	买盘
13:49:57	24.77	--	6	16843	卖盘
13:49:48	24.77	--	66	163482	卖盘
13:49:45	24.77	--	5	12385	卖盘
13:49:39	24.77	--	4	9908	卖盘
13:49:36	24.77	-0.01	10	24770	卖盘
13:49:27	24.78	--	43	106554	买盘
13:49:21	24.78	0.01	7	17346	买盘
13:49:18	24.77	--	1	2477	卖盘
13:49:12	24.77	--	11	27247	卖盘
13:49:03	24.77	0.01	55	136730	买盘
13:49:00	24.76	--	1	2476	卖盘
13:48:57	24.76	--	21	51996	卖盘
13:48:48	24.76	--	22	54472	买盘
13:48:45	24.76	-0.01	10	24760	卖盘
13:48:42	24.77	0.01	11	27247	买盘
13:48:39	24.76	--	1	2476	卖盘
13:48:30	24.76	-0.01	1	2476	卖盘
13:48:21	24.77	0.01	43	106511	买盘
13:48:18	24.76	--	5	12380	卖盘
13:48:15	24.76	0.01	3	7428	中性盘
13:48:12	24.75	-0.01	100	247500	卖盘
13:48:09	24.76	0.01	17	42092	买盘
13:48:03	24.75	--	30	74250	卖盘
13:48:00	24.75	--	5	12375	卖盘
13:47:57	24.75	-0.01	18	44550	卖盘
13:47:54	24.76	--	2	4952	买盘
13:47:45	24.76	--	21	51996	买盘
13:47:39	24.76	0.01	2	4952	买盘
13:47:36	24.75	--	6	14850	买盘
13:47:30	24.75	-0.01	4	9900	中性盘
13:47:27	24.76	0.01	3	7428	买盘
13:47:24	24.75	--	10	24750	买盘
13:47:21	24.75	--	1	2475	买盘
13:47:18	24.75	-0.01	167	413325	卖盘
13:47:15	24.76	--	2	4952	买盘
13:47:03	24.76	0.01	22	54472	买盘
13:46:57	24.75	-0.01	13	32175	卖盘
13:46:54	24.76	--	60	148560	卖盘
13:46:36	24.76	--	2	4952	卖盘
13:46:33	24.76	0.01	4	9904	中性盘
13:46:24	24.75	--	2	4950	买盘
13:46:21	24.75	--	4	9900	买盘
13:46:18	24.75	--	15	37125	卖盘
13:46:12	24.75	--	13	32175	卖盘
13:46:09	24.75	--	2	4950	卖盘
13:46:03	24.75	-0.03	10	24750	卖盘
13:45:57	24.78	--	20	49560	买盘
13:45:51	24.78	0.01	59	146202	买盘
13:45:48	24.77	--	15	37155	买盘
13:45:45	24.77	0.02	3	7431	中性盘
13:45:42	24.75	-0.03	8	19800	卖盘
13:45:33	24.78	--	10	24780	买盘
13:45:24	24.78	0.01	5	12390	买盘
13:45:21	24.77	-0.01	2	4954	卖盘
13:45:15	24.78	--	6	14868	买盘
13:45:03	24.78	-0.01	27	66906	卖盘
13:45:00	24.79	0.01	1	2479	买盘
13:44:57	24.78	--	17	42126	卖盘
13:44:54	24.78	--	29	71862	卖盘
13:44:51	24.78	--	41	101598	卖盘
13:44:48	24.78	--	7	17346	卖盘
13:44:45	24.78	-0.01	50	123900	卖盘
13:44:42	24.79	0.01	55	136345	买盘
13:44:36	24.78	--	33	81774	卖盘
13:44:33	24.78	--	2	4956	卖盘
13:44:27	24.78	--	5	12390	卖盘
13:44:24	24.78	--	15	37170	卖盘
13:44:21	24.78	-0.01	24	59472	卖盘
13:44:15	24.79	0.01	43	106597	买盘
13:44:06	24.78	-0.01	4	9912	卖盘
13:44:03	24.79	--	4	9916	买盘
13:44:00	24.79	--	30	74370	买盘
13:43:54	24.79	--	65	161135	买盘
13:43:51	24.79	--	21	52059	卖盘
13:43:48	24.79	--	3	7437	卖盘
13:43:42	24.79	--	5	12395	卖盘
13:43:39	24.79	--	15	37185	买盘
13:43:36	24.79	--	7	17353	卖盘
13:43:33	24.79	--	5	12395	买盘
13:43:30	24.79	0.01	22	54538	买盘
13:43:27	24.78	-0.01	28	69384	卖盘
13:43:24	24.79	--	9	22311	买盘
13:43:21	24.79	--	15	37185	买盘
13:43:18	24.79	0.01	1	2479	买盘
13:43:15	24.78	-0.01	2	4956	卖盘
13:43:12	24.79	0.01	20	49580	买盘
13:43:03	24.78	-0.01	2	5451	卖盘
13:42:54	24.79	--	15	37185	买盘
13:42:51	24.79	0.01	3	7437	买盘
13:42:45	24.78	-0.01	5	14372	卖盘
13:42:39	24.79	0.01	7	17353	买盘
13:42:36	24.78	-0.01	6	14868	卖盘
13:42:30	24.79	--	11	27269	买盘
13:42:24	24.79	0.02	300	743700	买盘
13:42:21	24.77	--	1	2477	卖盘
13:42:15	24.77	--	1	2477	卖盘
13:42:12	24.77	-0.01	8	19816	卖盘
13:42:06	24.78	0.01	100	247800	买盘
13:42:03	24.77	--	1	2477	卖盘
13:41:51	24.77	--	8	19816	卖盘
13:41:48	24.77	--	5	12385	卖盘
13:41:45	24.77	--	82	203609	买盘
13:41:42	24.77	0.02	44	108988	买盘
13:41:39	24.75	--	82	202950	卖盘
13:41:36	24.75	--	10	24750	卖盘
13:41:27	24.75	--	15	37125	买盘
13:41:24	24.75	0.01	11	27225	买盘
13:41:21	24.74	-0.01	38	94012	卖盘
13:41:18	24.75	--	1	2475	买盘
13:41:12	24.75	--	2	4950	买盘
13:41:09	24.75	0.01	14	34650	买盘
13:41:06	24.74	--	2	4948	卖盘
13:41:03	24.74	--	1	2474	卖盘
13:41:00	24.74	-0.01	5	12864	卖盘
13:40:51	24.75	0.01	1	2475	买盘
13:40:48	24.74	-0.03	27	66798	卖盘
13:40:45	24.77	0.02	50	123850	买盘
13:40:36	24.75	--	1	2475	买盘
13:40:30	24.75	-0.01	4	9900	卖盘
13:40:27	24.76	0.01	61	151036	买盘
13:40:24	24.75	--	4	9900	买盘
13:40:21	24.75	--	5	12375	卖盘
13:40:18	24.75	0.01	14	34650	买盘
13:40:15	24.74	-0.01	5	12370	卖盘
13:40:06	24.75	0.01	10	24750	买盘
13:40:03	24.74	--	4	9896	卖盘
13:39:54	24.74	0.01	44	108856	买盘
13:39:51	24.73	-0.01	10	24730	卖盘
13:39:48	24.74	0.02	1	2474	买盘
13:39:42	24.72	-0.01	10	24720	卖盘
13:39:39	24.73	--	8	19784	卖盘
13:39:36	24.73	0.01	3	7419	买盘
13:39:33	24.72	--	1	2472	卖盘
13:39:24	24.72	--	117	289224	买盘
13:39:21	24.72	--	4	9888	买盘
13:39:18	24.72	--	1	2472	买盘
13:39:15	24.72	--	10	24720	买盘
13:39:12	24.72	--	20	49440	买盘
13:39:06	24.72	0.01	205	506760	买盘
13:39:03	24.71	-0.01	6	14826	卖盘
13:39:00	24.72	--	10	24720	买盘
13:38:54	24.72	--	7	17304	买盘
13:38:51	24.72	--	18	44496	买盘
13:38:48	24.72	0.01	20	49440	买盘
13:38:45	24.71	-0.01	6	14826	卖盘
13:38:42	24.72	--	11	27192	买盘
13:38:39	24.72	--	2	4944	买盘
13:38:36	24.72	--	7	17304	买盘
13:38:33	24.72	--	16	39552	买盘
13:38:30	24.72	-0.01	163	402936	卖盘
13:38:27	24.73	0.01	17	42041	买盘
13:38:24	24.72	--	10	24720	卖盘
13:38:21	24.72	--	1	2472	卖盘
13:38:18	24.72	-0.01	29	71688	卖盘
13:38:15	24.73	0.01	14	34622	买盘
13:38:12	24.72	--	52	128544	买盘
13:38:09	24.72	0.01	20	49440	买盘
13:38:06	24.71	-0.01	282	696822	卖盘
13:38:00	24.72	--	132	326304	买盘
13:37:57	24.72	--	8	19776	买盘
13:37:54	24.72	0.01	6	14832	买盘
13:37:51	24.71	-0.01	1	2471	卖盘
13:37:48	24.72	--	34	84048	买盘
13:37:45	24.72	0.01	20	49440	买盘
13:37:42	24.71	-0.01	8	20756	卖盘
13:37:39	24.72	0.01	1	2472	买盘
13:37:36	24.71	-0.01	41	101311	卖盘
13:37:33	24.72	--	2	4944	买盘
13:37:30	24.72	--	25	61800	买盘
13:37:27	24.72	--	4	9888	买盘
13:37:24	24.72	--	1	2472	买盘
13:37:21	24.72	0.01	46	113712	买盘
13:37:18	24.71	--	304	751184	卖盘
13:37:15	24.71	-0.01	13	32123	卖盘
13:37:12	24.72	0.01	60	148320	买盘
13:37:09	24.71	-0.01	9	22239	卖盘
13:37:03	24.72	--	3	7416	买盘
13:36:57	24.72	--	20	49440	买盘
13:36:54	24.72	--	199	491928	卖盘
13:36:51	24.72	-0.01	261	645192	卖盘
13:36:45	24.73	0.01	5	12365	中性盘
13:36:42	24.72	-0.02	39	96408	卖盘
13:36:39	24.74	0.02	4	9896	买盘
13:36:36	24.72	-0.01	229	566088	卖盘
13:36:30	24.73	-0.02	203	502019	卖盘
13:36:21	24.75	0.01	34	84150	买盘
13:36:18	24.74	--	7	17318	卖盘
13:36:15	24.74	--	23	56902	卖盘
13:36:12	24.74	--	163	403262	卖盘
13:36:09	24.74	-0.01	22	54428	卖盘
13:36:03	24.75	--	34	84150	卖盘
13:36:00	24.75	--	5	12375	卖盘
13:35:54	24.75	-0.01	11	27225	卖盘
13:35:51	24.76	0.01	4	9904	买盘
13:35:48	24.75	--	8	19800	卖盘
13:35:45	24.75	-0.02	10	24750	卖盘
13:35:42	24.77	0.01	52	128804	买盘
13:35:39	24.76	--	4	9904	买盘
13:35:36	24.76	-0.01	8	19808	卖盘
13:35:27	24.77	--	1	2477	买盘
13:35:24	24.77	--	4	9908	买盘
13:35:21	24.77	--	18	44586	买盘
13:35:18	24.77	-0.01	4	9908	卖盘
13:35:12	24.78	--	52	128856	买盘
13:35:09	24.78	--	10	24780	买盘
13:35:06	24.78	--	46	113988	卖盘
13:35:03	24.78	--	54	133812	卖盘
13:35:00	24.78	--	20	49560	卖盘
13:34:57	24.78	-0.01	36	89208	卖盘
13:34:54	24.79	--	11	27269	买盘
13:34:48	24.79	0.01	2	4958	买盘
13:34:45	24.78	-0.01	56	139263	卖盘
13:34:42	24.79	0.01	1	2479	买盘
13:34:39	24.78	-0.01	7	17346	卖盘
13:34:36	24.79	0.01	52	128908	买盘
13:34:33	24.78	--	52	128856	卖盘
13:34:30	24.78	-0.01	10	24780	卖盘
13:34:27	24.79	0.01	4	9916	买盘
13:34:24	24.78	--	5	12390	卖盘
13:34:18	24.78	--	16	39648	卖盘
13:34:15	24.78	--	4	9912	卖盘
13:34:03	24.78	--	13	33205	卖盘
13:34:00	24.78	--	1	2478	卖盘
13:33:57	24.78	0.01	85	211621	买盘
13:33:54	24.77	-0.01	100	247700	卖盘
13:33:48	24.78	0.01	34	84252	买盘
13:33:42	24.77	-0.01	15	37155	卖盘
13:33:39	24.78	0.01	87	215586	买盘
13:33:36	24.77	--	4	9908	卖盘
13:33:30	24.77	--	18	44586	卖盘
13:33:21	24.77	--	2	4954	卖盘
13:33:15	24.77	--	31	76787	卖盘
13:33:09	24.77	-0.01	27	66879	卖盘
13:33:06	24.78	0.01	3	7434	买盘
13:33:00	24.77	-0.01	6	14862	卖盘
13:32:51	24.78	--	1	2478	买盘
13:32:42	24.78	-0.01	21	53524	卖盘
13:32:39	24.79	--	13	32227	买盘
13:32:36	24.79	--	91	225589	买盘
13:32:30	24.79	0.01	2	4958	买盘
13:32:24	24.78	--	12	29736	卖盘
13:32:21	24.78	-0.01	26	64428	卖盘
13:32:18	24.79	0.01	4	9916	买盘
13:32:03	24.78	-0.01	10	24780	卖盘
13:32:00	24.79	0.01	10	24790	中性盘
13:31:57	24.78	-0.02	32	79296	卖盘
13:31:54	24.8	0.02	10	24800	买盘
13:31:48	24.78	--	58	143724	卖盘
13:31:45	24.78	-0.01	2	4956	卖盘
13:31:42	24.79	0.02	379	940532	买盘
13:31:39	24.77	--	16	41613	卖盘
13:31:36	24.77	-0.01	112	277424	卖盘
13:31:33	24.78	--	1	2478	买盘
13:31:30	24.78	0.01	14	34692	买盘
13:31:27	24.77	--	2	4954	卖盘
13:31:21	24.77	--	1	2477	卖盘
13:31:18	24.77	--	137	339844	买盘
13:31:15	24.77	0.01	6	14862	买盘
13:31:12	24.76	-0.01	1	2476	卖盘
13:31:09	24.77	0.01	40	99080	买盘
13:31:06	24.76	-0.01	36	89136	卖盘
13:30:57	24.77	--	3	7431	买盘
13:30:54	24.77	--	93	230361	买盘
13:30:51	24.77	-0.01	52	130785	卖盘
13:30:48	24.78	-0.01	10	24780	卖盘
13:30:45	24.79	--	40	99160	买盘
13:30:39	24.79	0.01	3	7437	买盘
13:30:36	24.78	--	2	4956	卖盘
13:30:30	24.78	0.01	19	47082	买盘
13:30:27	24.77	--	10	24770	卖盘
13:30:18	24.77	--	30	75796	卖盘
13:30:15	24.77	0.01	55	137721	买盘
13:30:12	24.76	--	1	2476	卖盘
13:30:09	24.76	0.02	24	59424	卖盘
13:30:00	24.74	-0.03	92	227608	卖盘
13:29:57	24.77	0.01	67	165959	买盘
13:29:54	24.76	0.02	17	42092	买盘
13:29:45	24.74	-0.02	14	34636	卖盘
13:29:42	24.76	-0.02	5	12380	中性盘
13:29:36	24.78	0.01	51	126378	买盘
13:29:33	24.77	--	2	4954	卖盘
13:29:30	24.77	--	5	12385	卖盘
13:29:18	24.77	--	2	4954	卖盘
13:29:15	24.77	0.01	5	12385	卖盘
13:29:12	24.76	--	93	230268	卖盘
13:29:09	24.76	0.02	10	24760	中性盘
13:29:03	24.74	-0.03	105	259769	卖盘
13:29:00	24.77	0.01	4	9908	买盘
13:28:51	24.76	--	35	86660	买盘
13:28:48	24.76	--	44	108944	买盘
13:28:45	24.76	0.03	4	9904	买盘
13:28:42	24.73	-0.03	3	7419	中性盘
13:28:36	24.76	0.03	58	143608	买盘
13:28:33	24.73	--	62	153326	买盘
13:28:30	24.73	--	10	24730	买盘
13:28:27	24.73	0.01	32	79136	买盘
13:28:24	24.72	-0.01	31	76632	卖盘
13:28:21	24.73	--	200	494600	买盘
13:28:18	24.73	--	20	49460	买盘
13:28:15	24.73	--	11	27203	买盘
13:28:12	24.73	0.01	21	51933	买盘
13:28:09	24.72	-0.01	15	37080	卖盘
13:28:06	24.73	--	12	29676	买盘
13:28:03	24.73	--	106	262138	买盘
13:28:00	24.73	--	11	27203	买盘
13:27:57	24.73	--	21	51933	买盘
13:27:54	24.73	-0.03	251	620723	卖盘
13:27:51	24.76	0.03	1	2476	中性盘
13:27:48	24.73	--	15	37095	卖盘
13:27:45	24.73	-0.05	9	22257	卖盘
13:27:42	24.78	0.02	16	39648	买盘
13:27:36	24.76	0.03	17	42092	买盘
13:27:33	24.73	--	12	29676	买盘
13:27:30	24.73	0.01	139	343747	买盘
13:27:27	24.72	--	11	27192	卖盘
13:27:24	24.72	-0.01	10	24720	卖盘
13:27:21	24.73	0.01	1	2473	买盘
13:27:15	24.72	-0.01	10	24720	卖盘
13:27:12	24.73	0.01	29	71717	买盘
13:27:09	24.72	--	13	32136	卖盘
13:27:06	24.72	--	5	12360	卖盘
13:27:03	24.72	--	6	14832	买盘
13:27:00	24.72	0.01	29	71688	买盘
13:26:57	24.71	-0.01	44	108724	卖盘
13:26:54	24.72	--	1	2472	买盘
13:26:51	24.72	0.01	32	79104	买盘
13:26:48	24.71	--	11	27181	卖盘
13:26:45	24.71	-0.02	151	373121	卖盘
13:26:42	24.73	0.01	20	49460	买盘
13:26:39	24.72	-0.01	3	7416	卖盘
13:26:33	24.73	--	1	2473	买盘
13:26:30	24.73	-0.07	245	605885	卖盘
13:26:27	24.8	0.02	147	364560	买盘
13:26:24	24.78	0.01	12	29736	卖盘
13:26:21	24.77	-0.03	51	126327	卖盘
13:26:09	24.8	0.03	12	29760	买盘
13:26:06	24.77	-0.04	52	128804	卖盘
13:26:03	24.81	--	1	2481	买盘
13:26:00	24.81	--	3	7443	买盘
13:25:57	24.81	0.01	10	24810	买盘
13:25:54	24.8	--	2	4960	卖盘
13:25:51	24.8	-0.02	2	4960	卖盘
13:25:45	24.82	--	8	19856	买盘
13:25:42	24.82	0.04	16	39712	买盘
13:25:39	24.78	-0.05	1	2478	卖盘
13:25:27	24.83	0.02	229	570593	买盘
13:25:24	24.81	-0.01	30	74430	卖盘
13:25:21	24.82	-0.01	2	4964	卖盘
13:25:18	24.83	--	6	14897	买盘
13:25:15	24.83	--	3	7448	买盘
13:25:12	24.83	--	136	338681	卖盘
13:25:09	24.83	--	28	69524	卖盘
13:25:06	24.83	--	31	76973	卖盘
13:25:03	24.83	--	37	91871	卖盘
13:25:00	24.83	--	6	15394	卖盘
13:24:57	24.83	--	10	24830	卖盘
13:24:54	24.83	--	35	86905	卖盘
13:24:51	24.83	--	110	274123	卖盘
13:24:48	24.83	--	71	176293	卖盘
13:24:45	24.83	--	5	12415	卖盘
13:24:42	24.83	-0.01	10	24830	卖盘
13:24:39	24.84	0.01	27	67068	买盘
13:24:36	24.83	--	30	74490	卖盘
13:24:33	24.83	--	4	9932	卖盘
13:24:30	24.83	--	15	37245	卖盘
13:24:27	24.83	-0.01	25	62074	卖盘
13:24:24	24.84	0.01	41	101844	买盘
13:24:21	24.83	-0.01	3	7448	卖盘
13:24:18	24.84	--	27	67068	买盘
13:24:15	24.84	--	1	2484	买盘
13:24:12	24.84	0.01	72	178848	买盘
13:24:09	24.83	-0.01	19	47177	卖盘
13:24:06	24.84	0.02	78	195242	买盘
13:24:03	24.82	-0.02	19	47158	卖盘
13:23:54	24.84	0.02	4	9936	买盘
13:23:51	24.82	-0.01	79	196078	卖盘
13:23:48	24.83	-0.01	1	2483	卖盘
13:23:45	24.84	0.01	5	12420	买盘
13:23:42	24.83	--	4	9932	中性盘
13:23:39	24.83	--	44	109251	买盘
13:23:36	24.83	--	10	24830	买盘
13:23:33	24.83	0.01	33	81939	买盘
13:23:30	24.82	--	3	7446	卖盘
13:23:27	24.82	--	12	29784	卖盘
13:23:24	24.82	--	4	9928	卖盘
13:23:21	24.82	--	21	52122	卖盘
13:23:18	24.82	--	28	69496	卖盘
13:23:12	24.82	0.01	172	426904	买盘
13:23:09	24.81	--	14	34734	卖盘
13:23:06	24.81	-0.01	1	3969	卖盘
13:23:03	24.82	0.01	31	76942	买盘
13:23:00	24.81	--	10	24810	卖盘
13:22:57	24.81	--	3	7443	卖盘
13:22:54	24.81	--	43	106683	卖盘
13:22:51	24.81	0.01	54	133974	买盘
13:22:48	24.8	--	47	116560	卖盘
13:22:45	24.8	-0.01	7	17360	卖盘
13:22:42	24.81	0.01	31	76911	买盘
13:22:39	24.8	--	13	32240	卖盘
13:22:36	24.8	-0.01	13	32240	卖盘
13:22:33	24.81	--	4	9924	买盘
13:22:30	24.81	--	77	191037	买盘
13:22:27	24.81	--	10	24810	卖盘
13:22:24	24.81	-0.01	4	9924	卖盘
13:22:21	24.82	0.01	10	24820	买盘
13:22:18	24.81	0.01	12	29772	中性盘
13:22:06	24.8	-0.03	25	62000	卖盘
13:22:00	24.83	--	25	62074	买盘
13:21:57	24.83	--	2	4966	买盘
13:21:54	24.83	--	33	81939	卖盘
13:21:45	24.83	-0.01	19	47177	卖盘
13:21:42	24.84	--	3	7452	买盘
13:21:39	24.84	--	27	67068	卖盘
13:21:36	24.84	--	22	54648	卖盘
13:21:33	24.84	--	2	4968	卖盘
13:21:30	24.84	--	25	62100	卖盘
13:21:24	24.84	-0.01	1	2484	卖盘
13:21:18	24.85	-0.02	121	300685	卖盘
13:21:15	24.87	0.01	71	176577	买盘
13:21:09	24.86	-0.01	10	24860	卖盘
13:21:06	24.87	0.01	59	146733	买盘
13:21:03	24.86	-0.01	16	39776	卖盘
13:21:00	24.87	--	27	67149	买盘
13:20:57	24.87	0.01	26	64662	买盘
13:20:54	24.86	--	11	27346	卖盘
13:20:51	24.86	-0.02	28	69608	卖盘
13:20:48	24.88	0.01	58	144304	买盘
13:20:45	24.87	--	36	89532	买盘
13:20:42	24.87	--	63	156681	买盘
13:20:39	24.87	--	52	129324	卖盘
13:20:36	24.87	0.01	152	378024	买盘
13:20:33	24.86	-0.01	64	159104	卖盘
13:20:30	24.87	0.01	43	106941	买盘
13:20:27	24.86	-0.02	64	159104	卖盘
13:20:24	24.88	0.02	42	104496	买盘
13:20:21	24.86	--	329	817894	卖盘
13:20:18	24.86	--	6	14916	卖盘
13:20:15	24.86	--	101	251086	买盘
13:20:12	24.86	0.01	36	89496	买盘
13:20:09	24.85	-0.01	129	320565	卖盘
13:20:06	24.86	-0.01	70	174020	买盘
13:20:03	24.87	0.02	541	1345467	买盘
13:20:00	24.85	--	256	636160	卖盘
13:19:57	24.85	-0.01	150	372750	卖盘
13:19:54	24.86	--	40	99440	买盘
13:19:51	24.86	--	21	52206	买盘
13:19:48	24.86	0.01	144	357984	买盘
13:19:42	24.85	--	3	7455	买盘
13:19:39	24.85	0.03	511	1269835	买盘
13:19:33	24.82	0.02	380	943160	买盘
13:19:27	24.8	0.02	651	1614480	买盘
13:19:24	24.78	--	38	94164	卖盘
13:19:18	24.78	0.06	1696	4203679	买盘
13:19:15	24.72	0.02	7	17304	买盘
13:19:12	24.7	-0.02	9	22230	卖盘
13:19:06	24.72	--	1	2472	买盘
13:19:00	24.72	0.02	1	2472	买盘
13:18:57	24.7	-0.03	10	24700	卖盘
13:18:51	24.73	--	3	7419	买盘
13:18:39	24.73	0.03	47	116231	买盘
13:18:27	24.7	-0.03	42	103740	卖盘
13:18:24	24.73	0.03	10	24730	买盘
13:18:21	24.7	-0.02	6	14820	卖盘
13:18:15	24.72	-0.01	3	7416	中性盘
13:18:09	24.73	--	814	2013022	买盘
13:18:06	24.73	--	6	14838	买盘
13:18:00	24.73	-0.01	14	34622	买盘
13:17:51	24.74	0.01	10	24740	买盘
13:17:48	24.73	-0.01	54	133542	卖盘
13:17:33	24.74	--	82	202868	买盘
13:17:21	24.74	0.01	7	17318	买盘
13:17:18	24.73	-0.01	13	32149	卖盘
13:17:15	24.74	--	3	7421	买盘
13:17:09	24.74	--	2	4948	买盘
13:17:06	24.74	--	9	22266	买盘
13:17:03	24.74	0.01	6	14843	买盘
13:17:00	24.73	--	10	24730	卖盘
13:16:57	24.73	-0.01	13	32149	卖盘
13:16:54	24.74	0.01	10	24740	买盘
13:16:51	24.73	-0.01	26	64298	卖盘
13:16:45	24.74	--	21	51954	买盘
13:16:39	24.74	--	5	12370	买盘
13:16:33	24.74	--	54	133596	买盘
13:16:30	24.74	0.01	1	2474	买盘
13:16:24	24.73	-0.01	6	14838	卖盘
13:16:18	24.74	--	3	7421	买盘
13:16:15	24.74	--	4	9896	买盘
13:16:12	24.74	--	15	37110	买盘
13:16:09	24.74	--	6	14843	买盘
13:15:48	24.74	--	10	24740	买盘
13:15:45	24.74	0.01	41	101434	买盘
13:15:42	24.73	--	12	29676	买盘
13:15:39	24.73	-0.01	20	49460	卖盘
13:15:36	24.74	--	8	19792	买盘
13:15:33	24.74	--	28	69272	买盘
13:15:30	24.74	--	20	49480	买盘
13:15:27	24.74	0.01	26	64323	买盘
13:15:24	24.73	-0.01	5	12365	卖盘
13:15:21	24.74	--	30	74220	买盘
13:15:18	24.74	--	1	2474	买盘
13:15:15	24.74	--	20	49480	买盘
13:15:12	24.74	--	2	4948	买盘
13:15:09	24.74	0.01	11	28203	买盘
13:15:03	24.73	--	2	4946	卖盘
13:14:54	24.73	--	108	268122	买盘
13:14:48	24.73	--	43	106339	买盘
13:14:45	24.73	--	50	123650	买盘
13:14:42	24.73	-0.01	107	266094	卖盘
13:14:39	24.74	--	28	69272	买盘
13:14:33	24.74	0.01	63	155862	买盘
13:14:27	24.73	-0.01	20	49460	卖盘
13:14:24	24.74	0.01	5	12370	买盘
13:14:21	24.73	--	1	2473	卖盘
13:14:15	24.73	--	15	37095	卖盘
13:14:03	24.73	--	14	34622	卖盘
13:13:51	24.73	--	17	43030	买盘
13:13:48	24.73	--	31	78146	买盘
13:13:45	24.73	--	7	17311	买盘
13:13:39	24.73	--	16	39568	买盘
13:13:33	24.73	0.01	30	74190	买盘
13:13:30	24.72	-0.01	3	7416	卖盘
13:13:27	24.73	0.01	13	32149	买盘
13:13:18	24.72	--	24	59550	买盘
13:13:15	24.72	--	10	24720	买盘
13:13:12	24.72	0.01	5	12360	买盘
13:13:09	24.71	-0.01	43	106253	卖盘
13:13:06	24.72	0.01	16	39552	买盘
13:13:03	24.71	--	22	54362	卖盘
13:13:00	24.71	-0.01	21	51891	卖盘
13:12:54	24.72	--	5	12360	买盘
13:12:51	24.72	--	12	29664	买盘
13:12:48	24.72	--	17	42024	买盘
13:12:45	24.72	--	10	24720	买盘
13:12:33	24.72	0.01	41	101352	买盘
13:12:30	24.71	--	4	9884	买盘
13:12:27	24.71	--	53	130963	买盘
13:12:24	24.71	--	10	24710	买盘
13:12:21	24.71	--	1	2471	买盘
13:12:18	24.71	--	52	128492	买盘
13:12:15	24.71	0.01	20	49420	买盘
13:12:09	24.7	--	20	49400	卖盘
13:12:06	24.7	-0.01	1	2470	卖盘
13:12:00	24.71	0.01	50	123550	买盘
13:11:57	24.7	--	18	44460	卖盘
13:11:54	24.7	-0.01	5	12350	卖盘
13:11:51	24.71	0.01	32	79072	买盘
13:11:48	24.7	-0.01	36	88920	卖盘
13:11:45	24.71	0.01	20	49420	买盘
13:11:39	24.7	-0.01	1	2470	卖盘
13:11:33	24.71	0.01	32	79072	买盘
13:11:24	24.7	--	7	17290	卖盘
13:11:15	24.7	--	7	18772	买盘
13:11:12	24.7	--	19	46930	买盘
13:11:09	24.7	-0.01	14	34580	买盘
13:11:00	24.71	0.02	98	242158	买盘
13:10:57	24.69	-0.01	1	2469	卖盘
13:10:54	24.7	0.01	93	229710	买盘
13:10:51	24.69	-0.01	1	2469	卖盘
13:10:48	24.7	0.01	43	106210	买盘
13:10:36	24.69	-0.01	2	4938	卖盘
13:10:33	24.7	--	42	103740	买盘
13:10:30	24.7	0.01	45	111150	买盘
13:10:27	24.69	--	13	32097	买盘
13:10:24	24.69	--	9	22221	买盘
13:10:15	24.69	-0.01	4	9876	中性盘
13:10:12	24.7	0.01	2	4940	买盘
13:10:09	24.69	-0.01	4	9876	中性盘
13:10:03	24.7	0.01	47	116090	买盘
13:10:00	24.69	-0.01	21	52120	卖盘
13:09:45	24.7	0.01	2	7014	买盘
13:09:42	24.69	-0.01	3	7407	卖盘
13:09:36	24.7	0.01	1	2470	买盘
13:09:33	24.69	0.01	94	232209	买盘
13:09:30	24.68	--	15	37020	买盘
13:09:21	24.68	--	4	9872	买盘
13:09:18	24.68	--	2	4936	买盘
13:09:15	24.68	--	1	2468	买盘
13:09:06	24.68	-0.02	265	656364	卖盘
13:09:03	24.7	--	35	86450	买盘
13:09:00	24.7	0.01	2	4940	买盘
13:08:57	24.69	-0.01	5	12345	卖盘
13:08:54	24.7	--	7	17290	买盘
13:08:51	24.7	--	4	9880	买盘
13:08:45	24.7	--	1	2470	买盘
13:08:33	24.7	--	38	93860	买盘
13:08:30	24.7	0.01	6	14820	买盘
13:08:27	24.69	--	6	14814	卖盘
13:08:24	24.69	--	5	12345	卖盘
13:08:21	24.69	-0.01	11	29257	中性盘
13:08:12	24.7	0.01	3	7410	买盘
13:08:09	24.69	--	12	29628	卖盘
13:08:06	24.69	--	4	9876	卖盘
13:08:03	24.69	--	1	2469	买盘
13:07:57	24.69	0.01	10	24690	中性盘
13:07:54	24.68	-0.01	4	9872	卖盘
13:07:45	24.69	--	4	9876	买盘
13:07:30	24.69	-0.01	3	7407	买盘
13:07:24	24.7	--	5	12350	买盘
13:07:18	24.7	0.01	31	76570	买盘
13:07:15	24.69	--	4	9876	买盘
13:07:12	24.69	--	4	9876	买盘
13:07:06	24.69	0.01	8	19752	买盘
13:07:03	24.68	-0.02	36	89341	卖盘
13:06:57	24.7	0.01	16	39520	买盘
13:06:51	24.69	--	2	4938	买盘
13:06:48	24.69	--	24	59256	买盘
13:06:45	24.69	--	11	27159	买盘
13:06:39	24.69	--	17	41973	买盘
13:06:24	24.69	--	3	7407	买盘
13:06:06	24.69	0.01	5	12345	买盘
13:06:00	24.68	-0.01	15	37020	卖盘
13:05:54	24.69	--	4	9876	买盘
13:05:51	24.69	--	12	29628	买盘
13:05:42	24.69	-0.01	16	39504	卖盘
13:05:39	24.7	--	10	24700	买盘
13:05:36	24.7	--	29	71630	买盘
13:05:30	24.7	--	4	9880	买盘
13:05:27	24.7	--	2	4940	买盘
13:05:24	24.7	--	10	24700	买盘
13:05:21	24.7	0.01	64	158080	买盘
13:05:18	24.69	-0.01	10	24690	卖盘
13:05:15	24.7	0.01	62	153140	买盘
13:05:09	24.69	--	2	4938	卖盘
13:05:03	24.69	--	35	86415	卖盘
13:05:00	24.69	--	68	168385	买盘
13:04:54	24.69	--	40	100735	卖盘
13:04:51	24.69	--	10	24690	卖盘
13:04:48	24.69	--	1	2469	卖盘
13:04:39	24.69	-0.01	11	27159	卖盘
13:04:36	24.7	0.01	7	17290	买盘
13:04:33	24.69	--	14	34566	卖盘
13:04:30	24.69	-0.01	2	4938	卖盘
13:04:27	24.7	--	28	69160	买盘
13:04:24	24.7	--	50	123500	买盘
13:04:12	24.7	0.01	20	49400	买盘
13:04:03	24.69	-0.01	8	19752	卖盘
13:04:00	24.7	--	2	4940	买盘
13:03:57	24.7	0.01	7	17290	买盘
13:03:54	24.69	--	1	2469	卖盘
13:03:51	24.69	-0.01	12	29628	卖盘
13:03:48	24.7	--	25	61750	买盘
13:03:45	24.7	--	8	19760	买盘
13:03:42	24.7	--	7	17784	买盘
13:03:39	24.7	0.01	20	49400	买盘
13:03:36	24.69	--	34	83946	卖盘
13:03:33	24.69	-0.01	38	93822	卖盘
13:03:30	24.7	--	54	133380	买盘
13:03:27	24.7	--	3	7410	买盘
13:03:24	24.7	--	44	108680	买盘
13:03:15	24.7	--	2	4940	买盘
13:03:09	24.7	--	10	24700	买盘
13:03:03	24.7	0.01	16	39520	买盘
13:03:00	24.69	-0.01	5	12345	卖盘
13:02:51	24.7	--	1	2470	买盘
13:02:48	24.7	0.01	7	17290	买盘
13:02:27	24.69	0.01	2	4938	买盘
13:02:18	24.68	--	57	140676	卖盘
13:02:06	24.68	--	1	2468	卖盘
13:02:03	24.68	--	1	2468	买盘
13:02:00	24.68	--	10	24680	买盘
13:01:54	24.68	--	333	821844	买盘
13:01:51	24.68	--	7	17276	买盘
13:01:48	24.68	0.01	2	4936	买盘
13:01:45	24.67	-0.01	10	24670	卖盘
13:01:39	24.68	0.03	2	4936	买盘
13:01:36	24.65	-0.01	47	115855	卖盘
13:01:30	24.66	--	18	44388	买盘
13:01:27	24.66	-0.02	74	182484	卖盘
13:01:24	24.68	0.02	5	12340	买盘
13:01:15	24.66	-0.02	5	12330	卖盘
13:01:12	24.68	-0.01	95	234460	卖盘
13:01:09	24.69	--	81	199989	买盘
13:01:06	24.69	--	1	2469	买盘
13:01:03	24.69	--	10	24690	买盘
13:00:54	24.69	--	31	76539	买盘
13:00:51	24.69	0.01	3	7407	买盘
13:00:42	24.68	0.02	4	9872	买盘
13:00:30	24.66	-0.02	10	24660	卖盘
13:00:27	24.68	0.02	4	9872	买盘
13:00:15	24.66	0.01	27	66582	卖盘
13:00:12	24.65	-0.01	30	73950	卖盘
13:00:09	24.66	--	61	150426	卖盘
13:00:06	24.66	--	424	1046077	卖盘
13:00:03	24.66	0.01	12	29592	买盘
11:30:03	24.65	--	0	0	卖盘
11:29:57	24.65	-0.01	16	39440	卖盘
11:29:45	24.66	-0.01	2	4932	卖盘
11:29:42	24.67	0.01	10	24670	买盘
11:29:39	24.66	--	9	22194	买盘
11:29:36	24.66	-0.01	15	36990	卖盘
11:29:33	24.67	0.01	3	7401	买盘
11:29:27	24.66	-0.01	24	59184	卖盘
11:29:24	24.67	0.01	5	12335	买盘
11:29:21	24.66	0.01	1	2466	卖盘
11:29:09	24.65	-0.01	44	108460	卖盘
11:29:06	24.66	--	6	14796	买盘
11:29:00	24.66	--	3	7398	买盘
11:28:57	24.66	-0.01	31	76446	卖盘
11:28:54	24.67	0.01	4	9868	买盘
11:28:51	24.66	--	32	78912	卖盘
11:28:45	24.66	--	3	7398	买盘
11:28:42	24.66	--	13	32058	买盘
11:28:39	24.66	--	1	2466	买盘
11:28:36	24.66	--	3	7398	买盘
11:28:33	24.66	0.01	3	7398	中性盘
11:28:21	24.65	-0.04	510	1257150	卖盘
11:28:15	24.69	0.03	11	27159	买盘
11:28:12	24.66	-0.04	8	21700	卖盘
11:28:09	24.7	--	15	37050	买盘
11:28:06	24.7	--	4	9880	买盘
11:28:03	24.7	0.01	97	239590	买盘
11:27:54	24.69	0.02	2	4938	买盘
11:27:51	24.67	-0.02	2	4934	中性盘
11:27:45	24.69	--	4	9876	买盘
11:27:42	24.69	0.01	43	106167	买盘
11:27:36	24.68	0.01	1	2468	买盘
11:27:33	24.67	-0.01	16	39472	卖盘
11:27:30	24.68	--	2	4936	买盘
11:27:27	24.68	0.01	4	9872	买盘
11:27:24	24.67	-0.01	8	19736	中性盘
11:27:15	24.68	--	1	2468	买盘
11:27:12	24.68	0.02	4	9872	买盘
11:27:09	24.66	-0.02	11	27126	卖盘
11:27:03	24.68	--	6	14808	买盘
11:26:48	24.68	-0.02	23	56764	卖盘
11:26:42	24.7	0.01	9	22230	买盘
11:26:27	24.69	0.04	2	4938	中性盘
11:26:24	24.65	-0.03	520	1281800	卖盘
11:26:18	24.68	-0.01	10	24680	卖盘
11:26:12	24.69	-0.01	3	7407	卖盘
11:26:09	24.7	0.01	145	358150	买盘
11:26:06	24.69	0.01	3	7407	买盘
11:26:03	24.68	-0.01	32	78976	卖盘
11:26:00	24.69	0.01	10	24690	买盘
11:25:57	24.68	--	16	39488	卖盘
11:25:54	24.68	--	2	5429	卖盘
11:25:51	24.68	--	36	88848	卖盘
11:25:48	24.68	--	10	24680	卖盘
11:25:39	24.68	--	3	7897	卖盘
11:25:36	24.68	0.01	10	24680	买盘
11:25:33	24.67	-0.01	23	56741	卖盘
11:25:30	24.68	0.01	3	7404	买盘
11:25:21	24.67	-0.02	2	4934	卖盘
11:25:18	24.69	--	47	116043	买盘
11:25:12	24.69	0.01	5	12345	买盘
11:25:06	24.68	--	8	19744	买盘
11:25:00	24.68	0.02	1	2468	买盘
11:24:57	24.66	-0.03	1	2466	卖盘
11:24:54	24.69	0.01	5	12345	买盘
11:24:51	24.68	--	9	22212	卖盘
11:24:45	24.68	--	41	101188	卖盘
11:24:42	24.68	--	2	4936	卖盘
11:24:36	24.68	0.02	167	412156	买盘
11:24:33	24.66	--	28	69048	卖盘
11:24:30	24.66	--	25	61650	卖盘
11:24:27	24.66	--	6	14796	卖盘
11:24:24	24.66	--	9	22194	卖盘
11:24:21	24.66	--	11	27126	卖盘
11:24:18	24.66	--	13	32058	卖盘
11:24:15	24.66	--	2	4932	卖盘
11:24:09	24.66	--	62	152892	卖盘
11:24:06	24.66	--	1	2466	卖盘
11:24:03	24.66	--	3	7398	卖盘
11:24:00	24.66	--	21	51786	买盘
11:23:57	24.66	--	26	64116	买盘
11:23:54	24.66	--	1	2466	买盘
11:23:51	24.66	0.01	9	22194	买盘
11:23:48	24.65	-0.01	50	123250	卖盘
11:23:45	24.66	--	5	12330	买盘
11:23:42	24.66	--	38	93708	买盘
11:23:39	24.66	0.01	21	51786	买盘
11:23:33	24.65	--	3	7395	卖盘
11:23:30	24.65	--	2	4930	卖盘
11:23:27	24.65	--	30	73950	卖盘
11:23:21	24.65	--	2	4930	卖盘
11:23:18	24.65	0.01	6	14790	卖盘
11:23:15	24.64	-0.01	32	78848	卖盘
11:23:12	24.65	0.01	4	9860	买盘
11:23:09	24.64	-0.01	50	123200	卖盘
11:23:06	24.65	0.01	10	24650	买盘
11:23:03	24.64	-0.01	18	44352	卖盘
11:23:00	24.65	0.01	6	14790	买盘
11:22:57	24.64	-0.01	35	86240	卖盘
11:22:54	24.65	--	118	290870	买盘
11:22:51	24.65	--	31	76415	买盘
11:22:48	24.65	--	6	14790	买盘
11:22:45	24.65	--	33	81345	买盘
11:22:39	24.65	--	7	17255	买盘
11:22:36	24.65	0.01	8	19720	买盘
11:22:33	24.64	-0.04	13	32032	卖盘
11:22:30	24.68	0.04	97	239396	买盘
11:22:27	24.64	-0.01	13	32032	卖盘
11:22:24	24.65	--	10	24650	卖盘
11:22:18	24.65	0.01	23	56695	买盘
11:22:15	24.64	--	129	317856	卖盘
11:22:12	24.64	-0.01	18	44352	卖盘
11:22:09	24.65	--	25	61625	买盘
11:22:06	24.65	0.01	11	27115	买盘
11:22:03	24.64	-0.01	4	9856	卖盘
11:22:00	24.65	--	16	39440	买盘
11:21:57	24.65	--	1	2465	买盘
11:21:51	24.65	-0.01	10	24650	买盘
11:21:48	24.66	0.02	6	14796	中性盘
11:21:45	24.64	-0.01	48	118272	卖盘
11:21:42	24.65	--	2	4930	卖盘
11:21:36	24.65	0.01	6	14790	卖盘
11:21:33	24.64	-0.01	10	24640	卖盘
11:21:30	24.65	0.01	31	76415	买盘
11:21:27	24.64	-0.01	17	41888	卖盘
11:21:24	24.65	--	70	172550	买盘
11:21:21	24.65	0.01	71	175015	买盘
11:21:18	24.64	--	31	76384	卖盘
11:21:15	24.64	-0.01	7	17248	卖盘
11:21:12	24.65	0.01	5	12325	买盘
11:21:09	24.64	-0.01	5	12320	卖盘
11:21:06	24.65	--	6	14790	买盘
11:21:03	24.65	0.01	8	19720	买盘
11:20:57	24.64	--	10	24640	卖盘
11:20:54	24.64	-0.01	12	29568	卖盘
11:20:51	24.65	0.02	6	14790	买盘
11:20:45	24.63	--	26	65515	卖盘
11:20:42	24.63	-0.02	20	49260	卖盘
11:20:39	24.65	0.02	6	14790	买盘
11:20:36	24.63	--	14	34482	卖盘
11:20:30	24.63	--	5	12315	卖盘
11:20:27	24.63	--	10	24630	卖盘
11:20:21	24.63	--	2	4926	卖盘
11:20:15	24.63	--	9	22167	卖盘
11:20:12	24.63	-0.02	90	221670	卖盘
11:20:09	24.65	--	12	29580	买盘
11:20:06	24.65	0.02	4	9860	买盘
11:20:03	24.63	-0.03	83	204650	卖盘
11:20:00	24.66	0.01	10	24660	买盘
11:19:57	24.65	--	150	369750	卖盘
11:19:54	24.65	-0.01	13	32044	卖盘
11:19:51	24.66	0.01	14	34524	买盘
11:19:42	24.65	--	551	1358215	卖盘
11:19:39	24.65	--	25	61625	卖盘
11:19:36	24.65	-0.01	12	29580	卖盘
11:19:33	24.66	--	88	217008	买盘
11:19:30	24.66	0.01	23	56718	买盘
11:19:24	24.65	--	1	2465	卖盘
11:19:18	24.65	--	7	17255	卖盘
11:19:15	24.65	--	3	7395	卖盘
11:19:12	24.65	--	88	216920	卖盘
11:19:06	24.65	-0.03	224	552160	卖盘
11:19:03	24.68	0.02	2	4936	买盘
11:19:00	24.66	--	1	2466	卖盘
11:18:57	24.66	--	57	140562	卖盘
11:18:54	24.66	--	14	34524	卖盘
11:18:51	24.66	--	13	32058	卖盘
11:18:48	24.66	--	3	7398	卖盘
11:18:45	24.66	--	43	106038	卖盘
11:18:36	24.66	-0.02	43	106038	卖盘
11:18:33	24.68	-0.01	1	2468	卖盘
11:18:30	24.69	0.01	3	7407	买盘
11:18:27	24.68	--	16	39488	卖盘
11:18:24	24.68	-0.01	35	86380	卖盘
11:18:21	24.69	--	38	93822	买盘
11:18:09	24.69	-0.01	30	76045	卖盘
11:18:06	24.7	--	5	12350	买盘
11:18:03	24.7	--	50	123500	买盘
11:18:00	24.7	--	2	4940	买盘
11:17:54	24.7	-0.02	218	539448	卖盘
11:17:45	24.72	0.02	2	4944	买盘
11:17:39	24.7	-0.01	40	98800	卖盘
11:17:36	24.71	-0.01	8	19768	卖盘
11:17:33	24.72	0.01	11	27192	买盘
11:17:30	24.71	--	3	7413	卖盘
11:17:27	24.71	-0.01	17	42007	卖盘
11:17:24	24.72	--	14	34608	买盘
11:17:21	24.72	0.01	1	2472	买盘
11:17:18	24.71	--	7	17297	卖盘
11:17:15	24.71	-0.01	3	7413	中性盘
11:17:09	24.72	--	12	29664	买盘
11:16:57	24.72	0.01	8	19776	买盘
11:16:54	24.71	--	2	4942	卖盘
11:16:51	24.71	-0.01	6	14826	卖盘
11:16:48	24.72	0.01	5	12360	买盘
11:16:45	24.71	-0.01	5	12355	中性盘
11:16:42	24.72	--	21	51912	买盘
11:16:36	24.72	0.01	17	42024	买盘
11:16:30	24.71	--	3	7413	买盘
11:16:27	24.71	--	4	9884	买盘
11:16:24	24.71	--	8	19768	卖盘
11:16:21	24.71	--	39	96369	卖盘
11:16:15	24.71	-0.01	13	32123	卖盘
11:16:09	24.72	0.01	15	37080	买盘
11:16:06	24.71	-0.01	11	27181	卖盘
11:16:03	24.72	0.01	5	12360	买盘
11:16:00	24.71	--	7	17297	卖盘
11:15:57	24.71	-0.01	3	7413	卖盘
11:15:51	24.72	--	13	32136	买盘
11:15:39	24.72	0.01	5	12360	买盘
11:15:30	24.71	--	16	39536	卖盘
11:15:27	24.71	--	1	2471	卖盘
11:15:24	24.71	--	11	27181	卖盘
11:15:18	24.71	--	2	5436	卖盘
11:15:15	24.71	--	5	12355	卖盘
11:15:12	24.71	--	18	44478	卖盘
11:15:09	24.71	--	1	2471	卖盘
11:15:03	24.71	--	1	2471	卖盘
11:15:00	24.71	--	1	2471	卖盘
11:14:54	24.71	--	23	56833	买盘
11:14:39	24.71	--	4	9884	卖盘
11:14:36	24.71	-0.02	10	24710	卖盘
11:14:33	24.73	0.02	4	9892	买盘
11:14:27	24.71	-0.02	4	9884	卖盘
11:14:24	24.73	0.03	2	4946	买盘
11:14:15	24.7	-0.03	2	4940	卖盘
11:14:12	24.73	--	3	7419	买盘
11:14:06	24.73	0.03	1	2473	中性盘
11:14:03	24.7	-0.01	33	81510	卖盘
11:14:00	24.71	-0.03	8	19768	卖盘
11:13:57	24.74	0.01	25	61849	买盘
11:13:54	24.73	0.03	3	7419	买盘
11:13:51	24.7	--	1	2470	卖盘
11:13:48	24.7	-0.01	3	7410	卖盘
11:13:39	24.71	--	25	61775	卖盘
11:13:36	24.71	-0.03	30	74130	卖盘
11:13:33	24.74	0.01	50	123699	买盘
11:13:24	24.73	--	29	71717	买盘
11:13:21	24.73	--	26	66276	卖盘
11:13:18	24.73	--	9	22257	卖盘
11:13:15	24.73	-0.01	4	9892	卖盘
11:13:09	24.74	0.01	6	14843	买盘
11:13:06	24.73	--	11	27203	卖盘
11:13:03	24.73	0.03	30	74684	买盘
11:13:00	24.7	-0.02	12	29640	卖盘
11:12:57	24.72	--	1	2472	卖盘
11:12:45	24.72	0.01	17	42024	买盘
11:12:33	24.71	-0.01	2	4942	卖盘
11:12:30	24.72	--	25	61800	买盘
11:12:27	24.72	0.01	1	2472	买盘
11:12:21	24.71	0.01	8	19768	卖盘
11:12:18	24.7	-0.01	42	103740	卖盘
11:12:15	24.71	0.01	18	45960	买盘
11:12:09	24.7	-0.01	76	187720	卖盘
11:12:03	24.71	0.01	5	12355	买盘
11:12:00	24.7	-0.01	9	22230	中性盘
11:11:57	24.71	0.02	11	27181	买盘
11:11:54	24.69	-0.01	100	246900	卖盘
11:11:51	24.7	--	9	22230	卖盘
11:11:48	24.7	0.01	714	1765062	买盘
11:11:45	24.69	--	15	37035	卖盘
11:11:39	24.69	--	20	49380	卖盘
11:11:30	24.69	--	9	23702	卖盘
11:11:27	24.69	-0.01	10	24690	卖盘
11:11:21	24.7	--	7	17290	买盘
11:11:18	24.7	0.01	187	461890	买盘
11:11:15	24.69	-0.01	2	4938	卖盘
11:11:12	24.7	0.01	4	9880	买盘
11:11:09	24.69	-0.01	50	123450	卖盘
11:11:06	24.7	--	5	12350	买盘
11:11:03	24.7	--	9	22230	买盘
11:11:00	24.7	--	43	106210	买盘
11:10:51	24.7	0.02	18	44460	买盘
11:10:48	24.68	-0.01	61	150548	卖盘
11:10:45	24.69	--	3	7407	买盘
11:10:42	24.69	--	1	2469	买盘
11:10:39	24.69	--	43	106167	买盘
11:10:33	24.69	0.01	64	158016	买盘
11:10:30	24.68	0.01	13	32084	买盘
11:10:27	24.67	-0.01	10	24670	卖盘
11:10:24	24.68	--	33	81444	买盘
11:10:21	24.68	0.01	16	39488	买盘
11:10:18	24.67	-0.01	48	118416	卖盘
11:10:15	24.68	0.03	254	626872	买盘
11:10:12	24.65	-0.01	125	308125	卖盘
11:10:09	24.66	--	4	9864	买盘
11:10:06	24.66	--	27	66582	买盘
11:10:03	24.66	--	9	22194	买盘
11:10:00	24.66	0.01	13	32058	买盘
11:09:57	24.65	-0.01	16	39440	卖盘
11:09:54	24.66	0.01	11	27126	买盘
11:09:51	24.65	-0.01	100	246500	卖盘
11:09:48	24.66	0.01	3	7398	买盘
11:09:45	24.65	--	26	64089	卖盘
11:09:42	24.65	--	7	17255	卖盘
11:09:39	24.65	-0.01	3	7395	卖盘
11:09:36	24.66	--	2	4932	买盘
11:09:27	24.66	--	1	2466	买盘
11:09:24	24.66	--	30	73980	卖盘
11:09:18	24.66	--	3	7398	卖盘
11:09:12	24.66	-0.01	11	27126	卖盘
11:09:09	24.67	--	16	39472	买盘
11:09:03	24.67	0.01	19	46873	买盘
11:08:57	24.66	-0.01	5	12330	卖盘
11:08:48	24.67	--	12	29604	卖盘
11:08:45	24.67	--	21	51807	卖盘
11:08:42	24.67	--	5	12335	卖盘
11:08:39	24.67	--	2	4934	卖盘
11:08:36	24.67	--	37	91279	卖盘
11:08:33	24.67	0.01	14	34538	买盘
11:08:30	24.66	-0.01	63	155358	卖盘
11:08:27	24.67	0.01	17	41939	买盘
11:08:24	24.66	-0.01	12	29592	卖盘
11:08:21	24.67	0.01	99	244233	买盘
11:08:18	24.66	--	3	7398	卖盘
11:08:15	24.66	--	2	4932	卖盘
11:08:12	24.66	--	15	36990	卖盘
11:08:09	24.66	-0.01	9	22194	卖盘
11:08:06	24.67	--	1	2467	买盘
11:08:03	24.67	--	19	46873	卖盘
11:08:00	24.67	--	2	4934	卖盘
11:07:57	24.67	--	23	56741	卖盘
11:07:51	24.67	--	15	37005	卖盘
11:07:48	24.67	--	7	17269	卖盘
11:07:45	24.67	0.01	54	133218	买盘
11:07:42	24.66	--	17	41922	卖盘
11:07:39	24.66	-0.01	44	108504	卖盘
11:07:36	24.67	0.01	16	39472	买盘
11:07:21	24.66	-0.01	16	39456	卖盘
11:07:18	24.67	--	4	9868	卖盘
11:07:15	24.67	-0.01	2	4934	卖盘
11:07:06	24.68	--	6	14808	买盘
11:07:00	24.68	-0.02	18	44424	卖盘
11:06:57	24.7	--	6	14820	买盘
11:06:51	24.7	--	5	12350	买盘
11:06:42	24.7	--	1	2470	买盘
11:06:39	24.7	-0.01	1	2470	买盘
11:06:36	24.71	--	79	195209	买盘
11:06:33	24.71	0.01	60	149248	买盘
11:06:30	24.7	--	32	79040	卖盘
11:06:21	24.7	--	494	1220180	卖盘
11:06:18	24.7	-0.01	29	71630	卖盘
11:06:15	24.71	0.01	15	37065	买盘
11:06:12	24.7	-0.01	103	254410	卖盘
11:06:09	24.71	--	19	46949	买盘
11:06:06	24.71	0.01	11	27181	买盘
11:06:03	24.7	-0.01	10	24700	卖盘
11:06:00	24.71	--	1	2471	买盘
11:05:57	24.71	0.01	21	51891	中性盘
11:05:51	24.7	-0.02	69	170430	卖盘
11:05:48	24.72	--	250	618000	买盘
11:05:39	24.72	0.01	113	279336	买盘
11:05:36	24.71	0.01	9	22239	买盘
11:05:33	24.7	--	7	17290	卖盘
11:05:30	24.7	--	5	12350	卖盘
11:05:24	24.7	--	12	29640	卖盘
11:05:18	24.7	--	2	4940	卖盘
11:05:15	24.7	0.03	1080	2669082	买盘
11:05:12	24.67	--	4	9868	卖盘
11:05:09	24.67	-0.01	1	2467	卖盘
11:05:06	24.68	0.01	1	2468	买盘
11:05:00	24.67	-0.01	3	7401	卖盘
11:04:57	24.68	0.02	3	7404	买盘
11:04:54	24.66	--	5	12330	卖盘
11:04:51	24.66	--	34	83844	卖盘
11:04:48	24.66	--	3	7398	卖盘
11:04:45	24.66	0.01	22	54252	买盘
11:04:42	24.65	--	5	12325	卖盘
11:04:39	24.65	-0.01	4	9860	卖盘
11:04:36	24.66	0.01	4	9864	买盘
11:04:33	24.65	0.01	196	483411	买盘
11:04:30	24.64	0.01	121	298636	买盘
11:04:27	24.63	-0.01	29	71427	卖盘
11:04:24	24.64	--	17	41888	买盘
11:04:21	24.64	--	22	54208	买盘
11:04:18	24.64	0.01	59	145376	买盘
11:04:15	24.63	--	47	115761	卖盘
11:04:12	24.63	-0.01	20	49260	卖盘
11:04:09	24.64	0.01	7	17248	买盘
11:04:06	24.63	--	50	123150	卖盘
11:04:03	24.63	-0.01	39	96057	卖盘
11:04:00	24.64	--	50	123200	买盘
11:03:57	24.64	0.01	7	17248	买盘
11:03:54	24.63	0.01	10	24630	卖盘
11:03:48	24.62	--	4	9848	卖盘
11:03:45	24.62	--	70	172340	卖盘
11:03:42	24.62	-0.01	50	123100	卖盘
11:03:39	24.63	--	5	12315	卖盘
11:03:33	24.63	-0.01	2	4926	买盘
11:03:30	24.64	0.01	220	542080	买盘
11:03:27	24.63	--	10	26600	卖盘
11:03:21	24.63	-0.01	35	86205	卖盘
11:03:18	24.64	--	43	105952	卖盘
11:03:15	24.64	--	76	187264	卖盘
11:03:12	24.64	--	21	51744	卖盘
11:03:09	24.64	0.01	548	1350272	买盘
11:03:06	24.63	0.01	1	2463	买盘
11:03:03	24.62	-0.01	200	492400	卖盘
11:03:00	24.63	--	92	226596	卖盘
11:02:57	24.63	--	16	39408	卖盘
11:02:54	24.63	--	2	4926	卖盘
11:02:51	24.63	-0.01	12	29556	卖盘
11:02:48	24.64	--	55	135520	买盘
11:02:45	24.64	--	7	17248	买盘
11:02:39	24.64	-0.01	24	59136	卖盘
11:02:36	24.65	--	36	88740	买盘
11:02:30	24.65	--	2	4930	买盘
11:02:27	24.65	-0.01	55	136782	卖盘
11:02:24	24.66	0.01	17	41922	买盘
11:02:18	24.65	--	33	81345	卖盘
11:02:12	24.65	--	40	98600	卖盘
11:02:09	24.65	-0.01	59	145435	卖盘
11:02:06	24.66	-0.01	74	182484	卖盘
11:01:54	24.67	--	9	22203	买盘
11:01:51	24.67	--	33	81411	买盘
11:01:48	24.67	0.01	14	34538	买盘
11:01:42	24.66	-0.02	86	212076	卖盘
11:01:39	24.68	--	1	2468	卖盘
11:01:36	24.68	--	7	17276	卖盘
11:01:33	24.68	--	43	106124	卖盘
11:01:30	24.68	-0.01	14	34552	卖盘
11:01:27	24.69	0.01	4	9876	买盘
11:01:21	24.68	-0.01	51	125868	卖盘
11:01:18	24.69	--	12	29628	买盘
11:01:15	24.69	--	18	44442	买盘
11:01:12	24.69	--	20	49380	买盘
11:01:09	24.69	-0.01	38	93822	卖盘
11:01:06	24.7	0.01	1	2470	买盘
11:01:03	24.69	--	15	37035	买盘
11:01:00	24.69	--	1	2469	买盘
11:00:57	24.69	-0.01	97	239493	卖盘
11:00:51	24.7	0.01	9	22230	买盘
11:00:45	24.69	--	1	2469	卖盘
11:00:42	24.69	--	6	14814	买盘
11:00:30	24.69	0.01	8	19752	中性盘
11:00:27	24.68	-0.02	40	98720	卖盘
11:00:24	24.7	0.02	20	49400	买盘
11:00:15	24.68	-0.01	2	4936	卖盘
11:00:09	24.69	--	65	160485	买盘
11:00:06	24.69	0.01	1	2469	买盘
11:00:00	24.68	--	15	37020	卖盘
10:59:57	24.68	0.01	127	314694	买盘
10:59:51	24.67	--	24	59208	卖盘
10:59:48	24.67	--	9	22203	卖盘
10:59:45	24.67	--	24	59208	卖盘
10:59:42	24.67	--	24	59208	卖盘
10:59:33	24.67	--	10	24670	卖盘
10:59:30	24.67	-0.01	1	2467	卖盘
10:59:24	24.68	0.02	1	2468	买盘
10:59:21	24.66	-0.01	100	246600	卖盘
10:59:18	24.67	--	2	4934	卖盘
10:59:15	24.67	0.01	3	7401	卖盘
10:59:12	24.66	--	1	2466	卖盘
10:59:09	24.66	-0.01	25	61650	卖盘
10:59:06	24.67	--	7	17269	买盘
10:59:03	24.67	0.01	41	101147	买盘
10:58:57	24.66	--	28	69048	卖盘
10:58:51	24.66	--	2	4932	卖盘
10:58:36	24.66	--	8	19728	卖盘
10:58:33	24.66	-0.01	1	2466	卖盘
10:58:27	24.67	0.01	1	2467	买盘
10:58:24	24.66	-0.01	3	7398	卖盘
10:58:18	24.67	0.01	21	51807	中性盘
10:58:15	24.66	-0.01	132	325512	卖盘
10:58:12	24.67	--	8	19736	卖盘
10:58:09	24.67	-0.01	2	4934	卖盘
10:58:00	24.68	--	4	9872	买盘
10:57:54	24.68	0.01	5	12340	买盘
10:57:51	24.67	-0.03	138	341432	卖盘
10:57:48	24.7	0.01	9	22230	买盘
10:57:45	24.69	--	5	12345	买盘
10:57:36	24.69	0.01	20	49380	买盘
10:57:30	24.68	--	1	2468	卖盘
10:57:27	24.68	-0.01	10	24680	卖盘
10:57:18	24.69	--	13	32097	买盘
10:57:09	24.69	--	6	14814	买盘
10:57:06	24.69	0.01	16	39504	卖盘
10:57:03	24.68	-0.01	25	61700	卖盘
10:56:54	24.69	--	7	17283	买盘
10:56:51	24.69	--	35	86415	买盘
10:56:45	24.69	0.01	159	392571	买盘
10:56:42	24.68	--	4	9872	卖盘
10:56:33	24.68	-0.01	17	41956	卖盘
10:56:30	24.69	--	15	37035	买盘
10:56:27	24.69	--	8	19752	买盘
10:56:21	24.69	0.01	10	24690	买盘
10:56:18	24.68	--	22	54296	买盘
10:56:15	24.68	-0.01	60	148080	中性盘
10:56:09	24.69	0.01	20	49380	买盘
10:56:06	24.68	--	51	125868	卖盘
10:56:03	24.68	--	14	34552	卖盘
10:56:00	24.68	-0.01	32	78976	卖盘
10:55:57	24.69	--	79	195051	买盘
10:55:54	24.69	--	10	24690	买盘
10:55:48	24.69	--	14	34566	买盘
10:55:45	24.69	0.01	102	251838	买盘
10:55:36	24.68	--	4	9872	卖盘
10:55:33	24.68	-0.01	21	51828	卖盘
10:55:24	24.69	--	2	4938	买盘
10:55:18	24.69	--	4	9876	买盘
10:55:15	24.69	0.01	6	14814	买盘
10:55:09	24.68	-0.01	29	71572	卖盘
10:55:03	24.69	--	2	4938	买盘
10:55:00	24.69	--	4	9876	买盘
10:54:54	24.69	0.01	18	44442	买盘
10:54:45	24.68	--	10	24680	卖盘
10:54:42	24.68	-0.01	13	32084	卖盘
10:54:36	24.69	0.01	9	22221	买盘
10:54:33	24.68	-0.01	21	51828	卖盘
10:54:24	24.69	0.01	47	116043	买盘
10:54:18	24.68	0.01	275	678700	买盘
10:54:15	24.67	-0.01	17	41939	卖盘
10:54:09	24.68	--	59	145612	买盘
10:54:06	24.68	0.01	1	2468	买盘
10:54:03	24.67	-0.01	1	2467	卖盘
10:54:00	24.68	0.01	58	143144	买盘
10:53:48	24.67	--	10	24670	卖盘
10:53:45	24.67	--	1	2467	卖盘
10:53:42	24.67	--	154	381398	买盘
10:53:39	24.67	--	86	214135	买盘
10:53:36	24.67	--	14	34538	买盘
10:53:33	24.67	--	108	266436	买盘
10:53:30	24.67	0.01	53	130751	买盘
10:53:24	24.66	-0.01	113	278658	卖盘
10:53:21	24.67	--	10	24670	买盘
10:53:18	24.67	--	11	27630	买盘
10:53:15	24.67	0.01	16	39472	买盘
10:53:12	24.66	--	2	4932	卖盘
10:53:09	24.66	-0.01	2	4932	卖盘
10:53:06	24.67	0.01	53	130751	买盘
10:53:03	24.66	--	10	24660	卖盘
10:52:57	24.66	--	137	337842	卖盘
10:52:54	24.66	--	14	34524	卖盘
10:52:48	24.66	--	15	36990	卖盘
10:52:45	24.66	--	49	120834	卖盘
10:52:42	24.66	0.01	346	853236	买盘
10:52:39	24.65	--	27	66555	买盘
10:52:36	24.65	--	13	32044	买盘
10:52:33	24.65	--	32	78880	买盘
10:52:30	24.65	--	196	483140	卖盘
10:52:27	24.65	--	89	219385	卖盘
10:52:24	24.65	--	30	73950	卖盘
10:52:18	24.65	-0.01	5	12325	卖盘
10:52:15	24.66	--	4	9864	买盘
10:52:09	24.66	--	5	12330	买盘
10:52:06	24.66	0.01	30	73980	买盘
10:52:03	24.65	--	2	4930	卖盘
10:52:00	24.65	--	7	17255	卖盘
10:51:48	24.65	--	5	12325	卖盘
10:51:39	24.65	--	11	27115	买盘
10:51:36	24.65	0.01	30	73950	买盘
10:51:33	24.64	-0.02	9	22176	卖盘
10:51:30	24.66	--	25	61650	买盘
10:51:27	24.66	0.01	20	49320	买盘
10:51:24	24.65	--	15	36975	卖盘
10:51:21	24.65	--	11	27115	买盘
10:51:18	24.65	--	47	115855	买盘
10:51:15	24.65	0.01	25	61625	买盘
10:51:12	24.64	--	2	4928	卖盘
10:51:09	24.64	-0.01	2	4928	卖盘
10:51:06	24.65	--	65	160225	买盘
10:51:00	24.65	0.01	10	24650	买盘
10:50:57	24.64	-0.01	18	44352	卖盘
10:50:54	24.65	0.01	9	22185	买盘
10:50:51	24.64	--	60	147840	买盘
10:50:48	24.64	0.01	8	19712	买盘
10:50:45	24.63	--	5	12315	买盘
10:50:42	24.63	-0.01	46	113298	卖盘
10:50:39	24.64	-0.01	23	56672	中性盘
10:50:36	24.65	--	21	51765	买盘
10:50:33	24.65	0.01	46	113390	买盘
10:50:30	24.64	-0.01	45	110880	中性盘
10:50:24	24.65	0.02	1	2465	买盘
10:50:21	24.63	-0.01	50	123150	卖盘
10:50:18	24.64	--	17	41888	卖盘
10:50:15	24.64	--	13	32032	卖盘
10:50:12	24.64	-0.01	44	108416	卖盘
10:50:06	24.65	0.01	5	12325	买盘
10:50:03	24.64	-0.01	10	24640	卖盘
10:50:00	24.65	--	4	9860	买盘
10:49:54	24.65	--	100	246500	买盘
10:49:51	24.65	--	49	120785	卖盘
10:49:48	24.65	--	117	288405	卖盘
10:49:45	24.65	--	63	155295	卖盘
10:49:42	24.65	--	75	184875	卖盘
10:49:36	24.65	--	107	263755	卖盘
10:49:33	24.65	-0.01	68	168113	卖盘
10:49:30	24.66	0.01	109	268794	买盘
10:49:27	24.65	-0.01	10	24650	卖盘
10:49:24	24.66	--	10	24660	买盘
10:49:21	24.66	0.01	2	4932	买盘
10:49:18	24.65	-0.01	6	14790	卖盘
10:49:15	24.66	--	7	17262	买盘
10:49:12	24.66	--	171	421686	卖盘
10:49:06	24.66	--	8	19728	卖盘
10:49:03	24.66	-0.01	11	27126	卖盘
10:49:00	24.67	--	133	328111	买盘
10:48:54	24.67	0.01	20	49340	买盘
10:48:48	24.66	-0.01	4	9864	卖盘
10:48:45	24.67	--	49	120883	买盘
10:48:42	24.67	0.01	14	34538	买盘
10:48:39	24.66	-0.01	4	9864	卖盘
10:48:36	24.67	--	32	78944	买盘
10:48:33	24.67	--	13	32071	买盘
10:48:30	24.67	0.01	10	24670	买盘
10:48:27	24.66	-0.01	30	73980	卖盘
10:48:21	24.67	--	2	4934	买盘
10:48:18	24.67	--	18	44406	买盘
10:48:12	24.67	--	10	24670	买盘
10:48:09	24.67	--	15	37005	买盘
10:48:06	24.67	--	31	76477	买盘
10:48:03	24.67	--	4	9868	买盘
10:48:00	24.67	--	40	98680	买盘
10:47:57	24.67	--	18	44406	买盘
10:47:51	24.67	--	4	9868	买盘
10:47:48	24.67	--	7	17269	买盘
10:47:45	24.67	--	20	49340	买盘
10:47:36	24.67	-0.01	50	124830	卖盘
10:47:33	24.68	0.01	88	217184	买盘
10:47:27	24.67	-0.01	44	108548	卖盘
10:47:24	24.68	--	21	51828	买盘
10:47:21	24.68	0.01	6	14808	买盘
10:47:18	24.67	--	2	4934	卖盘
10:47:15	24.67	--	33	81411	卖盘
10:47:12	24.67	-0.01	20	49340	卖盘
10:47:09	24.68	0.01	1	2468	买盘
10:47:06	24.67	--	1	2467	卖盘
10:47:03	24.67	--	90	223016	买盘
10:47:00	24.67	--	18	44406	买盘
10:46:57	24.67	--	15	37005	买盘
10:46:54	24.67	--	84	208708	卖盘
10:46:48	24.67	-0.01	24	59208	卖盘
10:46:42	24.68	--	121	298628	买盘
10:46:39	24.68	--	5	13327	买盘
10:46:36	24.68	--	3	7404	买盘
10:46:33	24.68	--	65	160420	卖盘
10:46:30	24.68	-0.01	116	286288	卖盘
10:46:27	24.69	--	15	37035	买盘
10:46:24	24.69	0.01	7	17283	买盘
10:46:21	24.68	--	100	246800	卖盘
10:46:12	24.68	-0.01	2	4936	卖盘
10:46:09	24.69	0.01	1	2469	买盘
10:46:06	24.68	--	11	27148	卖盘
10:46:03	24.68	--	2	4936	卖盘
10:46:00	24.68	--	14	34552	卖盘
10:45:57	24.68	-0.01	12	29616	卖盘
10:45:54	24.69	0.01	20	49380	买盘
10:45:51	24.68	--	8	19744	卖盘
10:45:48	24.68	--	9	22212	买盘
10:45:42	24.68	--	13	32084	卖盘
10:45:39	24.68	--	23	56764	卖盘
10:45:36	24.68	--	32	78976	卖盘
10:45:33	24.68	--	3	7404	卖盘
10:45:30	24.68	--	31	76508	卖盘
10:45:18	24.68	-0.01	232	573069	卖盘
10:45:15	24.69	-0.01	11	27159	卖盘
10:45:09	24.7	--	5	12350	买盘
10:45:03	24.7	--	9	22230	买盘
10:45:00	24.7	--	23	58786	卖盘
10:44:57	24.7	--	30	74100	卖盘
10:44:54	24.7	--	19	46930	卖盘
10:44:51	24.7	--	9	22724	卖盘
10:44:42	24.7	-0.01	8	19760	中性盘
10:44:39	24.71	0.01	35	88461	买盘
10:44:36	24.7	--	20	49400	卖盘
10:44:30	24.7	-0.01	10	24700	卖盘
10:44:27	24.71	0.01	63	155673	买盘
10:44:18	24.7	--	2	4940	卖盘
10:44:15	24.7	--	65	160550	买盘
10:44:12	24.7	--	10	24700	买盘
10:44:09	24.7	--	19	46930	买盘
10:44:06	24.7	--	9	22230	买盘
10:44:03	24.7	--	20	49400	买盘
10:43:57	24.7	--	9	22230	卖盘
10:43:54	24.7	--	1	2470	买盘
10:43:51	24.7	--	13	32110	买盘
10:43:48	24.7	--	110	271700	买盘
10:43:42	24.7	--	9	22230	买盘
10:43:36	24.7	--	10	24700	卖盘
10:43:27	24.7	0.01	3	7410	卖盘
10:43:24	24.69	-0.01	40	98760	卖盘
10:43:21	24.7	--	11	27170	卖盘
10:43:15	24.7	0.01	6	14820	买盘
10:43:12	24.69	-0.01	65	160485	卖盘
10:43:03	24.7	0.01	20	49894	买盘
10:43:00	24.69	-0.01	21	51849	卖盘
10:42:51	24.7	--	24	59280	买盘
10:42:42	24.7	0.01	200	494000	买盘
10:42:39	24.69	-0.01	11	27159	卖盘
10:42:36	24.7	0.01	41	101270	买盘
10:42:33	24.69	--	9	22221	卖盘
10:42:27	24.69	--	77	190113	卖盘
10:42:24	24.69	-0.01	11	27159	卖盘
10:42:21	24.7	0.01	19	46930	买盘
10:42:18	24.69	-0.01	8	21727	卖盘
10:42:15	24.7	0.01	30	74100	买盘
10:42:12	24.69	-0.01	32	79008	卖盘
10:42:09	24.7	--	1	2470	买盘
10:42:06	24.7	--	7	17290	买盘
10:42:00	24.7	-0.01	138	341354	卖盘
10:41:57	24.71	0.01	5	12355	买盘
10:41:51	24.7	--	31	76570	卖盘
10:41:45	24.7	--	4	9880	卖盘
10:41:39	24.7	-0.01	20	51376	卖盘
10:41:36	24.71	-0.01	81	200151	卖盘
10:41:33	24.72	0.01	104	257582	买盘
10:41:27	24.71	0.01	18	44478	买盘
10:41:24	24.7	--	5	12350	卖盘
10:41:15	24.7	-0.01	3	7410	卖盘
10:41:12	24.71	--	5	14331	卖盘
10:41:09	24.71	--	5	12849	买盘
10:41:06	24.71	--	20	51396	卖盘
10:41:03	24.71	--	11	27675	买盘
10:41:00	24.71	0.01	3	7413	买盘
10:40:57	24.7	-0.01	41	101270	卖盘
10:40:51	24.71	--	174	431930	买盘
10:40:42	24.71	--	33	82037	卖盘
10:40:39	24.71	--	27	66717	卖盘
10:40:36	24.71	--	13	32123	卖盘
10:40:33	24.71	--	133	330619	买盘
10:40:30	24.71	--	25	61775	买盘
10:40:24	24.71	--	25	61775	买盘
10:40:18	24.71	-0.01	99	244629	卖盘
10:40:15	24.72	--	74	182928	买盘
10:40:12	24.72	--	52	128544	买盘
10:40:09	24.72	0.01	3	7416	买盘
10:40:06	24.71	-0.01	59	145789	卖盘
10:40:00	24.72	-0.01	114	281808	卖盘
10:39:57	24.73	--	64	158272	买盘
10:39:54	24.73	--	16	39568	中性盘
10:39:51	24.73	--	20	49460	买盘
10:39:48	24.73	0.01	13	32149	买盘
10:39:45	24.72	--	22	54384	卖盘
10:39:42	24.72	--	2	4944	卖盘
10:39:36	24.72	-0.01	7	17304	卖盘
10:39:33	24.73	0.01	51	126123	买盘
10:39:27	24.72	--	20	49440	买盘
10:39:18	24.72	0.02	12	29664	买盘
10:39:15	24.7	--	2	4940	卖盘
10:39:12	24.7	--	142	350740	买盘
10:39:09	24.7	0.01	35	86450	买盘
10:39:06	24.69	--	16	39504	卖盘
10:39:00	24.69	--	100	246900	买盘
10:38:57	24.69	--	20	49380	买盘
10:38:54	24.69	--	2	4938	买盘
10:38:51	24.69	0.01	5	12345	买盘
10:38:42	24.68	0.02	45	111060	买盘
10:38:39	24.66	-0.01	10	24660	卖盘
10:38:33	24.67	0.01	6	14802	买盘
10:38:30	24.66	--	4	9864	买盘
10:38:27	24.66	--	27	66582	买盘
10:38:24	24.66	0.01	84	207144	买盘
10:38:21	24.65	--	1	2465	卖盘
10:38:15	24.65	--	3	7395	卖盘
10:38:12	24.65	--	42	105502	买盘
10:38:09	24.65	--	63	155295	买盘
10:38:06	24.65	--	36	88740	买盘
10:38:03	24.65	--	55	135575	买盘
10:38:00	24.65	0.01	1	2465	买盘
10:37:57	24.64	-0.01	11	27104	卖盘
10:37:54	24.65	0.01	4	9860	买盘
10:37:51	24.64	--	35	86240	卖盘
10:37:48	24.64	--	2	4928	卖盘
10:37:45	24.64	0.01	12	30553	买盘
10:37:42	24.63	--	51	125613	卖盘
10:37:39	24.63	--	153	377824	卖盘
10:37:36	24.63	--	70	172410	卖盘
10:37:33	24.63	--	2	4926	卖盘
10:37:30	24.63	--	1	2463	卖盘
10:37:27	24.63	--	173	426591	买盘
10:37:24	24.63	--	20	49260	买盘
10:37:21	24.63	0.01	23	56649	买盘
10:37:18	24.62	--	28	68936	卖盘
10:37:15	24.62	-0.01	79	194498	卖盘
10:37:12	24.63	0.01	44	108372	买盘
10:37:09	24.62	-0.01	35	86170	卖盘
10:37:06	24.63	0.01	187	460581	买盘
10:37:03	24.62	-0.01	53	130486	卖盘
10:37:00	24.63	--	45	110835	买盘
10:36:57	24.63	--	32	78816	买盘
10:36:54	24.63	--	8	19704	买盘
10:36:51	24.63	0.01	115	283245	买盘
10:36:48	24.62	-0.01	32	78784	卖盘
10:36:45	24.63	--	124	305412	买盘
10:36:42	24.63	--	9	22167	买盘
10:36:39	24.63	--	29	71427	卖盘
10:36:36	24.63	--	183	450729	买盘
10:36:33	24.63	--	98	242851	卖盘
10:36:30	24.63	-0.01	15	36945	卖盘
10:36:27	24.64	0.01	34	83776	买盘
10:36:24	24.63	--	27	66993	卖盘
10:36:21	24.63	--	33	81771	买盘
10:36:18	24.63	--	101	250733	卖盘
10:36:15	24.63	--	72	177336	卖盘
10:36:12	24.63	--	48	118224	卖盘
10:36:09	24.63	--	49	120687	卖盘
10:36:06	24.63	--	56	138420	卖盘
10:36:03	24.63	--	37	91131	卖盘
10:36:00	24.63	-0.01	24	59112	卖盘
10:35:57	24.64	0.01	16	39424	买盘
10:35:54	24.63	-0.01	8	19704	卖盘
10:35:51	24.64	--	34	83776	买盘
10:35:48	24.64	0.01	2	4928	中性盘
10:35:45	24.63	-0.01	37	91131	卖盘
10:35:42	24.64	--	18	44352	卖盘
10:35:39	24.64	--	16	39424	卖盘
10:35:36	24.64	--	57	140448	卖盘
10:35:33	24.64	--	17	41888	卖盘
10:35:30	24.64	-0.01	2	4928	卖盘
10:35:27	24.65	--	49	120785	买盘
10:35:24	24.65	--	57	140998	卖盘
10:35:21	24.65	--	222	547230	卖盘
10:35:18	24.65	--	171	422994	卖盘
10:35:15	24.65	--	22	54230	卖盘
10:35:12	24.65	--	106	261289	卖盘
10:35:09	24.65	--	200	493000	卖盘
10:35:06	24.65	-0.01	167	411655	卖盘
10:35:03	24.66	0.01	33	81378	买盘
10:35:00	24.65	--	114	281010	卖盘
10:34:57	24.65	-0.01	39	96135	卖盘
10:34:54	24.66	--	22	54252	买盘
10:34:51	24.66	--	333	821178	买盘
10:34:48	24.66	--	65	160290	买盘
10:34:45	24.66	--	197	485802	买盘
10:34:42	24.66	--	224	552384	买盘
10:34:39	24.66	--	47	115902	买盘
10:34:36	24.66	0.01	25	61650	买盘
10:34:33	24.65	-0.01	80	197200	卖盘
10:34:30	24.66	--	108	267314	买盘
10:34:27	24.66	--	50	123300	买盘
10:34:24	24.66	0.01	74	182484	买盘
10:34:21	24.65	--	55	135575	卖盘
10:34:18	24.65	-0.01	50	123250	卖盘
10:34:15	24.66	--	59	145494	买盘
10:34:12	24.66	0.01	129	318114	买盘
10:34:09	24.65	--	285	702525	卖盘
10:34:06	24.65	--	60	147900	卖盘
10:34:03	24.65	-0.01	219	539835	卖盘
10:34:00	24.66	0.01	585	1442610	买盘
10:33:57	24.65	--	40	99586	卖盘
10:33:54	24.65	-0.01	8	19720	卖盘
10:33:51	24.66	--	7	17262	买盘
10:33:48	24.66	0.01	8	19728	买盘
10:33:45	24.65	-0.01	66	162690	卖盘
10:33:42	24.66	--	58	143028	卖盘
10:33:39	24.66	--	47	117381	卖盘
10:33:36	24.66	--	21	51786	卖盘
10:33:33	24.66	-0.01	28	69048	卖盘
10:33:30	24.67	0.01	10	24670	买盘
10:33:27	24.66	--	39	96174	卖盘
10:33:24	24.66	-0.02	50	123300	卖盘
10:33:21	24.68	--	189	466452	卖盘
10:33:18	24.68	--	11	27148	卖盘
10:33:15	24.68	0.02	12	29616	中性盘
10:33:12	24.66	-0.03	160	394560	卖盘
10:33:09	24.69	--	81	199989	买盘
10:33:06	24.69	--	4	9876	买盘
10:33:03	24.69	-0.01	14	34566	卖盘
10:33:00	24.7	--	339	839750	卖盘
10:32:57	24.7	--	426	1053208	卖盘
10:32:54	24.7	--	513	1267110	卖盘
10:32:51	24.7	--	144	355680	卖盘
10:32:48	24.7	--	238	587860	卖盘
10:32:45	24.7	-0.01	500	1235000	卖盘
10:32:42	24.71	-0.02	35	86485	中性盘
10:32:39	24.73	0.01	866	2141618	买盘
10:32:36	24.72	--	35	86520	卖盘
10:32:33	24.72	-0.01	15	37080	卖盘
10:32:30	24.73	0.02	25	61825	买盘
10:32:27	24.71	-0.01	752	1858192	卖盘
10:32:24	24.72	-0.02	46	113712	卖盘
10:32:21	24.74	0.01	100	247399	买盘
10:32:18	24.73	0.01	33	81609	买盘
10:32:15	24.72	--	6	14832	卖盘
10:32:12	24.72	-0.02	2	4944	卖盘
10:32:09	24.74	0.02	120	296880	买盘
10:32:03	24.72	-0.02	154	380688	卖盘
10:32:00	24.74	--	34	84116	买盘
10:31:57	24.74	--	10	24740	卖盘
10:31:54	24.74	--	152	376048	卖盘
10:31:51	24.74	-0.01	56	138544	卖盘
10:31:48	24.75	0.01	58	143550	买盘
10:31:45	24.74	--	5	12370	卖盘
10:31:42	24.74	-0.01	21	51954	卖盘
10:31:33	24.75	0.01	9	22275	买盘
10:31:30	24.74	-0.01	20	49480	卖盘
10:31:27	24.75	--	10	24750	买盘
10:31:24	24.75	-0.01	8	20790	卖盘
10:31:21	24.76	0.01	3	7428	买盘
10:31:18	24.75	--	34	85140	卖盘
10:31:15	24.75	--	6	14850	卖盘
10:31:09	24.75	--	4	9900	卖盘
10:31:06	24.75	--	6	14850	卖盘
10:31:03	24.75	0.01	7	17820	买盘
10:30:54	24.74	-0.01	71	175654	卖盘
10:30:48	24.75	--	7	17325	买盘
10:30:45	24.75	0.01	40	99000	买盘
10:30:42	24.74	--	45	111330	卖盘
10:30:39	24.74	-0.01	7	17318	卖盘
10:30:36	24.75	--	2	4950	买盘
10:30:33	24.75	0.01	35	86625	买盘
10:30:30	24.74	--	1	2474	卖盘
10:30:27	24.74	--	14	34636	卖盘
10:30:24	24.74	--	38	94012	卖盘
10:30:21	24.74	--	12	29687	卖盘
10:30:18	24.74	-0.01	41	101434	卖盘
10:30:15	24.75	0.01	30	74250	买盘
10:30:12	24.74	--	5	12370	卖盘
10:30:09	24.74	--	30	74220	卖盘
10:30:06	24.74	0.01	84	207816	买盘
10:30:03	24.73	--	1	2473	卖盘
10:30:00	24.73	0.01	1	2473	买盘
10:29:57	24.72	-0.01	5	12360	卖盘
10:29:54	24.73	0.01	6	14838	买盘
10:29:51	24.72	-0.01	6	14832	卖盘
10:29:48	24.73	0.01	9	22751	买盘
10:29:45	24.72	-0.01	4	9888	卖盘
10:29:42	24.73	0.01	5	12365	买盘
10:29:39	24.72	--	6	14832	卖盘
10:29:36	24.72	--	4	9888	卖盘
10:29:33	24.72	--	1	2472	卖盘
10:29:30	24.72	-0.02	21	51912	卖盘
10:29:27	24.74	0.02	20	49480	买盘
10:29:24	24.72	--	12	29664	买盘
10:29:21	24.72	--	57	140904	买盘
10:29:18	24.72	-0.01	66	163152	卖盘
10:29:15	24.73	0.01	44	108812	买盘
10:29:12	24.72	--	17	42024	买盘
10:29:09	24.72	--	3	7416	买盘
10:29:06	24.72	--	100	247200	卖盘
10:29:03	24.72	-0.02	1	2472	卖盘
10:29:00	24.74	0.02	10	24740	买盘
10:28:57	24.72	--	31	76632	卖盘
10:28:54	24.72	--	73	180456	卖盘
10:28:51	24.72	--	2	4944	卖盘
10:28:48	24.72	--	20	49440	卖盘
10:28:45	24.72	-0.02	31	76632	卖盘
10:28:42	24.74	--	19	47006	买盘
10:28:39	24.74	0.01	12	29687	买盘
10:28:36	24.73	0.02	5	12365	中性盘
10:28:33	24.71	-0.03	20	49420	卖盘
10:28:30	24.74	--	1	2474	买盘
10:28:27	24.74	0.03	10	24740	中性盘
10:28:24	24.71	-0.04	2015	4979065	卖盘
10:28:21	24.75	--	95	235125	买盘
10:28:18	24.75	--	10	24750	买盘
10:28:15	24.75	--	50	123750	买盘
10:28:12	24.75	-0.01	303	751905	卖盘
10:28:09	24.76	-0.02	142	351592	卖盘
10:28:06	24.78	0.01	29	71862	买盘
10:28:03	24.77	--	39	96603	卖盘
10:28:00	24.77	-0.01	20	49540	卖盘
10:27:57	24.78	0.01	19	47082	买盘
10:27:51	24.77	-0.01	3	7431	卖盘
10:27:48	24.78	--	15	37170	买盘
10:27:42	24.78	-0.01	13	32214	卖盘
10:27:39	24.79	0.01	8	19832	买盘
10:27:36	24.78	--	98	242844	买盘
10:27:33	24.78	-0.01	2	4956	中性盘
10:27:30	24.79	0.02	50	123950	买盘
10:27:27	24.77	-0.01	9	22293	卖盘
10:27:24	24.78	--	22	54516	卖盘
10:27:21	24.78	--	20	51542	买盘
10:27:18	24.78	0.01	12	29736	买盘
10:27:12	24.77	-0.01	9	22293	中性盘
10:27:09	24.78	--	8	19824	买盘
10:27:06	24.78	0.02	21	52038	买盘
10:27:03	24.76	-0.01	59	146084	卖盘
10:26:57	24.77	0.01	49	121373	卖盘
10:26:54	24.76	-0.01	5	12380	卖盘
10:26:51	24.77	--	102	252654	买盘
10:26:48	24.77	--	4	9908	买盘
10:26:45	24.77	0.01	18	44586	买盘
10:26:42	24.76	--	28	69328	卖盘
10:26:39	24.76	--	5	12380	卖盘
10:26:36	24.76	--	18	44568	卖盘
10:26:30	24.76	--	3	7428	卖盘
10:26:24	24.76	0.01	5	12380	卖盘
10:26:21	24.75	--	11	27225	卖盘
10:26:18	24.75	-0.01	170	420750	卖盘
10:26:15	24.76	--	14	34664	卖盘
10:26:12	24.76	--	52	128752	买盘
10:26:09	24.76	--	30	74280	买盘
10:26:06	24.76	--	32	79232	买盘
10:26:03	24.76	--	24	59424	买盘
10:26:00	24.76	0.01	20	49520	买盘
10:25:57	24.75	-0.01	43	106425	卖盘
10:25:54	24.76	--	3	7428	买盘
10:25:51	24.76	--	41	101516	买盘
10:25:48	24.76	--	8	19808	买盘
10:25:45	24.76	--	40	99040	卖盘
10:25:42	24.76	--	6	14856	卖盘
10:25:39	24.76	--	9	22284	卖盘
10:25:33	24.76	-0.01	10	24760	卖盘
10:25:30	24.77	0.02	5	12385	买盘
10:25:27	24.75	-0.01	15	37125	卖盘
10:25:24	24.76	--	1	2476	卖盘
10:25:21	24.76	--	2	4952	卖盘
10:25:18	24.76	0.01	70	173320	买盘
10:25:15	24.75	--	40	99000	卖盘
10:25:12	24.75	--	16	40590	卖盘
10:25:09	24.75	--	4	9900	卖盘
10:25:06	24.75	-0.02	5	12375	卖盘
10:25:00	24.77	0.02	107	265039	买盘
10:24:57	24.75	--	1	4455	买盘
10:24:54	24.75	--	20	49500	买盘
10:24:51	24.75	-0.02	478	1183545	卖盘
10:24:48	24.77	-0.01	0	1981	卖盘
10:24:42	24.78	--	13	32214	买盘
10:24:39	24.78	--	2	4956	买盘
10:24:36	24.78	--	2	4956	买盘
10:24:33	24.78	--	5	12390	买盘
10:24:30	24.78	--	3	7434	买盘
10:24:27	24.78	-0.01	203	503529	卖盘
10:24:24	24.79	--	15	37185	卖盘
10:24:21	24.79	--	6	14874	卖盘
10:24:15	24.79	-0.01	4	9916	卖盘
10:24:12	24.8	0.01	6	14880	买盘
10:24:03	24.79	-0.01	22	54538	中性盘
10:23:57	24.8	--	50	124000	买盘
10:23:51	24.8	0.02	52	128960	买盘
10:23:48	24.78	-0.01	85	210630	卖盘
10:23:42	24.79	--	24	61925	卖盘
10:23:36	24.79	--	40	99209	买盘
10:23:33	24.79	-0.01	123	307346	卖盘
10:23:27	24.8	0.01	80	198400	买盘
10:23:24	24.79	--	26	64454	卖盘
10:23:21	24.79	-0.01	12	29748	卖盘
10:23:18	24.8	0.01	29	71920	买盘
10:23:15	24.79	-0.01	2	4958	卖盘
10:23:12	24.8	--	12	29760	买盘
10:23:09	24.8	--	276	684480	卖盘
10:23:06	24.8	--	42	104160	卖盘
10:23:03	24.8	-0.01	1	2480	卖盘
10:23:00	24.81	0.01	56	138936	买盘
10:22:57	24.8	--	10	24800	卖盘
10:22:54	24.8	--	55	136400	卖盘
10:22:48	24.8	--	8	19840	卖盘
10:22:45	24.8	--	9	22320	卖盘
10:22:39	24.8	--	40	99200	卖盘
10:22:36	24.8	--	54	133969	买盘
10:22:33	24.8	0.01	34	84320	买盘
10:22:30	24.79	-0.01	122	302438	卖盘
10:22:27	24.8	--	104	257920	买盘
10:22:24	24.8	0.01	50	124000	买盘
10:22:21	24.79	-0.01	10	24790	卖盘
10:22:18	24.8	0.01	20	49600	买盘
10:22:15	24.79	--	13	32227	卖盘
10:22:12	24.79	-0.01	2	4958	卖盘
10:22:09	24.8	--	21	52080	买盘
10:22:06	24.8	--	1	2480	买盘
10:22:03	24.8	--	80	198400	买盘
10:22:00	24.8	--	27	66960	买盘
10:21:57	24.8	0.01	15	37200	买盘
10:21:54	24.79	-0.01	161	399119	卖盘
10:21:51	24.8	0.01	43	106640	买盘
10:21:48	24.79	-0.01	84	208236	卖盘
10:21:45	24.8	--	24	59520	买盘
10:21:42	24.8	--	26	64480	买盘
10:21:39	24.8	0.01	7	17360	买盘
10:21:36	24.79	-0.01	5	12395	卖盘
10:21:33	24.8	--	11	27280	买盘
10:21:30	24.8	0.01	16	39680	买盘
10:21:21	24.79	--	8	19832	卖盘
10:21:18	24.79	-0.01	3	7437	卖盘
10:21:15	24.8	0.02	49	121520	买盘
10:21:12	24.78	-0.01	11	27258	卖盘
10:21:09	24.79	--	23	57017	买盘
10:21:06	24.79	0.01	74	183446	买盘
10:21:03	24.78	--	52	128856	卖盘
10:21:00	24.78	--	12	29736	卖盘
10:20:57	24.78	0.01	203	505016	买盘
10:20:54	24.77	--	5	12385	卖盘
10:20:51	24.77	--	79	195683	买盘
10:20:48	24.77	--	26	64402	买盘
10:20:45	24.77	--	10	24770	买盘
10:20:42	24.77	--	9	22293	买盘
10:20:39	24.77	--	44	108988	买盘
10:20:36	24.77	0.01	6	14862	买盘
10:20:33	24.76	--	4	9904	卖盘
10:20:30	24.76	--	27	66852	卖盘
10:20:27	24.76	-0.01	30	74280	卖盘
10:20:24	24.77	--	39	96603	买盘
10:20:21	24.77	--	10	24770	买盘
10:20:18	24.77	0.01	41	101557	中性盘
10:20:15	24.76	-0.01	23	56948	卖盘
10:20:12	24.77	--	48	118896	买盘
10:20:09	24.77	0.01	29	71833	买盘
10:20:06	24.76	-0.01	9	22284	卖盘
10:20:03	24.77	--	6	14862	买盘
10:20:00	24.77	--	6	14862	买盘
10:19:57	24.77	0.01	14	34678	买盘
10:19:54	24.76	-0.02	104	257504	卖盘
10:19:51	24.78	0.01	4	9912	买盘
10:19:48	24.77	-0.01	11	27247	卖盘
10:19:45	24.78	--	8	19824	买盘
10:19:42	24.78	0.01	2	4956	买盘
10:19:39	24.77	-0.01	1	2477	卖盘
10:19:33	24.78	--	1	2478	买盘
10:19:30	24.78	--	28	69384	卖盘
10:19:27	24.78	--	14	34692	卖盘
10:19:24	24.78	--	51	126378	卖盘
10:19:21	24.78	--	14	34692	卖盘
10:19:18	24.78	-0.01	80	198240	卖盘
10:19:15	24.79	0.01	49	121471	买盘
10:19:12	24.78	--	72	178416	卖盘
10:19:09	24.78	--	14	34692	卖盘
10:19:06	24.78	--	89	220542	卖盘
10:19:03	24.78	--	194	480732	卖盘
10:19:00	24.78	--	4	9912	卖盘
10:18:57	24.78	-0.01	20	49560	卖盘
10:18:54	24.79	0.01	34	84286	买盘
10:18:51	24.78	-0.01	127	314706	卖盘
10:18:48	24.79	0.01	2	4958	买盘
10:18:45	24.78	--	118	292404	买盘
10:18:42	24.78	0.02	129	319662	买盘
10:18:39	24.76	-0.01	181	448156	卖盘
10:18:36	24.77	-0.01	26	64402	卖盘
10:18:33	24.78	0.01	4	9912	买盘
10:18:24	24.77	--	39	96603	卖盘
10:18:21	24.77	-0.01	175	433475	卖盘
10:18:15	24.78	-0.01	101	250278	卖盘
10:18:12	24.79	--	2	4958	买盘
10:18:09	24.79	-0.01	3	7437	买盘
10:18:06	24.8	0.01	26	64480	买盘
10:18:03	24.79	-0.01	9	23302	卖盘
10:18:00	24.8	0.01	1	2480	买盘
10:17:57	24.79	-0.01	93	230547	卖盘
10:17:54	24.8	--	61	151280	买盘
10:17:51	24.8	--	12	29760	买盘
10:17:48	24.8	-0.01	203	505870	卖盘
10:17:45	24.81	0.01	223	553263	买盘
10:17:42	24.8	--	10	24800	卖盘
10:17:39	24.8	-0.01	10	24800	卖盘
10:17:36	24.81	0.01	42	104202	买盘
10:17:33	24.8	--	34	84320	卖盘
10:17:30	24.8	-0.01	47	116560	卖盘
10:17:27	24.81	0.01	175	434175	中性盘
10:17:24	24.8	-0.01	194	481120	卖盘
10:17:21	24.81	--	105	260505	买盘
10:17:18	24.81	-0.01	14	34734	买盘
10:17:15	24.82	0.02	8	19856	买盘
10:17:12	24.8	-0.01	220	545600	卖盘
10:17:09	24.81	--	45	111645	卖盘
10:17:06	24.81	0.01	27	67036	买盘
10:17:03	24.8	--	18	44640	卖盘
10:17:00	24.8	-0.01	5	12400	卖盘
10:16:57	24.81	--	94	235645	卖盘
10:16:54	24.81	-0.01	15	37215	卖盘
10:16:51	24.82	0.01	82	203524	买盘
10:16:48	24.81	-0.01	6	14935	卖盘
10:16:45	24.82	0.02	4	9928	买盘
10:16:42	24.8	-0.01	3	7440	卖盘
10:16:39	24.81	--	3	7443	卖盘
10:16:36	24.81	0.01	7	17367	买盘
10:16:33	24.8	--	22	54560	卖盘
10:16:30	24.8	--	27	66960	卖盘
10:16:27	24.8	--	2	4960	卖盘
10:16:24	24.8	--	42	104160	买盘
10:16:21	24.8	--	3	7440	买盘
10:16:18	24.8	0.01	5	12400	买盘
10:16:15	24.79	-0.01	2	4958	卖盘
10:16:12	24.8	--	35	86800	买盘
10:16:09	24.8	0.01	141	349680	买盘
10:16:06	24.79	-0.01	8	19832	卖盘
10:16:00	24.8	0.01	98	244528	买盘
10:15:57	24.79	0.01	44	109076	买盘
10:15:54	24.78	-0.01	41	101598	卖盘
10:15:51	24.79	--	49	121471	买盘
10:15:48	24.79	--	15	37185	买盘
10:15:45	24.79	--	90	223110	买盘
10:15:42	24.79	--	47	116587	买盘
10:15:39	24.79	--	21	52059	买盘
10:15:36	24.79	0.01	13	32227	买盘
10:15:33	24.78	--	18	44604	卖盘
10:15:30	24.78	--	33	81774	卖盘
10:15:27	24.78	--	19	47082	卖盘
10:15:24	24.78	--	34	84252	卖盘
10:15:21	24.78	0.01	38	94164	买盘
10:15:18	24.77	0.01	2	4954	卖盘
10:15:15	24.76	--	58	143608	卖盘
10:15:09	24.76	--	4	9904	卖盘
10:15:06	24.76	-0.01	62	153512	卖盘
10:15:03	24.77	-0.01	26	64402	卖盘
10:15:00	24.78	0.02	246	609588	买盘
10:14:57	24.76	--	8	21788	买盘
10:14:54	24.76	-0.02	33	82203	卖盘
10:14:51	24.78	0.02	8	19824	买盘
10:14:48	24.76	-0.02	5	12380	卖盘
10:14:45	24.78	0.02	38	96146	买盘
10:14:42	24.76	--	8	19808	卖盘
10:14:39	24.76	-0.02	15	37140	卖盘
10:14:36	24.78	0.03	84	208152	买盘
10:14:33	24.75	-0.01	9	22275	中性盘
10:14:30	24.76	-0.02	166	411016	卖盘
10:14:27	24.78	0.03	35	86730	中性盘
10:14:24	24.75	-0.03	139	344025	卖盘
10:14:21	24.78	--	19	47082	买盘
10:14:18	24.78	0.03	3	7434	买盘
10:14:15	24.75	--	61	150975	卖盘
10:14:12	24.75	-0.04	2503	6194925	卖盘
10:14:09	24.79	0.01	54	133866	买盘
10:14:06	24.78	-0.01	99	245322	卖盘
10:14:03	24.79	--	15	38176	卖盘
10:14:00	24.79	--	37	91723	卖盘
10:13:57	24.79	--	35	88252	卖盘
10:13:48	24.79	-0.01	211	525052	卖盘
10:13:45	24.8	-0.04	102	252960	卖盘
10:13:42	24.84	0.04	60	149040	买盘
10:13:39	24.8	-0.02	269	667120	卖盘
10:13:36	24.82	-0.01	74	183668	卖盘
10:13:33	24.83	-0.01	15	38734	卖盘
10:13:30	24.84	-0.01	50	124200	卖盘
10:13:27	24.85	0.01	84	208740	买盘
10:13:24	24.84	-0.01	22	54648	卖盘
10:13:21	24.85	--	10	24850	买盘
10:13:18	24.85	--	5	12425	买盘
10:13:15	24.85	--	7	17395	买盘
10:13:12	24.85	-0.02	647	1608789	卖盘
10:13:09	24.87	-0.01	83	206421	卖盘
10:13:06	24.88	0.02	4	9952	买盘
10:13:03	24.86	-0.01	219	544434	卖盘
10:13:00	24.87	--	3	7461	买盘
10:12:57	24.87	--	24	59688	买盘
10:12:54	24.87	-0.01	9	22383	中性盘
10:12:51	24.88	0.02	8	19904	买盘
10:12:48	24.86	-0.03	136	338096	卖盘
10:12:45	24.89	0.01	63	156807	买盘
10:12:42	24.88	0.01	5	12440	买盘
10:12:39	24.87	-0.01	27	67149	卖盘
10:12:36	24.88	0.01	20	49760	买盘
10:12:33	24.87	-0.01	16	39792	卖盘
10:12:30	24.88	--	25	62200	卖盘
10:12:27	24.88	-0.01	53	131864	中性盘
10:12:24	24.89	0.01	132	328548	买盘
10:12:21	24.88	--	5	12440	买盘
10:12:15	24.88	--	37	92056	买盘
10:12:12	24.88	-0.01	49	121912	卖盘
10:12:03	24.89	--	54	134406	买盘
10:12:00	24.89	0.02	111	276279	买盘
10:11:57	24.87	-0.01	114	283518	卖盘
10:11:54	24.88	--	80	199040	买盘
10:11:51	24.88	-0.01	5	12440	中性盘
10:11:45	24.89	0.03	2	4978	买盘
10:11:42	24.86	-0.02	31	77066	卖盘
10:11:36	24.88	0.02	76	189088	买盘
10:11:33	24.86	-0.01	76	188936	卖盘
10:11:30	24.87	--	3	7461	买盘
10:11:27	24.87	--	126	313362	买盘
10:11:24	24.87	0.01	11	27357	买盘
10:11:21	24.86	-0.01	8	19888	卖盘
10:11:18	24.87	-0.01	68	169116	卖盘
10:11:15	24.88	--	142	353296	买盘
10:11:12	24.88	0.01	1	2488	买盘
10:11:09	24.87	--	68	169116	卖盘
10:11:06	24.87	--	34	84558	卖盘
10:11:03	24.87	--	32	79584	卖盘
10:11:00	24.87	--	8	19896	卖盘
10:10:57	24.87	-0.01	16	39792	卖盘
10:10:54	24.88	-0.01	113	281144	卖盘
10:10:51	24.89	--	53	131917	买盘
10:10:48	24.89	0.01	13	32357	买盘
10:10:45	24.88	-0.01	14	34832	卖盘
10:10:42	24.89	--	35	87115	卖盘
10:10:39	24.89	0.01	37	92093	中性盘
10:10:36	24.88	-0.01	114	283632	卖盘
10:10:33	24.89	--	3	7467	卖盘
10:10:30	24.89	--	3	7467	卖盘
10:10:27	24.89	-0.01	115	286235	卖盘
10:10:24	24.9	0.01	91	226590	买盘
10:10:21	24.89	-0.01	63	156807	卖盘
10:10:18	24.9	--	14	34860	买盘
10:10:15	24.9	0.01	46	114540	买盘
10:10:12	24.89	-0.01	36	89604	卖盘
10:10:09	24.9	--	5	12450	买盘
10:10:06	24.9	--	45	112050	买盘
10:10:03	24.9	0.01	14	34860	中性盘
10:10:00	24.89	-0.01	22	54758	卖盘
10:09:57	24.9	-0.02	1	2490	卖盘
10:09:54	24.92	--	10	24920	买盘
10:09:51	24.92	--	8	19936	买盘
10:09:48	24.92	0.03	51	127092	买盘
10:09:45	24.89	-0.03	120	298680	卖盘
10:09:42	24.92	-0.01	9	22428	卖盘
10:09:39	24.93	--	31	77283	买盘
10:09:36	24.93	0.03	24	59832	买盘
10:09:33	24.9	-0.03	1	2490	卖盘
10:09:30	24.93	0.03	24	59832	买盘
10:09:27	24.9	0.01	43	107070	买盘
10:09:24	24.89	-0.05	102	253878	卖盘
10:09:21	24.94	0.01	244	608536	买盘
10:09:18	24.93	--	43	107199	买盘
10:09:15	24.93	0.03	18	44874	中性盘
10:09:12	24.9	-0.04	44	109560	卖盘
10:09:09	24.94	0.04	37	92278	买盘
10:09:03	24.9	-0.04	116	288840	卖盘
10:09:00	24.94	-0.01	185	461390	买盘
10:08:57	24.95	0.01	56	139720	买盘
10:08:54	24.94	--	149	371606	卖盘
10:08:51	24.94	-0.01	140	349160	卖盘
10:08:48	24.95	--	126	314370	卖盘
10:08:45	24.95	--	88	219560	卖盘
10:08:42	24.95	--	16	39920	卖盘
10:08:39	24.95	--	388	968060	卖盘
10:08:36	24.95	--	222	553890	卖盘
10:08:33	24.95	0.02	440	1097800	买盘
10:08:30	24.93	-0.01	125	311625	卖盘
10:08:27	24.94	-0.01	108	269352	卖盘
10:08:24	24.95	--	242	603790	买盘
10:08:21	24.95	0.01	24	59880	中性盘
10:08:18	24.94	-0.01	50	124700	卖盘
10:08:15	24.95	0.01	62	154690	中性盘
10:08:12	24.94	--	130	324220	卖盘
10:08:09	24.94	-0.01	254	633476	卖盘
10:08:06	24.95	0.02	19	47405	中性盘
10:08:03	24.93	-0.02	249	620757	卖盘
10:08:00	24.95	--	47	117265	买盘
10:07:57	24.95	0.03	719	1793905	买盘
10:07:54	24.92	--	3	7476	卖盘
10:07:51	24.92	-0.01	438	1091496	中性盘
10:07:48	24.93	0.03	690	1722388	买盘
10:07:45	24.9	--	302	751980	买盘
10:07:42	24.9	--	735	1830150	买盘
10:07:36	24.9	0.04	730	1817700	买盘
10:07:33	24.86	--	123	305778	卖盘
10:07:30	24.86	-0.01	1574	3912964	卖盘
10:07:27	24.87	0.01	10	24870	买盘
10:07:24	24.86	-0.01	11	27346	卖盘
10:07:21	24.87	0.01	32	79584	买盘
10:07:18	24.86	--	29	72094	卖盘
10:07:15	24.86	-0.01	40	99440	卖盘
10:07:12	24.87	0.01	20	49740	买盘
10:07:09	24.86	--	26	64636	卖盘
10:07:06	24.86	--	5	12430	卖盘
10:07:03	24.86	--	10	24860	买盘
10:07:00	24.86	--	47	116842	买盘
10:06:57	24.86	--	108	268488	卖盘
10:06:54	24.86	--	24	59664	买盘
10:06:51	24.86	--	15	37290	买盘
10:06:48	24.86	0.01	22	54692	买盘
10:06:45	24.85	-0.01	250	621250	卖盘
10:06:42	24.86	-0.01	55	136730	卖盘
10:06:39	24.87	0.01	88	220348	买盘
10:06:36	24.86	-0.01	5	12430	卖盘
10:06:33	24.87	0.02	128	318336	买盘
10:06:30	24.85	-0.01	32	79520	卖盘
10:06:27	24.86	--	8	19888	卖盘
10:06:24	24.86	--	39	96954	买盘
10:06:21	24.86	--	5	12430	买盘
10:06:18	24.86	0.01	70	174020	买盘
10:06:15	24.85	-0.01	5	12425	卖盘
10:06:09	24.86	0.01	2	4972	买盘
10:06:06	24.85	--	18	44730	卖盘
10:06:03	24.85	-0.02	74	183890	卖盘
10:06:00	24.87	0.01	19	47253	买盘
10:05:57	24.86	--	67	166562	卖盘
10:05:54	24.86	--	55	136730	卖盘
10:05:51	24.86	--	37	91982	卖盘
10:05:48	24.86	0.01	27	67122	中性盘
10:05:45	24.85	-0.01	267	663495	卖盘
10:05:42	24.86	--	5	12430	卖盘
10:05:39	24.86	--	20	51708	买盘
10:05:36	24.86	0.01	52	129272	买盘
10:05:33	24.85	-0.01	172	427420	卖盘
10:05:30	24.86	--	59	146674	买盘
10:05:27	24.86	--	35	87010	买盘
10:05:24	24.86	--	12	29832	买盘
10:05:21	24.86	--	49	121814	买盘
10:05:18	24.86	0.01	19	47234	买盘
10:05:15	24.85	-0.01	21	52185	卖盘
10:05:12	24.86	--	181	450463	买盘
10:05:09	24.86	--	42	104412	买盘
10:05:06	24.86	0.01	4	9944	买盘
10:05:03	24.85	--	10	24850	卖盘
10:05:00	24.85	--	60	149100	卖盘
10:04:57	24.85	-0.01	26	64610	卖盘
10:04:54	24.86	--	47	116842	买盘
10:04:51	24.86	--	34	84524	买盘
10:04:48	24.86	--	12	29832	买盘
10:04:45	24.86	--	51	126786	买盘
10:04:42	24.86	--	101	251086	买盘
10:04:39	24.86	0.01	20	49720	买盘
10:04:36	24.85	--	69	171465	卖盘
10:04:33	24.85	--	9	22365	卖盘
10:04:30	24.85	--	21	52185	卖盘
10:04:27	24.85	-0.01	143	355852	卖盘
10:04:24	24.86	--	51	126786	卖盘
10:04:21	24.86	0.01	156	389804	买盘
10:04:18	24.85	--	75	186375	卖盘
10:04:15	24.85	-0.01	44	109340	卖盘
10:04:12	24.86	--	5	12430	买盘
10:04:09	24.86	0.01	200	497200	买盘
10:04:06	24.85	--	86	213710	卖盘
10:04:03	24.85	-0.01	103	255955	卖盘
10:04:00	24.86	--	130	323180	买盘
10:03:57	24.86	--	4	9944	买盘
10:03:54	24.86	--	9	22374	买盘
10:03:51	24.86	--	91	226226	买盘
10:03:48	24.86	--	239	594154	卖盘
10:03:45	24.86	--	42	104412	买盘
10:03:42	24.86	--	156	387816	买盘
10:03:39	24.86	0.01	22	54692	买盘
10:03:36	24.85	-0.01	33	82502	卖盘
10:03:33	24.86	--	99	246114	卖盘
10:03:30	24.86	-0.01	31	77066	卖盘
10:03:27	24.87	0.01	8	19896	买盘
10:03:24	24.86	--	59	146674	卖盘
10:03:21	24.86	--	28	69608	卖盘
10:03:18	24.86	--	17	42262	卖盘
10:03:15	24.86	--	23	59166	卖盘
10:03:12	24.86	--	35	87010	卖盘
10:03:09	24.86	-0.01	107	266002	中性盘
10:03:06	24.87	0.01	191	475017	买盘
10:03:03	24.86	--	38	94468	买盘
10:03:00	24.86	--	144	359798	卖盘
10:02:57	24.86	-0.01	81	201366	卖盘
10:02:54	24.87	--	124	308388	买盘
10:02:51	24.87	--	51	126837	买盘
10:02:48	24.87	--	27	67149	买盘
10:02:45	24.87	--	103	256161	买盘
10:02:42	24.87	--	15	37305	买盘
10:02:39	24.87	--	202	502374	卖盘
10:02:36	24.87	--	194	482478	卖盘
10:02:33	24.87	--	40	99480	卖盘
10:02:30	24.87	-0.01	16	39792	卖盘
10:02:27	24.88	0.01	123	306024	买盘
10:02:24	24.87	--	25	62175	卖盘
10:02:21	24.87	--	3	7461	卖盘
10:02:18	24.87	--	147	365589	买盘
10:02:15	24.87	-0.01	40	99480	买盘
10:02:12	24.88	-0.01	43	106984	中性盘
10:02:09	24.89	0.02	279	694431	买盘
10:02:06	24.87	--	90	223830	卖盘
10:02:03	24.87	--	7	17409	卖盘
10:02:00	24.87	0.01	45	111915	中性盘
10:01:57	24.86	-0.01	418	1039148	卖盘
10:01:54	24.87	--	14	34818	卖盘
10:01:51	24.87	0.01	126	314356	买盘
10:01:48	24.86	--	113	280918	卖盘
10:01:45	24.86	--	283	705700	卖盘
10:01:42	24.86	--	39	96954	卖盘
10:01:39	24.86	--	24	59664	卖盘
10:01:36	24.86	0.02	148	367928	买盘
10:01:33	24.84	-0.01	210	521640	卖盘
10:01:30	24.85	--	118	293230	买盘
10:01:27	24.85	--	117	291242	买盘
10:01:24	24.85	0.01	46	114310	中性盘
10:01:21	24.84	-0.01	146	362664	卖盘
10:01:18	24.85	0.02	36	89957	买盘
10:01:15	24.83	-0.02	118	294483	卖盘
10:01:12	24.85	--	67	167489	卖盘
10:01:09	24.85	0.02	506	1257410	买盘
