成交时间	成交价	价格变动	成交量(手)	成交额(元)	性质
15:00:03	10.85	--	2538	2753730	卖盘
14:57:03	10.85	--	58	62930	卖盘
14:56:57	10.85	--	80	86800	卖盘
14:56:54	10.85	-0.01	13	14105	卖盘
14:56:51	10.86	0.01	62	67332	买盘
14:56:42	10.85	--	8	8680	卖盘
14:56:39	10.85	-0.01	46	49910	卖盘
14:56:36	10.86	--	11	11946	买盘
14:56:30	10.86	--	217	235662	买盘
14:56:27	10.86	--	12	13032	买盘
14:56:24	10.86	--	26	28236	买盘
14:56:21	10.86	0.01	211	229146	买盘
14:56:18	10.85	--	23	24955	卖盘
14:56:15	10.85	--	10	10850	卖盘
14:56:12	10.85	--	5	5425	卖盘
14:56:09	10.85	-0.01	285	309225	卖盘
14:56:06	10.86	--	1	1086	买盘
14:56:03	10.86	--	15	16290	买盘
14:56:00	10.86	--	28	30408	买盘
14:55:57	10.86	--	327	355122	买盘
14:55:54	10.86	--	10	10860	买盘
14:55:51	10.86	0.01	1	1086	买盘
14:55:48	10.85	--	20	21700	卖盘
14:55:42	10.85	-0.01	20	21700	卖盘
14:55:39	10.86	--	20	21720	买盘
14:55:36	10.86	0.01	41	44526	买盘
14:55:33	10.85	--	1	1085	卖盘
14:55:30	10.85	--	33	35805	卖盘
14:55:24	10.85	--	48	52080	卖盘
14:55:21	10.85	--	50	54250	卖盘
14:55:18	10.85	--	108	117180	卖盘
14:55:15	10.85	-0.01	20	21700	卖盘
14:55:12	10.86	--	10	10860	买盘
14:55:09	10.86	--	27	29322	买盘
14:55:06	10.86	0.01	24	26064	买盘
14:55:03	10.85	--	11	11935	卖盘
14:55:00	10.85	-0.01	7	7595	卖盘
14:54:57	10.86	0.01	58	62988	买盘
14:54:54	10.85	-0.01	98	106330	卖盘
14:54:51	10.86	--	70	76020	买盘
14:54:48	10.86	0.01	10	10860	买盘
14:54:45	10.85	--	81	87885	卖盘
14:54:42	10.85	--	180	195300	卖盘
14:54:39	10.85	-0.01	123	133455	卖盘
14:54:36	10.86	0.01	20	21720	买盘
14:54:33	10.85	--	10	10850	卖盘
14:54:30	10.85	--	70	75950	卖盘
14:54:27	10.85	-0.01	59	64015	卖盘
14:54:24	10.86	0.01	10	10860	买盘
14:54:21	10.85	--	50	54250	卖盘
14:54:18	10.85	--	1	1085	卖盘
14:54:15	10.85	--	12	13020	卖盘
14:54:12	10.85	--	59	64015	卖盘
14:54:06	10.85	-0.01	12	13020	中性盘
14:54:00	10.86	0.01	397	431142	买盘
14:53:57	10.85	--	20	21700	买盘
14:53:54	10.85	0.01	5	5425	买盘
14:53:51	10.84	-0.01	57	61788	卖盘
14:53:48	10.85	--	12	13020	买盘
14:53:45	10.85	0.01	4	4340	中性盘
14:53:42	10.84	-0.01	114	123576	卖盘
14:53:39	10.85	--	208	225680	卖盘
14:53:36	10.85	--	22	23870	卖盘
14:53:33	10.85	--	62	67270	卖盘
14:53:30	10.85	--	17	18445	卖盘
14:53:27	10.85	--	10	10850	卖盘
14:53:24	10.85	0.01	36	39060	买盘
14:53:21	10.84	-0.01	32	34688	卖盘
14:53:18	10.85	--	34	36890	买盘
14:53:15	10.85	--	5	5425	买盘
14:53:12	10.85	--	22	23870	买盘
14:53:09	10.85	--	27	29295	买盘
14:53:06	10.85	-0.01	11	11935	中性盘
14:53:03	10.86	0.01	223	242178	买盘
14:53:00	10.85	--	62	67270	卖盘
14:52:57	10.85	-0.01	80	86800	卖盘
14:52:54	10.86	0.01	2	2172	买盘
14:52:51	10.85	--	5	5425	卖盘
14:52:48	10.85	--	31	33635	买盘
14:52:42	10.85	--	163	176855	卖盘
14:52:39	10.85	--	4	4340	卖盘
14:52:36	10.85	--	1	1085	卖盘
14:52:33	10.85	-0.01	39	42315	卖盘
14:52:30	10.86	0.01	35	38010	买盘
14:52:27	10.85	--	98	106330	卖盘
14:52:24	10.85	-0.01	164	177940	卖盘
14:52:21	10.86	0.01	12	13032	买盘
14:52:18	10.85	--	221	239785	卖盘
14:52:15	10.85	--	2	2170	卖盘
14:52:12	10.85	--	32	34720	卖盘
14:52:09	10.85	--	557	604345	卖盘
14:52:03	10.85	-0.01	6	6510	卖盘
14:52:00	10.86	0.01	118	128148	买盘
14:51:54	10.85	--	18	19530	卖盘
14:51:48	10.85	--	63	68355	卖盘
14:51:45	10.85	--	60	65100	卖盘
14:51:42	10.85	--	23	24955	卖盘
14:51:39	10.85	--	10	10850	卖盘
14:51:36	10.85	--	12	13020	卖盘
14:51:30	10.85	--	19	20615	卖盘
14:51:27	10.85	--	45	48825	卖盘
14:51:24	10.85	-0.01	25	27125	卖盘
14:51:21	10.86	--	59	64074	买盘
14:51:18	10.86	0.01	76	82536	买盘
14:51:15	10.85	-0.01	144	156240	卖盘
14:51:12	10.86	0.01	9	9774	买盘
14:51:06	10.85	--	56	60760	卖盘
14:51:03	10.85	--	79	85715	卖盘
14:51:00	10.85	--	100	108500	卖盘
14:50:54	10.85	-0.01	28	30380	卖盘
14:50:51	10.86	0.01	40	43440	买盘
14:50:48	10.85	-0.01	491	532735	卖盘
14:50:45	10.86	--	100	108600	买盘
14:50:42	10.86	--	31	33666	买盘
14:50:39	10.86	--	3	3258	买盘
14:50:33	10.86	0.01	38	41268	买盘
14:50:27	10.85	--	115	124775	卖盘
14:50:24	10.85	-0.01	11	11935	卖盘
14:50:18	10.86	0.01	79	85794	买盘
14:50:15	10.85	--	150	162750	卖盘
14:50:12	10.85	--	3	3255	卖盘
14:50:09	10.85	-0.01	70	75950	卖盘
14:50:06	10.86	0.01	29	31494	买盘
14:50:03	10.85	-0.01	4	4340	卖盘
14:50:00	10.86	--	43	46698	买盘
14:49:54	10.86	0.01	8	8688	买盘
14:49:51	10.85	-0.01	264	286440	卖盘
14:49:48	10.86	--	5	5430	买盘
14:49:45	10.86	0.01	31	33666	买盘
14:49:36	10.85	--	28	30380	卖盘
14:49:33	10.85	-0.01	85	92225	卖盘
14:49:27	10.86	--	226	245436	买盘
14:49:24	10.86	--	10	10860	买盘
14:49:21	10.86	0.01	10	10860	买盘
14:49:18	10.85	--	20	21700	卖盘
14:49:15	10.85	--	35	37975	卖盘
14:49:12	10.85	-0.01	40	43400	卖盘
14:49:09	10.86	0.01	7	7602	买盘
14:49:06	10.85	--	2	2170	卖盘
14:49:03	10.85	-0.01	70	75950	卖盘
14:49:00	10.86	--	10	10860	买盘
14:48:57	10.86	--	6	6516	买盘
14:48:54	10.86	--	2	2172	买盘
14:48:51	10.86	--	11	11946	买盘
14:48:48	10.86	--	106	115116	买盘
14:48:45	10.86	0.01	41	44526	买盘
14:48:42	10.85	-0.01	300	325500	卖盘
14:48:39	10.86	0.01	6	6516	买盘
14:48:36	10.85	-0.01	40	43400	卖盘
14:48:33	10.86	--	5	5430	买盘
14:48:30	10.86	--	372	403992	卖盘
14:48:27	10.86	--	121	131406	卖盘
14:48:24	10.86	--	14	15204	卖盘
14:48:21	10.86	--	313	339918	卖盘
14:48:15	10.86	--	26	28236	卖盘
14:48:12	10.86	--	20	21720	卖盘
14:48:09	10.86	-0.01	19	20634	卖盘
14:48:06	10.87	0.01	4	4348	买盘
14:48:03	10.86	--	180	195480	卖盘
14:48:00	10.86	--	5	5430	卖盘
14:47:57	10.86	--	119	129234	卖盘
14:47:54	10.86	--	20	21720	卖盘
14:47:51	10.86	--	32	34752	卖盘
14:47:48	10.86	--	87	94482	卖盘
14:47:39	10.86	--	12	13032	卖盘
14:47:33	10.86	--	1	1086	卖盘
14:47:30	10.86	--	25	27150	卖盘
14:47:27	10.86	-0.01	8	8688	卖盘
14:47:24	10.87	--	119	129352	买盘
14:47:21	10.87	0.01	2	2174	买盘
14:47:15	10.86	--	47	51042	卖盘
14:47:12	10.86	--	80	86880	卖盘
14:47:09	10.86	--	35	38010	卖盘
14:47:06	10.86	--	43	46698	卖盘
14:47:03	10.86	--	14	15204	卖盘
14:47:00	10.86	-0.01	29	31494	卖盘
14:46:57	10.87	0.01	2	2174	买盘
14:46:54	10.86	--	60	65160	卖盘
14:46:51	10.86	--	24	26150	卖盘
14:46:48	10.86	-0.01	100	108600	卖盘
14:46:45	10.87	0.01	10	10870	买盘
14:46:42	10.86	--	88	95568	卖盘
14:46:39	10.86	-0.01	71	77106	卖盘
14:46:36	10.87	--	11	11957	买盘
14:46:33	10.87	--	3	3260	买盘
14:46:30	10.87	--	45	48915	买盘
14:46:27	10.87	--	6	6521	买盘
14:46:24	10.87	--	19	20653	买盘
14:46:21	10.87	0.01	11	11957	买盘
14:46:12	10.86	--	100	108600	卖盘
14:46:09	10.86	--	1	1086	卖盘
14:46:06	10.86	--	45	48870	卖盘
14:46:03	10.86	--	84	91224	卖盘
14:45:57	10.86	--	348	377928	卖盘
14:45:54	10.86	--	55	59730	卖盘
14:45:36	10.86	-0.01	50	54300	卖盘
14:45:27	10.87	0.01	14	16261	买盘
14:45:24	10.86	--	20	21720	卖盘
14:45:21	10.86	-0.01	1	1086	卖盘
14:45:18	10.87	0.01	3	3260	买盘
14:45:15	10.86	-0.01	10	10860	卖盘
14:45:12	10.87	0.01	8	8696	买盘
14:45:09	10.86	--	24	26064	卖盘
14:45:06	10.86	-0.01	2	2172	卖盘
14:45:00	10.87	--	3	3260	买盘
14:44:57	10.87	--	5	5435	买盘
14:44:54	10.87	--	11	12000	卖盘
14:44:51	10.87	--	82	89134	卖盘
14:44:48	10.87	--	10	10870	卖盘
14:44:39	10.87	-0.01	24	26087	卖盘
14:44:33	10.88	0.01	22	23936	买盘
14:44:24	10.87	--	39	42393	卖盘
14:44:21	10.87	-0.01	23	25001	卖盘
14:44:18	10.88	0.01	3	3264	买盘
14:44:12	10.87	--	21	22827	卖盘
14:44:09	10.87	--	10	10870	卖盘
14:44:06	10.87	-0.01	70	76090	卖盘
14:44:00	10.88	--	47	51136	买盘
14:43:42	10.88	0.02	63	69588	买盘
14:43:39	10.86	-0.01	61	66289	卖盘
14:43:36	10.87	--	121	132570	买盘
14:43:30	10.87	0.01	10	10870	买盘
14:43:27	10.86	--	28	30408	卖盘
14:43:24	10.86	-0.01	30	32580	卖盘
14:43:18	10.87	--	10	10870	买盘
14:43:15	10.87	--	7	7608	买盘
14:43:12	10.87	--	10	10870	买盘
14:43:09	10.87	0.01	74	80438	买盘
14:43:06	10.86	-0.01	200	217200	卖盘
14:43:00	10.87	0.01	12	13043	买盘
14:42:57	10.86	--	1	1086	卖盘
14:42:48	10.86	--	18	19548	卖盘
14:42:45	10.86	--	62	67332	卖盘
14:42:39	10.86	--	9	9774	卖盘
14:42:36	10.86	--	3	3258	卖盘
14:42:33	10.86	--	53	57558	卖盘
14:42:30	10.86	-0.01	47	51042	卖盘
14:42:27	10.87	0.01	5	5435	买盘
14:42:24	10.86	--	88	95568	卖盘
14:42:21	10.86	--	1	1086	卖盘
14:42:18	10.86	--	38	41268	卖盘
14:42:12	10.86	--	10	10860	卖盘
14:42:06	10.86	--	228	247608	卖盘
14:42:03	10.86	--	50	54300	卖盘
14:41:57	10.86	--	19	20634	卖盘
14:41:54	10.86	-0.01	10	10860	卖盘
14:41:51	10.87	--	70	76090	买盘
14:41:48	10.87	--	100	108699	买盘
14:41:45	10.87	0.01	7	7608	买盘
14:41:42	10.86	-0.01	30	32580	卖盘
14:41:27	10.87	--	2	2174	买盘
14:41:24	10.87	0.01	7	7608	买盘
14:41:21	10.86	--	126	136836	买盘
14:41:18	10.86	--	28	30408	买盘
14:41:15	10.86	--	62	67332	卖盘
14:41:12	10.86	--	99	107514	卖盘
14:41:09	10.86	--	31	33666	卖盘
14:41:06	10.86	--	27	29322	卖盘
14:41:00	10.86	--	10	10860	卖盘
14:40:57	10.86	--	16	17376	卖盘
14:40:54	10.86	--	40	43440	卖盘
14:40:51	10.86	-0.01	16	17376	卖盘
14:40:48	10.87	--	7	7608	买盘
14:40:45	10.87	--	121	131527	买盘
14:40:33	10.87	--	8	8696	卖盘
14:40:30	10.87	0.01	2	2174	中性盘
14:40:27	10.86	--	155	168330	卖盘
14:40:24	10.86	-0.01	871	945906	卖盘
14:40:21	10.87	--	5	5435	买盘
14:40:15	10.87	0.01	11	11957	买盘
14:40:12	10.86	-0.01	1	1086	卖盘
14:40:09	10.87	--	5	5435	卖盘
14:40:06	10.87	--	407	442408	卖盘
14:40:00	10.87	-0.01	76	82612	卖盘
14:39:57	10.88	0.01	4	4352	买盘
14:39:54	10.87	--	50	54349	卖盘
14:39:51	10.87	--	6	6521	卖盘
14:39:48	10.87	--	125	135875	卖盘
14:39:45	10.87	--	10	10870	卖盘
14:39:39	10.87	--	200	217399	卖盘
14:39:33	10.87	--	25	27174	卖盘
14:39:30	10.87	--	53	57610	卖盘
14:39:27	10.87	-0.01	27	29348	卖盘
14:39:24	10.88	0.01	116	126208	买盘
14:39:21	10.87	--	95	103264	卖盘
14:39:15	10.87	--	94	102177	卖盘
14:39:12	10.87	--	5	5435	卖盘
14:39:09	10.87	-0.01	4	4348	卖盘
14:39:06	10.88	--	46	50048	买盘
14:39:03	10.88	--	2	2176	买盘
14:39:00	10.88	--	10	10880	买盘
14:38:57	10.88	--	74	80512	买盘
14:38:54	10.88	0.01	70	76160	买盘
14:38:51	10.87	--	20	21740	卖盘
14:38:48	10.87	--	40	43480	卖盘
14:38:45	10.87	--	9	9783	卖盘
14:38:36	10.87	--	10	10870	卖盘
14:38:33	10.87	--	33	35871	卖盘
14:38:27	10.87	--	164	178268	卖盘
14:38:21	10.87	-0.01	5	5435	卖盘
14:38:18	10.88	--	45	48960	买盘
14:38:15	10.88	0.01	10	10880	买盘
14:38:12	10.87	-0.01	30	32609	卖盘
14:38:09	10.88	--	50	54400	买盘
14:38:06	10.88	--	1	1088	买盘
14:38:03	10.88	-0.01	187	203456	卖盘
14:38:00	10.89	0.01	174	189486	买盘
14:37:57	10.88	--	84	91392	卖盘
14:37:54	10.88	--	667	725696	卖盘
14:37:51	10.88	--	100	108800	卖盘
14:37:45	10.88	--	10	10880	卖盘
14:37:42	10.88	-0.01	50	54400	卖盘
14:37:39	10.89	--	5	5445	卖盘
14:37:36	10.89	0.01	51	55539	买盘
14:37:33	10.88	--	1	1088	卖盘
14:37:30	10.88	--	165	179520	卖盘
14:37:24	10.88	--	20	21760	卖盘
14:37:21	10.88	-0.01	1	1088	卖盘
14:37:15	10.89	0.01	153	166617	买盘
14:37:12	10.88	-0.01	35	38080	卖盘
14:37:09	10.89	--	256	278784	买盘
14:37:06	10.89	--	20	21780	买盘
14:37:03	10.89	0.01	10	10890	买盘
14:37:00	10.88	-0.01	1	1088	卖盘
14:36:57	10.89	--	10	10890	买盘
14:36:51	10.89	--	155	168795	卖盘
14:36:48	10.89	--	82	89298	卖盘
14:36:42	10.89	--	20	21780	卖盘
14:36:39	10.89	--	40	43560	卖盘
14:36:36	10.89	--	1	1089	卖盘
14:36:33	10.89	--	15	16335	卖盘
14:36:30	10.89	--	82	89298	卖盘
14:36:27	10.89	--	11	11979	卖盘
14:36:24	10.89	--	50	54450	卖盘
14:36:21	10.89	--	15	16335	卖盘
14:36:15	10.89	--	17	18513	卖盘
14:36:12	10.89	-0.01	72	78408	卖盘
14:36:09	10.9	--	20	21800	买盘
14:36:06	10.9	0.01	10	10900	买盘
14:36:03	10.89	--	1	1089	卖盘
14:35:51	10.89	--	2	2178	卖盘
14:35:48	10.89	-0.01	1	1089	卖盘
14:35:42	10.9	--	41	44690	买盘
14:35:36	10.9	0.01	16	17440	买盘
14:35:30	10.89	--	3	3267	卖盘
14:35:18	10.89	--	77	83853	卖盘
14:35:15	10.89	--	15	16335	卖盘
14:35:12	10.89	--	12	13068	卖盘
14:35:09	10.89	-0.01	1	1089	卖盘
14:35:03	10.9	0.01	4	4360	买盘
14:34:57	10.89	--	134	145926	卖盘
14:34:54	10.89	--	20	21780	卖盘
14:34:45	10.89	--	1	1089	卖盘
14:34:42	10.89	--	30	32670	卖盘
14:34:39	10.89	--	10	10890	卖盘
14:34:36	10.89	-0.01	30	32670	卖盘
14:34:33	10.9	0.01	1	1090	买盘
14:34:24	10.89	-0.01	1	1089	卖盘
14:34:21	10.9	--	47	51230	卖盘
14:34:18	10.9	--	30	32700	卖盘
14:34:12	10.9	--	2	2180	卖盘
14:34:09	10.9	--	70	76300	卖盘
14:34:03	10.9	0.01	19	20710	买盘
14:33:57	10.89	-0.01	11	11979	卖盘
14:33:51	10.9	--	94	102460	卖盘
14:33:48	10.9	--	100	109000	卖盘
14:33:45	10.9	--	2	2180	卖盘
14:33:39	10.9	--	16	17440	卖盘
14:33:36	10.9	--	55	59950	卖盘
14:33:33	10.9	--	8	8720	买盘
14:33:30	10.9	--	10	10900	买盘
14:33:24	10.9	0.01	7	7630	买盘
14:33:18	10.89	-0.01	48	52272	卖盘
14:33:15	10.9	--	62	67580	卖盘
14:33:09	10.9	--	30	32700	卖盘
14:33:06	10.9	--	3	3270	卖盘
14:32:57	10.9	--	11	11990	卖盘
14:32:48	10.9	--	34	37060	卖盘
14:32:45	10.9	--	16	17440	卖盘
14:32:42	10.9	--	20	21800	卖盘
14:32:39	10.9	0.01	154	167860	买盘
14:32:33	10.89	--	52	56628	卖盘
14:32:30	10.89	--	10	10890	卖盘
14:32:24	10.89	-0.01	2	2178	卖盘
14:32:21	10.9	--	16	17440	买盘
14:32:15	10.9	0.01	318	346620	买盘
14:32:12	10.89	-0.01	1	1089	卖盘
14:32:03	10.9	0.01	10	10900	买盘
14:32:00	10.89	--	1	1089	卖盘
14:31:57	10.89	--	3	3267	卖盘
14:31:54	10.89	-0.01	5	5445	卖盘
14:31:51	10.9	0.01	16	17440	买盘
14:31:45	10.89	--	4	4356	卖盘
14:31:39	10.89	-0.01	1	1089	卖盘
14:31:36	10.9	0.01	62	67580	买盘
14:31:30	10.89	--	10	10890	卖盘
14:31:27	10.89	-0.01	16	17424	卖盘
14:31:24	10.9	0.01	17	18530	买盘
14:31:18	10.89	-0.01	1	1089	卖盘
14:31:12	10.9	--	1	1090	买盘
14:31:09	10.9	0.01	20	21800	卖盘
14:31:06	10.89	-0.02	164	178596	卖盘
14:31:03	10.91	0.01	37	40367	买盘
14:31:00	10.9	0.01	2	2180	中性盘
14:30:57	10.89	--	100	108900	卖盘
14:30:54	10.89	-0.01	21	22869	卖盘
14:30:51	10.9	--	14	15260	卖盘
14:30:48	10.9	0.01	177	192930	买盘
14:30:45	10.89	-0.01	101	109989	卖盘
14:30:42	10.9	0.01	88	95920	买盘
14:30:39	10.89	-0.01	11	11979	卖盘
14:30:36	10.9	0.01	133	144970	买盘
14:30:33	10.89	-0.01	1	1089	卖盘
14:30:24	10.9	0.01	3	3270	买盘
14:30:21	10.89	--	1	1089	卖盘
14:30:18	10.89	--	58	63162	卖盘
14:30:12	10.89	--	51	55539	卖盘
14:30:09	10.89	--	65	70785	卖盘
14:30:06	10.89	--	163	177507	卖盘
14:30:03	10.89	--	30	32670	卖盘
14:30:00	10.89	--	32	34848	卖盘
14:29:48	10.89	--	1	1089	卖盘
14:29:42	10.89	-0.01	60	65340	卖盘
14:29:39	10.9	--	2	2180	买盘
14:29:36	10.9	--	59	64310	买盘
14:29:33	10.9	0.01	68	74120	买盘
14:29:30	10.89	-0.01	5	5445	卖盘
14:29:27	10.9	0.01	33	35970	买盘
14:29:21	10.89	--	30	32670	卖盘
14:29:18	10.89	--	10	10890	卖盘
14:29:15	10.89	-0.01	5	5445	卖盘
14:29:12	10.9	--	2	2180	买盘
14:29:09	10.9	--	14	15260	买盘
14:29:06	10.9	--	52	56680	买盘
14:29:03	10.9	--	10	10900	买盘
14:29:00	10.9	--	35	38150	买盘
14:28:57	10.9	0.01	6	6540	买盘
14:28:54	10.89	-0.01	1	1089	卖盘
14:28:45	10.9	0.01	3	3270	买盘
14:28:42	10.89	-0.02	1	1089	卖盘
14:28:36	10.91	0.01	113	123283	买盘
14:28:33	10.9	0.01	1	1090	中性盘
14:28:21	10.89	-0.01	102	111078	卖盘
14:28:18	10.9	--	100	109000	买盘
14:28:12	10.9	--	20	21800	卖盘
14:28:09	10.9	--	1	1090	卖盘
14:28:06	10.9	--	8	8720	买盘
14:28:00	10.9	--	11	11990	买盘
14:27:57	10.9	--	10	10900	买盘
14:27:54	10.9	--	123	134070	卖盘
14:27:48	10.9	--	1	1090	卖盘
14:27:42	10.9	--	10	10900	卖盘
14:27:36	10.9	--	11	11990	卖盘
14:27:33	10.9	--	54	58860	卖盘
14:27:30	10.9	--	23	25070	卖盘
14:27:27	10.9	--	2	2180	卖盘
14:27:18	10.9	--	4	4360	卖盘
14:27:15	10.9	--	1	1090	卖盘
14:27:12	10.9	--	11	11990	卖盘
14:27:09	10.9	--	1	1090	卖盘
14:27:03	10.9	--	1	1090	卖盘
14:26:57	10.9	--	10	10900	卖盘
14:26:51	10.9	--	14	15260	卖盘
14:26:39	10.9	--	56	61040	卖盘
14:26:27	10.9	-0.01	1	1090	卖盘
14:26:24	10.91	0.01	5	5455	买盘
14:26:18	10.9	--	2	2180	卖盘
14:26:15	10.9	-0.01	20	21800	卖盘
14:26:09	10.91	0.01	20	21820	买盘
14:26:06	10.9	--	1	1090	卖盘
14:26:00	10.9	--	5	5450	卖盘
14:25:54	10.9	--	15	16350	卖盘
14:25:48	10.9	--	63	68670	买盘
14:25:45	10.9	--	45	49050	卖盘
14:25:39	10.9	-0.01	9	9810	卖盘
14:25:36	10.91	0.01	6	6546	买盘
14:25:33	10.9	--	11	11990	卖盘
14:25:24	10.9	--	72	78480	卖盘
14:25:21	10.9	--	14	15260	买盘
14:25:18	10.9	-0.01	8	8720	中性盘
14:25:15	10.91	0.02	52	56732	买盘
14:25:12	10.89	-0.02	1	1089	卖盘
14:25:09	10.91	0.01	295	321845	买盘
14:25:06	10.9	-0.01	12	13080	卖盘
14:25:03	10.91	0.01	10	10910	买盘
14:25:00	10.9	--	101	110090	卖盘
14:24:48	10.9	-0.01	1	1090	中性盘
14:24:45	10.91	0.02	54	58914	买盘
14:24:39	10.89	--	3	3267	卖盘
14:24:36	10.89	-0.01	110	119790	卖盘
14:24:33	10.9	0.01	138	150420	买盘
14:24:30	10.89	-0.01	64	69696	卖盘
14:24:27	10.9	--	7	7630	买盘
14:24:24	10.9	0.01	8	8720	买盘
14:24:18	10.89	--	19	20691	卖盘
14:24:15	10.89	-0.01	1	1089	卖盘
14:24:06	10.9	0.01	238	259420	买盘
14:24:03	10.89	-0.01	75	81675	卖盘
14:23:57	10.9	--	12	13080	买盘
14:23:54	10.9	--	28	30520	买盘
14:23:51	10.9	--	2	2180	买盘
14:23:48	10.9	--	20	21800	买盘
14:23:45	10.9	0.01	31	33790	买盘
14:23:42	10.89	--	125	136125	卖盘
14:23:33	10.89	-0.01	6	6534	卖盘
14:23:30	10.9	--	11	11990	买盘
14:23:27	10.9	--	19	20710	买盘
14:23:24	10.9	0.01	3	3270	买盘
14:23:21	10.89	-0.01	101	109989	卖盘
14:23:12	10.9	0.01	73	79570	买盘
14:23:09	10.89	-0.01	209	227601	卖盘
14:23:06	10.9	0.01	3	3270	买盘
14:23:03	10.89	--	35	38115	卖盘
14:23:00	10.89	--	1	1089	卖盘
14:22:48	10.89	--	19	20691	卖盘
14:22:39	10.89	--	72	78408	卖盘
14:22:36	10.89	--	4	4356	卖盘
14:22:30	10.89	--	1	1089	卖盘
14:22:27	10.89	--	2	2178	卖盘
14:22:24	10.89	-0.01	113	123057	卖盘
14:22:21	10.9	0.01	179	195110	买盘
14:22:18	10.89	--	234	254826	卖盘
14:22:15	10.89	-0.01	1	1089	卖盘
14:22:06	10.9	--	20	21800	买盘
14:22:03	10.9	--	11	11990	买盘
14:22:00	10.9	--	14	15260	买盘
14:21:54	10.9	0.01	51	55590	买盘
14:21:51	10.89	--	1	1089	卖盘
14:21:48	10.89	-0.01	150	163350	卖盘
14:21:45	10.9	0.01	82	89380	买盘
14:21:42	10.89	-0.01	2	2178	卖盘
14:21:39	10.9	0.01	28	30520	买盘
14:21:30	10.89	--	3	3267	卖盘
14:21:27	10.89	--	16	17424	卖盘
14:21:24	10.89	--	5	5445	卖盘
14:21:18	10.89	--	3	3267	卖盘
14:21:15	10.89	-0.01	12	13068	卖盘
14:21:09	10.9	0.01	65	70850	买盘
14:20:57	10.89	--	1	1089	卖盘
14:20:54	10.89	--	50	54450	卖盘
14:20:51	10.89	--	7	7623	卖盘
14:20:45	10.89	-0.01	2	2178	卖盘
14:20:42	10.9	0.01	1	1090	买盘
14:20:39	10.89	-0.01	10	10890	卖盘
14:20:36	10.9	--	6	6540	买盘
14:20:33	10.9	0.01	30	32700	买盘
14:20:24	10.89	--	112	121968	卖盘
14:20:21	10.89	-0.01	6	6534	卖盘
14:20:18	10.9	0.01	213	232170	买盘
14:20:15	10.89	-0.01	82	89298	卖盘
14:20:12	10.9	--	3	3270	买盘
14:20:06	10.9	0.01	11	11990	买盘
14:20:03	10.89	-0.01	158	172062	卖盘
14:19:57	10.9	--	62	67580	买盘
14:19:51	10.9	--	22	23980	买盘
14:19:48	10.9	-0.01	171	186390	卖盘
14:19:45	10.91	0.01	223	243293	买盘
14:19:42	10.9	0.01	15	16350	买盘
14:19:39	10.89	-0.01	25	27225	卖盘
14:19:33	10.9	--	2	2180	买盘
14:19:30	10.9	--	8	8720	卖盘
14:19:21	10.9	0.01	80	87200	买盘
14:19:18	10.89	-0.01	247	268983	卖盘
14:19:15	10.9	--	139	151510	买盘
14:19:12	10.9	0.01	55	59950	买盘
14:19:06	10.89	-0.01	1	1089	卖盘
14:19:03	10.9	--	10	10900	买盘
14:19:00	10.9	0.01	200	218000	买盘
14:18:57	10.89	--	1	1089	卖盘
14:18:51	10.89	-0.01	270	294030	卖盘
14:18:48	10.9	--	12	13080	买盘
14:18:45	10.9	--	62	67580	买盘
14:18:42	10.9	--	52	56680	买盘
14:18:36	10.9	0.01	17	18530	买盘
14:18:33	10.89	--	68	74052	卖盘
14:18:27	10.89	-0.01	3	3267	卖盘
14:18:24	10.9	--	16	17440	买盘
14:18:21	10.9	--	12	13080	买盘
14:18:15	10.9	0.01	88	95920	买盘
14:18:12	10.89	-0.01	1	1089	卖盘
14:18:09	10.9	0.01	30	32700	买盘
14:18:06	10.89	--	14	15246	卖盘
14:18:00	10.89	-0.01	7	7623	卖盘
14:17:54	10.9	0.01	8	8720	买盘
14:17:51	10.89	-0.01	214	233046	卖盘
14:17:45	10.9	0.01	50	54500	买盘
14:17:39	10.89	-0.01	1	1089	卖盘
14:17:30	10.9	0.01	15	16350	买盘
14:17:27	10.89	--	8	8712	卖盘
14:17:24	10.89	--	10	10890	卖盘
14:17:21	10.89	-0.01	12	13068	卖盘
14:17:18	10.9	0.01	15	16350	买盘
14:17:15	10.89	--	60	65340	卖盘
14:17:09	10.89	--	26	28314	卖盘
14:17:06	10.89	--	1	1089	卖盘
14:17:00	10.89	--	21	22869	卖盘
14:16:54	10.89	--	2	2178	卖盘
14:16:48	10.89	--	20	21780	卖盘
14:16:45	10.89	--	91	99099	卖盘
14:16:36	10.89	--	64	69696	卖盘
14:16:33	10.89	--	1	1089	卖盘
14:16:30	10.89	--	10	10890	卖盘
14:16:24	10.89	--	13	14157	卖盘
14:16:21	10.89	--	28	30492	卖盘
14:16:18	10.89	-0.01	9	9801	卖盘
14:16:15	10.9	0.01	50	54500	买盘
14:16:12	10.89	-0.01	139	151371	卖盘
14:16:06	10.9	0.01	1	1090	买盘
14:16:00	10.89	-0.01	52	56628	卖盘
14:15:57	10.9	0.01	29	31610	买盘
14:15:51	10.89	-0.01	4	4356	卖盘
14:15:48	10.9	0.01	3	3270	买盘
14:15:42	10.89	--	31	33759	卖盘
14:15:39	10.89	--	21	22869	卖盘
14:15:36	10.89	-0.01	12	13068	卖盘
14:15:30	10.9	0.01	10	10900	买盘
14:15:27	10.89	-0.01	1	1089	卖盘
14:15:24	10.9	0.01	10	10900	买盘
14:15:15	10.89	-0.01	2	2178	卖盘
14:15:12	10.9	0.01	5	5450	买盘
14:15:06	10.89	--	5	5445	卖盘
14:15:03	10.89	--	2	2178	卖盘
14:15:00	10.89	--	11	11979	卖盘
14:14:57	10.89	--	46	50094	卖盘
14:14:54	10.89	--	8	8712	卖盘
14:14:51	10.89	--	35	38115	卖盘
14:14:48	10.89	-0.01	15	16335	卖盘
14:14:45	10.9	0.01	10	10900	买盘
14:14:42	10.89	--	1	1089	卖盘
14:14:33	10.89	--	1	1089	卖盘
14:14:24	10.89	--	9	9801	卖盘
14:14:21	10.89	-0.01	2	2178	卖盘
14:14:18	10.9	--	10	10900	买盘
14:14:15	10.9	0.01	22	23980	买盘
14:14:09	10.89	--	8	8712	卖盘
14:14:06	10.89	--	1	1089	卖盘
14:14:00	10.89	0.01	18	19602	买盘
14:13:57	10.88	-0.01	1	1088	卖盘
14:13:54	10.89	--	13	14157	买盘
14:13:51	10.89	--	12	13068	卖盘
14:13:48	10.89	--	51	55539	卖盘
14:13:45	10.89	-0.01	1	1089	卖盘
14:13:42	10.9	0.01	20	21800	买盘
14:13:39	10.89	--	13	14157	卖盘
14:13:36	10.89	--	3	3267	卖盘
14:13:30	10.89	0.01	27	29403	买盘
14:13:27	10.88	-0.01	2	2176	卖盘
14:13:21	10.89	0.01	10	10890	买盘
14:13:15	10.88	-0.01	21	22848	卖盘
14:13:12	10.89	--	20	21780	买盘
14:13:09	10.89	--	1	1089	卖盘
14:13:03	10.89	--	1	1089	卖盘
14:12:54	10.89	--	14	15246	卖盘
14:12:51	10.89	--	21	22869	买盘
14:12:48	10.89	0.01	1	1089	买盘
14:12:45	10.88	--	3	3264	卖盘
14:12:42	10.88	--	11	11968	卖盘
14:12:36	10.88	--	171	186048	卖盘
14:12:30	10.88	--	2	2176	卖盘
14:12:18	10.88	-0.01	1	1088	卖盘
14:12:15	10.89	--	10	10890	卖盘
14:12:12	10.89	-0.01	67	72963	卖盘
14:12:09	10.9	0.01	17	18530	买盘
14:12:06	10.89	--	10	10890	卖盘
14:11:57	10.89	--	51	55539	卖盘
14:11:51	10.89	--	10	10890	卖盘
14:11:48	10.89	--	56	60984	卖盘
14:11:45	10.89	--	1	1089	卖盘
14:11:42	10.89	0.01	109	118701	买盘
14:11:36	10.88	--	2	2176	卖盘
14:11:33	10.88	-0.01	2	2176	卖盘
14:11:30	10.89	--	50	54450	买盘
14:11:24	10.89	--	34	37026	买盘
14:11:21	10.89	--	29	31581	买盘
14:11:15	10.89	0.01	115	125235	买盘
14:11:12	10.88	-0.01	27	29376	卖盘
14:11:09	10.89	--	10	10890	买盘
14:11:03	10.89	0.01	41	44649	买盘
14:11:00	10.88	-0.01	80	87040	卖盘
14:10:57	10.89	0.01	1	1089	买盘
14:10:51	10.88	-0.01	11	11968	卖盘
14:10:48	10.89	--	1	1089	买盘
14:10:42	10.89	0.01	5	5445	买盘
14:10:39	10.88	--	32	34816	卖盘
14:10:36	10.88	--	20	21760	卖盘
14:10:30	10.88	-0.01	1	1088	卖盘
14:10:27	10.89	--	15	16335	买盘
14:10:24	10.89	0.01	1	1089	买盘
14:10:21	10.88	--	5	5440	卖盘
14:10:18	10.88	--	66	71808	卖盘
14:10:12	10.88	--	10	10880	卖盘
14:10:09	10.88	--	4	4352	买盘
14:10:06	10.88	--	11	11968	买盘
14:10:03	10.88	0.01	6	6528	买盘
14:10:00	10.87	-0.01	76	82612	卖盘
14:09:57	10.88	--	44	47872	买盘
14:09:54	10.88	0.01	31	33728	买盘
14:09:51	10.87	-0.01	100	108699	卖盘
14:09:48	10.88	--	10	10880	买盘
14:09:45	10.88	0.01	96	104448	买盘
14:09:39	10.87	-0.01	160	173920	卖盘
14:09:36	10.88	--	103	112064	买盘
14:09:33	10.88	0.01	37	40256	买盘
14:09:30	10.87	--	100	108699	卖盘
14:09:27	10.87	--	120	130439	卖盘
14:09:24	10.87	-0.01	1	1087	卖盘
14:09:18	10.88	--	131	142528	买盘
14:09:15	10.88	0.01	10	10880	买盘
14:09:12	10.87	--	11	11957	卖盘
14:09:09	10.87	--	30	32609	卖盘
14:09:06	10.87	-0.01	7	7608	卖盘
14:09:03	10.88	--	81	88128	买盘
14:09:00	10.88	0.01	5	5440	买盘
14:08:51	10.87	-0.01	2	2174	卖盘
14:08:48	10.88	--	2	2176	买盘
14:08:45	10.88	0.01	7	7616	买盘
14:08:42	10.87	--	1	1087	卖盘
14:08:39	10.87	--	21	22827	卖盘
14:08:36	10.87	-0.01	10	10870	卖盘
14:08:33	10.88	--	22	23936	买盘
14:08:30	10.88	0.01	80	87040	买盘
14:08:27	10.87	--	1	1087	卖盘
14:08:18	10.87	--	1	1087	卖盘
14:08:15	10.87	--	10	10870	卖盘
14:08:06	10.87	--	2	2174	卖盘
14:08:03	10.87	--	52	56523	卖盘
14:07:54	10.87	--	1	1087	卖盘
14:07:51	10.87	--	33	35871	卖盘
14:07:45	10.87	--	8	8696	卖盘
14:07:39	10.87	--	29	31522	卖盘
14:07:33	10.87	--	17	18479	卖盘
14:07:30	10.87	--	100	108699	卖盘
14:07:21	10.87	--	1	1087	卖盘
14:07:12	10.87	-0.01	2	2174	卖盘
14:07:03	10.88	0.01	22	23936	买盘
14:07:00	10.87	--	1	1087	卖盘
14:06:57	10.87	--	12	13043	卖盘
14:06:51	10.87	--	1	1087	卖盘
14:06:42	10.87	--	5	5435	卖盘
14:06:39	10.87	--	3	3260	卖盘
14:06:33	10.87	--	29	31522	卖盘
14:06:27	10.87	0.01	121	131527	买盘
14:06:24	10.86	--	2	2172	买盘
14:06:21	10.86	--	991	1076226	卖盘
14:06:18	10.86	--	50	54300	卖盘
14:06:15	10.86	-0.01	19	20634	卖盘
14:06:12	10.87	--	125	135875	买盘
14:06:09	10.87	0.01	30	32609	买盘
14:06:06	10.86	-0.01	25	27150	卖盘
14:06:03	10.87	--	3	3260	买盘
14:06:00	10.87	--	10	10870	买盘
14:05:57	10.87	0.01	20	21740	买盘
14:05:54	10.86	-0.01	1	1086	卖盘
14:05:48	10.87	0.01	40	43480	买盘
14:05:45	10.86	-0.01	1	1086	卖盘
14:05:42	10.87	--	417	453278	卖盘
14:05:39	10.87	--	13	14130	卖盘
14:05:33	10.87	--	11	11957	卖盘
14:05:30	10.87	--	100	108699	卖盘
14:05:21	10.87	--	2	2174	卖盘
14:05:15	10.87	--	11	11957	卖盘
14:05:09	10.87	-0.01	81	88047	卖盘
14:05:06	10.88	0.01	38	41344	买盘
14:05:03	10.87	--	20	21740	卖盘
14:05:00	10.87	--	1	1087	卖盘
14:04:51	10.87	--	10	10870	卖盘
14:04:48	10.87	--	1	1087	卖盘
14:04:42	10.87	--	3	3260	卖盘
14:04:36	10.87	-0.01	4	4348	卖盘
14:04:30	10.88	0.01	30	32640	买盘
14:04:27	10.87	-0.01	41	44567	卖盘
14:04:24	10.88	--	10	10880	买盘
14:04:18	10.88	0.01	25	27200	买盘
14:04:15	10.87	-0.01	1	1087	卖盘
14:04:09	10.88	--	2	2176	买盘
14:04:06	10.88	--	916	996608	卖盘
14:04:03	10.88	--	13	14144	卖盘
14:03:54	10.88	--	1	1088	卖盘
14:03:51	10.88	-0.01	58	63104	卖盘
14:03:48	10.89	--	18	19602	买盘
14:03:45	10.89	--	147	160083	卖盘
14:03:42	10.89	--	3	3267	卖盘
14:03:39	10.89	--	234	254826	卖盘
14:03:30	10.89	--	2	2178	卖盘
14:03:27	10.89	--	57	62073	卖盘
14:03:24	10.89	--	61	66429	买盘
14:03:21	10.89	0.01	3	3267	买盘
14:03:12	10.88	-0.01	10	10880	卖盘
14:03:09	10.89	--	23	25047	买盘
14:03:03	10.89	--	2	2178	买盘
14:03:00	10.89	0.01	13	14157	买盘
14:02:57	10.88	--	1	1088	卖盘
14:02:51	10.88	--	60	65280	卖盘
14:02:48	10.88	-0.01	1	1088	卖盘
14:02:36	10.89	--	37	40293	买盘
14:02:33	10.89	--	20	21780	买盘
14:02:30	10.89	-0.01	43	46827	卖盘
14:02:24	10.9	--	23	25070	买盘
14:02:18	10.9	0.01	88	95920	买盘
14:02:15	10.89	--	1	1089	卖盘
14:02:03	10.89	--	1	1089	卖盘
14:01:51	10.89	-0.01	1	1089	卖盘
14:01:45	10.9	--	5	5450	买盘
14:01:42	10.9	--	2	2180	买盘
14:01:39	10.9	--	21	22890	买盘
14:01:36	10.9	0.01	8	8720	买盘
14:01:30	10.89	--	2	2178	卖盘
14:01:24	10.89	--	2	2178	卖盘
14:01:18	10.89	--	4	4356	卖盘
14:01:15	10.89	--	14	15246	买盘
14:01:12	10.89	--	86	93654	卖盘
14:01:09	10.89	-0.01	8	8712	卖盘
14:01:06	10.9	0.01	1	1090	买盘
14:00:57	10.89	--	21	22869	卖盘
14:00:51	10.89	--	2	2178	卖盘
14:00:45	10.89	--	3	3267	卖盘
14:00:39	10.89	0.01	20	21780	中性盘
14:00:27	10.88	-0.01	124	134912	卖盘
14:00:21	10.89	-0.01	1	1089	卖盘
14:00:18	10.9	0.01	2	2180	买盘
14:00:12	10.89	0.01	22	23958	买盘
14:00:09	10.88	-0.01	101	109888	卖盘
14:00:06	10.89	0.01	12	13068	买盘
14:00:00	10.88	-0.01	11	11968	卖盘
13:59:51	10.89	--	31	33759	买盘
13:59:48	10.89	--	12	13068	买盘
13:59:45	10.89	--	47	51183	买盘
13:59:42	10.89	0.01	10	10890	买盘
13:59:36	10.88	-0.01	1	1088	卖盘
13:59:33	10.89	-0.01	13	14157	买盘
13:59:30	10.9	--	81	88290	卖盘
13:59:27	10.9	--	21	22890	卖盘
13:59:24	10.9	--	397	432730	买盘
13:59:18	10.9	0.02	10	10900	买盘
13:59:15	10.88	-0.02	11	11968	卖盘
13:59:12	10.9	0.01	252	274680	买盘
13:59:03	10.89	-0.01	12	13068	卖盘
13:58:57	10.9	--	144	156960	卖盘
13:58:54	10.9	--	1	1090	卖盘
13:58:48	10.9	--	8	8720	买盘
13:58:45	10.9	0.01	21	22890	买盘
13:58:42	10.89	-0.01	23	25047	卖盘
13:58:39	10.9	0.01	150	163500	买盘
13:58:36	10.89	--	4	4356	卖盘
13:58:30	10.89	--	11	11979	卖盘
13:58:24	10.89	--	14	15246	卖盘
13:58:21	10.89	--	139	151371	买盘
13:58:15	10.89	--	77	83853	买盘
13:58:12	10.89	0.01	19	20691	买盘
13:58:09	10.88	-0.01	3	3264	卖盘
13:58:06	10.89	--	25	27225	买盘
13:58:03	10.89	--	3	3267	买盘
13:58:00	10.89	--	25	27225	买盘
13:57:57	10.89	--	11	11979	买盘
13:57:51	10.89	--	34	37026	买盘
13:57:48	10.89	-0.01	698	760122	卖盘
13:57:42	10.9	0.01	3	3270	买盘
13:57:36	10.89	--	1	1089	卖盘
13:57:30	10.89	0.01	303	329967	买盘
13:57:27	10.88	--	357	388416	卖盘
13:57:24	10.88	-0.01	19	20672	卖盘
13:57:21	10.89	0.01	10	10890	买盘
13:57:18	10.88	-0.01	4	4352	卖盘
13:57:15	10.89	--	13	14157	买盘
13:57:12	10.89	--	11	11979	买盘
13:57:06	10.89	0.01	44	47916	买盘
13:57:03	10.88	-0.01	2	2176	卖盘
13:56:54	10.89	0.01	65	70785	买盘
13:56:51	10.88	--	1	1088	卖盘
13:56:39	10.88	-0.01	1	1088	卖盘
13:56:33	10.89	--	51	55539	买盘
13:56:30	10.89	0.01	24	26136	买盘
13:56:27	10.88	--	2	2176	卖盘
13:56:24	10.88	--	1	1088	卖盘
13:56:21	10.88	-0.01	10	10880	卖盘
13:56:18	10.89	--	6	6534	买盘
13:56:15	10.89	--	31	33759	买盘
13:56:12	10.89	0.01	5	5445	买盘
13:56:06	10.88	-0.01	99	107712	卖盘
13:56:03	10.89	--	55	59895	买盘
13:56:00	10.89	-0.02	635	691515	卖盘
13:55:57	10.91	--	13	14183	买盘
13:55:54	10.91	0.01	28	30548	买盘
13:55:48	10.9	--	14	15260	卖盘
13:55:45	10.9	--	50	54500	卖盘
13:55:36	10.9	--	2	2180	卖盘
13:55:33	10.9	-0.01	1	1090	卖盘
13:55:30	10.91	0.01	6	6546	买盘
13:55:24	10.9	--	1	1090	卖盘
13:55:18	10.9	0.01	18	19620	买盘
13:55:12	10.89	-0.01	2	2178	卖盘
13:55:09	10.9	0.01	2	2180	买盘
13:55:06	10.89	--	16	17424	卖盘
13:55:03	10.89	--	1	1089	卖盘
13:54:57	10.89	--	3	3267	买盘
13:54:54	10.89	0.01	15	16335	买盘
13:54:51	10.88	-0.01	1	1088	卖盘
13:54:45	10.89	0.01	20	21780	买盘
13:54:39	10.88	-0.01	11	11968	卖盘
13:54:36	10.89	--	167	181863	买盘
13:54:33	10.89	--	100	108900	买盘
13:54:30	10.89	--	56	60984	买盘
13:54:27	10.89	--	21	22869	买盘
13:54:24	10.89	--	14	15246	买盘
13:54:21	10.89	--	40	43560	买盘
13:54:18	10.89	--	36	39204	买盘
13:54:12	10.89	--	72	78408	买盘
13:54:09	10.89	0.01	247	268983	买盘
13:54:06	10.88	-0.01	52	56576	卖盘
13:54:03	10.89	--	21	22869	买盘
13:54:00	10.89	-0.02	160	174240	卖盘
13:53:54	10.91	0.01	28	30548	买盘
13:53:51	10.9	--	39	42510	卖盘
13:53:45	10.9	--	1	1090	卖盘
13:53:42	10.9	--	85	92650	卖盘
13:53:39	10.9	--	1	1090	卖盘
13:53:33	10.9	--	9	9810	卖盘
13:53:30	10.9	-0.01	10	10900	买盘
13:53:24	10.91	0.02	200	218200	买盘
13:53:21	10.89	-0.01	1	1089	卖盘
13:53:15	10.9	--	4	4360	卖盘
13:53:12	10.9	--	2	2180	卖盘
13:53:03	10.9	0.02	4	4360	买盘
13:53:00	10.88	--	1	1088	卖盘
13:52:51	10.88	-0.02	1	1088	卖盘
13:52:48	10.9	0.02	10	10900	买盘
13:52:45	10.88	--	16	17408	买盘
13:52:39	10.88	--	39	42432	买盘
13:52:36	10.88	--	15	16320	买盘
13:52:30	10.88	--	50	54400	买盘
13:52:27	10.88	--	77	83776	买盘
13:52:24	10.88	-0.02	805	875840	卖盘
13:52:18	10.9	--	257	280130	买盘
13:52:15	10.9	--	3	3270	买盘
13:52:12	10.9	--	4	4360	买盘
13:52:09	10.9	--	5	5450	买盘
13:52:06	10.9	0.01	10	10900	买盘
13:51:54	10.89	-0.01	1	1089	卖盘
13:51:51	10.9	--	5	5450	买盘
13:51:45	10.9	0.01	50	54500	买盘
13:51:39	10.89	--	10	10890	卖盘
13:51:30	10.89	--	9	9801	卖盘
13:51:15	10.89	--	12	13068	卖盘
13:51:12	10.89	--	4	4356	卖盘
13:51:09	10.89	-0.01	10	10890	卖盘
13:50:48	10.9	0.01	148	161320	买盘
13:50:39	10.89	--	5	5445	卖盘
13:50:36	10.89	--	1	1089	卖盘
13:50:33	10.89	--	9	9801	买盘
13:50:30	10.89	--	3	3267	买盘
13:50:24	10.89	--	1	1089	买盘
13:50:21	10.89	0.01	22	23958	买盘
13:50:18	10.88	-0.01	1	1088	卖盘
13:50:15	10.89	0.01	7	7623	买盘
13:50:09	10.88	--	6	6528	卖盘
13:50:06	10.88	--	1	1088	卖盘
13:50:00	10.88	--	95	103360	卖盘
13:49:57	10.88	-0.01	5	5440	卖盘
13:49:51	10.89	0.01	10	10890	买盘
13:49:30	10.88	-0.01	20	21760	卖盘
13:49:27	10.89	-0.01	16	17424	中性盘
13:49:12	10.9	--	200	218000	买盘
13:49:09	10.9	0.01	202	220180	买盘
13:49:03	10.89	--	113	123057	卖盘
13:48:51	10.89	-0.01	4	4356	卖盘
13:48:42	10.9	0.01	50	54500	买盘
13:48:36	10.89	--	8	8712	卖盘
13:48:30	10.89	-0.01	10	10890	中性盘
13:48:21	10.9	0.02	14	15260	买盘
13:48:09	10.88	-0.01	20	21760	卖盘
13:48:06	10.89	0.01	10	10890	买盘
13:48:03	10.88	--	47	51136	卖盘
13:48:00	10.88	-0.02	30	32640	卖盘
13:47:45	10.9	--	21	22890	买盘
13:47:21	10.9	--	11	11990	买盘
13:47:12	10.9	--	6	6540	买盘
13:47:00	10.9	--	27	29430	买盘
13:46:54	10.9	0.01	20	21800	买盘
13:46:33	10.89	--	5	5445	卖盘
13:46:30	10.89	--	4	4356	买盘
13:46:27	10.89	--	3	3267	买盘
13:46:21	10.89	--	7	7623	买盘
13:46:12	10.89	0.01	1	1089	买盘
13:46:00	10.88	--	15	16320	卖盘
13:45:54	10.88	--	8	8704	卖盘
13:45:51	10.88	--	37	40256	卖盘
13:45:48	10.88	-0.01	200	217600	卖盘
13:45:42	10.89	0.01	1	1089	买盘
13:45:33	10.88	0.01	4	4352	中性盘
13:45:27	10.87	-0.01	52	56523	卖盘
13:45:24	10.88	-0.01	4	4352	卖盘
13:45:21	10.89	0.01	39	42471	买盘
13:45:18	10.88	--	16	17408	买盘
13:45:12	10.88	--	120	130560	买盘
13:45:06	10.88	--	6	6528	买盘
13:45:03	10.88	--	3	3264	买盘
13:45:00	10.88	--	50	54400	买盘
13:44:57	10.88	--	70	76160	买盘
13:44:54	10.88	-0.01	202	219776	卖盘
13:44:51	10.89	--	20	21780	买盘
13:44:48	10.89	--	5	5445	买盘
13:44:45	10.89	--	50	54450	买盘
13:44:42	10.89	--	10	10890	买盘
13:44:33	10.89	0.01	47	51183	买盘
13:44:27	10.88	--	1	1088	卖盘
13:44:24	10.88	--	33	35904	卖盘
13:44:21	10.88	--	10	10880	卖盘
13:44:18	10.88	-0.01	15	16320	卖盘
13:44:15	10.89	0.01	6	6534	买盘
13:44:06	10.88	--	21	22848	卖盘
13:44:00	10.88	--	15	16320	卖盘
13:43:54	10.88	--	19	20672	卖盘
13:43:48	10.88	0.01	1	1088	买盘
13:43:45	10.87	--	109	118482	卖盘
13:43:42	10.87	-0.01	13	14130	卖盘
13:43:39	10.88	0.01	10	10880	买盘
13:43:36	10.87	--	1	1087	卖盘
13:43:21	10.87	--	41	44567	买盘
13:43:18	10.87	--	13	14130	买盘
13:43:15	10.87	--	22	23914	买盘
13:43:12	10.87	--	45	48915	买盘
13:43:09	10.87	--	12	13043	买盘
13:43:06	10.87	--	4	4348	买盘
13:43:03	10.87	--	26	28261	买盘
13:43:00	10.87	--	50	54349	买盘
13:42:57	10.87	0.01	10	10870	买盘
13:42:51	10.86	-0.01	48	52128	卖盘
13:42:48	10.87	--	10	10870	买盘
13:42:42	10.87	--	48	52175	买盘
13:42:39	10.87	--	101	109786	买盘
13:42:36	10.87	--	6	6521	买盘
13:42:33	10.87	--	30	32609	买盘
13:42:30	10.87	--	35	38045	买盘
13:42:27	10.87	--	17	18479	买盘
13:42:21	10.87	--	11	11957	买盘
13:42:18	10.87	0.01	40	43480	买盘
13:42:15	10.86	-0.01	501	544086	卖盘
13:42:09	10.87	--	30	32609	买盘
13:42:06	10.87	--	20	21740	买盘
13:42:03	10.87	--	54	58697	买盘
13:42:00	10.87	--	8	8696	买盘
13:41:57	10.87	-0.02	353	383711	卖盘
13:41:54	10.89	--	4	4356	买盘
13:41:45	10.89	0.01	5	5445	买盘
13:41:36	10.88	0.01	15	16320	卖盘
13:41:24	10.87	-0.03	19	20653	卖盘
13:41:15	10.9	0.02	170	185300	买盘
13:41:09	10.88	0.01	20	21760	买盘
13:41:06	10.87	-0.01	25	27174	卖盘
13:41:00	10.88	0.01	5	5440	买盘
13:40:54	10.87	--	19	20653	买盘
13:40:51	10.87	-0.01	5	5435	中性盘
13:40:39	10.88	0.01	35	38080	买盘
13:40:36	10.87	--	619	672853	卖盘
13:40:33	10.87	--	12	13043	卖盘
13:40:30	10.87	-0.01	39	42393	卖盘
13:40:27	10.88	--	62	67456	买盘
13:40:24	10.88	--	9	9792	买盘
13:40:21	10.88	0.01	35	38080	买盘
13:40:12	10.87	-0.01	5	5435	卖盘
13:40:06	10.88	--	1	1088	买盘
13:39:54	10.88	-0.01	733	797504	卖盘
13:39:51	10.89	--	50	54450	卖盘
13:39:42	10.89	--	282	307098	卖盘
13:39:24	10.89	--	1	1089	卖盘
13:39:21	10.89	--	15	16335	卖盘
13:39:12	10.89	--	8	8712	卖盘
13:39:09	10.89	-0.01	1	1089	卖盘
13:39:06	10.9	--	50	54500	买盘
13:39:03	10.9	0.01	25	27250	买盘
13:39:00	10.89	-0.01	12	13068	卖盘
13:38:45	10.9	--	50	54500	买盘
13:38:39	10.9	--	957	1043130	卖盘
13:38:36	10.9	--	12	13080	卖盘
13:38:24	10.9	--	30	32700	卖盘
13:38:21	10.9	--	20	21800	卖盘
13:38:15	10.9	--	10	10900	卖盘
13:38:06	10.9	-0.01	10	10900	卖盘
13:37:54	10.91	--	7	7637	买盘
13:37:48	10.91	--	3	3273	买盘
13:37:45	10.91	-0.01	45	49095	卖盘
13:37:42	10.92	0.01	5	5460	买盘
13:37:39	10.91	--	3	3273	卖盘
13:37:27	10.91	-0.01	50	54550	卖盘
13:37:24	10.92	0.01	10	10920	买盘
13:37:18	10.91	--	14	15274	卖盘
13:37:12	10.91	--	21	22911	卖盘
13:37:09	10.91	-0.01	10	10910	卖盘
13:37:06	10.92	--	1	1092	买盘
13:37:00	10.92	0.01	14	15288	买盘
13:36:48	10.91	--	2	2182	卖盘
13:36:39	10.91	0.01	4	4364	卖盘
13:36:33	10.9	-0.02	2	2180	卖盘
13:36:30	10.92	0.01	119	129948	买盘
13:36:21	10.91	--	10	10910	买盘
13:36:15	10.91	--	50	54550	买盘
13:36:09	10.91	0.01	200	218200	买盘
13:36:06	10.9	-0.01	60	65400	卖盘
13:36:00	10.91	0.01	5	5455	买盘
13:35:42	10.9	-0.01	1	1090	卖盘
13:35:39	10.91	--	62	67642	买盘
13:35:33	10.91	--	11	12001	买盘
13:35:30	10.91	--	131	142921	买盘
13:35:15	10.91	-0.01	11	12001	卖盘
13:35:12	10.92	0.01	180	196560	买盘
13:35:03	10.91	--	46	50186	卖盘
13:35:00	10.91	--	2	2182	卖盘
13:34:54	10.91	--	122	133102	卖盘
13:34:51	10.91	--	18	19638	卖盘
13:34:48	10.91	-0.01	20	21820	卖盘
13:34:24	10.92	--	6	7338	卖盘
13:34:18	10.92	--	7	7644	卖盘
13:34:12	10.92	--	6	6857	买盘
13:34:09	10.92	--	50	54600	买盘
13:34:06	10.92	0.01	4	4368	买盘
13:34:03	10.91	-0.01	10	10910	卖盘
13:33:57	10.92	--	62	67704	买盘
13:33:54	10.92	--	1	1092	买盘
13:33:51	10.92	--	150	163800	买盘
13:33:39	10.92	0.02	5	5460	买盘
13:33:27	10.9	--	3	3270	卖盘
13:33:21	10.9	-0.01	174	189660	卖盘
13:33:18	10.91	--	3	3273	买盘
13:33:12	10.91	--	10	10910	买盘
13:33:06	10.91	--	37	40367	买盘
13:33:00	10.91	--	163	177833	买盘
13:32:51	10.91	--	2	2182	买盘
13:32:48	10.91	-0.01	160	174560	卖盘
13:32:33	10.92	--	5	5460	买盘
13:32:30	10.92	--	10	10920	买盘
13:32:27	10.92	0.01	10	10920	卖盘
13:32:21	10.91	-0.01	10	10910	卖盘
13:32:18	10.92	-0.01	36	39312	卖盘
13:32:09	10.93	0.01	3	3279	买盘
13:32:06	10.92	--	10	10920	卖盘
13:32:03	10.92	0.01	1	1092	中性盘
13:31:57	10.91	-0.01	10	10910	卖盘
13:31:54	10.92	0.01	97	105924	买盘
13:31:51	10.91	--	6	6546	卖盘
13:31:48	10.91	--	210	229110	卖盘
13:31:39	10.91	-0.01	21	22911	卖盘
13:31:36	10.92	--	50	54600	买盘
13:31:30	10.92	--	10	10920	买盘
13:31:27	10.92	--	96	104832	卖盘
13:31:15	10.92	--	65	70980	卖盘
13:31:12	10.92	0.01	89	97188	买盘
13:31:09	10.91	--	5	5455	卖盘
13:31:06	10.91	-0.01	29	31639	卖盘
13:31:03	10.92	0.01	10	10920	买盘
13:31:00	10.91	-0.01	15	16365	卖盘
13:30:57	10.92	--	1	1092	买盘
13:30:54	10.92	--	8	8736	买盘
13:30:45	10.92	--	6	6552	卖盘
13:30:42	10.92	-0.01	43	46956	卖盘
13:30:39	10.93	0.01	110	120230	买盘
13:30:36	10.92	--	111	121212	卖盘
13:30:27	10.92	--	146	159432	卖盘
13:30:18	10.92	-0.01	10	10920	卖盘
13:30:15	10.93	--	8	8744	买盘
13:30:06	10.93	--	1	1093	买盘
13:30:03	10.93	--	25	27325	买盘
13:30:00	10.93	--	3	3279	买盘
13:29:57	10.93	0.01	33	36069	买盘
13:29:51	10.92	--	10	10920	卖盘
13:29:45	10.92	-0.01	15	16380	卖盘
13:29:39	10.93	--	15	16395	买盘
13:29:36	10.93	--	5	5465	买盘
13:29:30	10.93	--	10	10930	买盘
13:29:27	10.93	--	57	62301	买盘
13:29:24	10.93	0.01	8	8744	买盘
13:29:21	10.92	-0.01	35	38220	卖盘
13:29:15	10.93	--	6	6558	买盘
13:29:12	10.93	0.01	2	2186	买盘
13:29:09	10.92	-0.01	30	32760	卖盘
13:29:06	10.93	--	107	116951	买盘
13:29:03	10.93	0.01	1	1093	买盘
13:29:00	10.92	-0.01	12	13104	卖盘
13:28:57	10.93	0.01	7	7651	买盘
13:28:42	10.92	--	3	3276	卖盘
13:28:39	10.92	--	19	20748	卖盘
13:28:33	10.92	-0.01	60	65520	卖盘
13:28:27	10.93	--	20	21860	买盘
13:28:24	10.93	0.01	2	2186	买盘
13:28:15	10.92	--	50	54600	卖盘
13:28:09	10.92	--	5	5460	卖盘
13:28:06	10.92	-0.01	15	16380	卖盘
13:28:03	10.93	--	43	46999	买盘
13:28:00	10.93	--	50	54650	买盘
13:27:54	10.93	--	10	10930	买盘
13:27:45	10.93	--	1	1093	买盘
13:27:42	10.93	--	3	3279	买盘
13:27:39	10.93	--	23	25139	买盘
13:27:27	10.93	--	3	3279	买盘
13:27:24	10.93	0.01	9	9837	中性盘
13:27:12	10.92	-0.01	163	177996	卖盘
13:27:09	10.93	--	10	10930	卖盘
13:27:06	10.93	0.01	23	25139	中性盘
13:27:00	10.92	-0.02	20	21840	卖盘
13:26:51	10.94	0.02	10	10940	买盘
13:26:45	10.92	-0.02	20	21840	卖盘
13:26:39	10.94	--	10	10940	买盘
13:26:36	10.94	0.01	50	54700	买盘
13:26:30	10.93	-0.01	44	48092	卖盘
13:26:27	10.94	--	18	19692	买盘
13:26:21	10.94	--	25	27350	买盘
13:26:15	10.94	--	10	10940	买盘
13:26:09	10.94	--	2	2188	买盘
13:26:03	10.94	--	1	1094	买盘
13:25:54	10.94	0.01	3	3282	买盘
13:25:48	10.93	--	7	7651	买盘
13:25:45	10.93	--	200	218600	买盘
13:25:33	10.93	0.01	5	5465	买盘
13:25:30	10.92	--	3	3276	卖盘
13:25:15	10.92	-0.01	80	87360	卖盘
13:25:09	10.93	--	1	1093	买盘
13:25:03	10.93	--	7	7651	买盘
13:24:54	10.93	0.01	404	441572	买盘
13:24:48	10.92	--	3	3276	卖盘
13:24:45	10.92	--	3	3276	卖盘
13:24:42	10.92	0.01	33	36036	买盘
13:24:36	10.91	--	2	2182	卖盘
13:24:09	10.91	-0.02	64	69824	卖盘
13:24:03	10.93	0.02	24	26232	买盘
13:23:45	10.91	-0.02	130	141830	卖盘
13:23:39	10.93	--	11	12023	买盘
13:23:33	10.93	0.01	2	2186	买盘
13:23:27	10.92	0.01	1	1092	买盘
13:23:21	10.91	-0.01	25	27275	卖盘
13:23:15	10.92	0.01	12	13104	买盘
13:22:57	10.91	-0.01	7	7637	卖盘
13:22:54	10.92	0.01	15	16380	买盘
13:22:51	10.91	--	49	53459	卖盘
13:22:45	10.91	-0.01	20	21820	卖盘
13:22:42	10.92	0.01	22	24024	买盘
13:22:36	10.91	--	3	3273	卖盘
13:22:30	10.91	--	3	3273	卖盘
13:22:27	10.91	--	10	10910	卖盘
13:22:18	10.91	-0.01	106	115646	卖盘
13:22:00	10.92	0.01	4	4368	买盘
13:21:54	10.91	-0.01	1	1091	卖盘
13:21:45	10.92	--	30	32760	买盘
13:21:42	10.92	0.01	22	24024	买盘
13:21:39	10.91	-0.01	12	13092	卖盘
13:21:36	10.92	--	15	16380	买盘
13:21:30	10.92	--	4	4368	卖盘
13:21:27	10.92	--	62	67704	卖盘
13:21:24	10.92	--	220	240240	卖盘
13:21:21	10.92	--	77	84084	卖盘
13:21:18	10.92	--	10	10920	卖盘
13:21:15	10.92	--	50	54600	卖盘
13:21:09	10.92	--	39	42588	卖盘
13:21:03	10.92	-0.01	10	10920	卖盘
13:21:00	10.93	0.01	4	4372	买盘
13:20:57	10.92	-0.01	10	10920	卖盘
13:20:54	10.93	0.01	42	45906	买盘
13:20:51	10.92	--	50	54600	卖盘
13:20:48	10.92	--	2	2184	卖盘
13:20:27	10.92	-0.01	25	27300	卖盘
13:20:24	10.93	--	51	55743	买盘
13:20:21	10.93	--	150	163950	买盘
13:20:15	10.93	--	9	9837	买盘
13:20:12	10.93	--	122	133346	买盘
13:20:09	10.93	--	24	26232	买盘
13:20:03	10.93	0.01	97	106021	卖盘
13:20:00	10.92	-0.01	7	7644	卖盘
13:19:54	10.93	--	1	1093	卖盘
13:19:51	10.93	0.01	85	92905	买盘
13:19:48	10.92	-0.01	6	6552	卖盘
13:19:42	10.93	--	25	27325	买盘
13:19:27	10.93	--	30	32790	买盘
13:19:24	10.93	--	21	22953	买盘
13:19:15	10.93	--	5	5465	买盘
13:19:12	10.93	-0.01	587	641591	卖盘
13:19:09	10.94	--	30	32820	买盘
13:19:03	10.94	--	40	43760	买盘
13:19:00	10.94	--	20	21880	买盘
13:18:54	10.94	--	10	10940	买盘
13:18:45	10.94	--	1	1094	买盘
13:18:42	10.94	0.01	18	19692	买盘
13:18:30	10.93	-0.01	10	10930	卖盘
13:18:27	10.94	0.01	102	111588	买盘
13:18:24	10.93	--	10	10930	卖盘
13:18:18	10.93	--	10	10930	卖盘
13:18:06	10.93	0.01	10	10930	卖盘
13:17:39	10.92	-0.02	48	52416	卖盘
13:17:36	10.94	--	12	13128	买盘
13:17:33	10.94	--	84	91896	买盘
13:17:30	10.94	--	35	38290	买盘
13:17:27	10.94	--	6	6564	买盘
13:17:24	10.94	0.01	15	16410	买盘
13:17:21	10.93	--	80	87440	卖盘
13:17:18	10.93	-0.01	100	109300	卖盘
13:17:06	10.94	--	1	1094	买盘
13:17:03	10.94	--	16	17504	买盘
13:17:00	10.94	0.01	114	124716	买盘
13:16:54	10.93	-0.01	119	130067	卖盘
13:16:48	10.94	0.01	23	25162	买盘
13:16:45	10.93	-0.01	9	9837	卖盘
13:16:36	10.94	--	7	7658	买盘
13:16:33	10.94	--	45	49230	买盘
13:16:30	10.94	--	46	50324	买盘
13:16:27	10.94	--	38	41572	卖盘
13:16:24	10.94	--	10	10940	卖盘
13:16:21	10.94	--	68	74392	卖盘
13:16:15	10.94	--	33	36102	卖盘
13:16:12	10.94	-0.01	50	54700	卖盘
13:16:09	10.95	0.01	60	65700	买盘
13:16:06	10.94	--	81	88614	卖盘
13:16:03	10.94	--	61	66734	卖盘
13:16:00	10.94	--	15	16410	卖盘
13:15:54	10.94	-0.01	90	98460	卖盘
13:15:51	10.95	0.01	24	26280	买盘
13:15:48	10.94	--	43	47042	卖盘
13:15:45	10.94	-0.01	20	21880	卖盘
13:15:42	10.95	--	32	35040	买盘
13:15:39	10.95	0.01	121	132495	买盘
13:15:36	10.94	--	36	39384	卖盘
13:15:30	10.94	--	69	75486	卖盘
13:15:27	10.94	-0.01	72	78768	卖盘
13:15:18	10.95	--	52	56939	买盘
13:15:15	10.95	--	38	41610	买盘
13:15:12	10.95	0.01	21	22995	买盘
13:15:09	10.94	-0.01	42	45948	卖盘
13:15:03	10.95	--	37	40515	买盘
13:14:57	10.95	--	45	49275	买盘
13:14:54	10.95	--	106	116069	买盘
13:14:51	10.95	--	151	165345	买盘
13:14:48	10.95	--	4	4380	买盘
13:14:45	10.95	0.01	5	5475	买盘
13:14:42	10.94	-0.01	95	103930	卖盘
13:14:39	10.95	0.01	10	10950	买盘
13:14:33	10.94	--	3	3282	卖盘
13:14:30	10.94	--	2	2188	卖盘
13:14:27	10.94	--	20	21880	卖盘
13:14:24	10.94	--	185	202390	买盘
13:14:21	10.94	--	161	176134	买盘
13:14:18	10.94	--	185	202390	买盘
13:14:12	10.94	--	25	27350	买盘
13:14:09	10.94	--	9	9846	买盘
13:14:03	10.94	--	11	12034	买盘
13:14:00	10.94	--	18	19692	买盘
13:13:57	10.94	--	51	55794	买盘
13:13:54	10.94	0.01	102	111588	买盘
13:13:48	10.93	-0.01	161	175973	卖盘
13:13:45	10.94	--	2	2188	买盘
13:13:42	10.94	--	30	32820	买盘
13:13:39	10.94	--	8	8752	买盘
13:13:33	10.94	0.02	10	10940	买盘
13:13:30	10.92	-0.01	200	218400	卖盘
13:13:27	10.93	--	23	25139	卖盘
13:13:18	10.93	--	254	277622	买盘
13:13:12	10.93	--	16	17488	买盘
13:13:06	10.93	0.01	11	12023	买盘
13:13:00	10.92	-0.01	6	6552	卖盘
13:12:57	10.93	0.01	13	14209	买盘
13:12:54	10.92	--	93	101556	卖盘
13:12:39	10.92	--	24	26208	卖盘
13:12:36	10.92	--	1	1092	卖盘
13:12:33	10.92	--	12	13104	买盘
13:12:21	10.92	--	100	109200	买盘
13:12:12	10.92	0.01	29	31668	买盘
13:11:51	10.91	-0.01	5	5455	卖盘
13:11:45	10.92	--	51	55692	买盘
13:11:42	10.92	--	4	4368	买盘
13:11:36	10.92	--	6	6552	买盘
13:11:30	10.92	0.01	357	389844	买盘
13:11:15	10.91	--	2	2182	卖盘
13:11:12	10.91	--	5	5455	卖盘
13:11:00	10.91	--	1	1091	买盘
13:10:54	10.91	--	2	2182	买盘
13:10:48	10.91	--	39	42549	买盘
13:10:42	10.91	-0.01	158	172378	卖盘
13:10:27	10.92	0.01	5	5460	买盘
13:10:12	10.91	-0.01	5	5455	卖盘
13:10:06	10.92	0.01	136	148512	买盘
13:10:03	10.91	-0.01	30	32730	卖盘
13:10:00	10.92	--	15	16380	买盘
13:09:48	10.92	--	18	19656	买盘
13:09:45	10.92	0.01	4	4368	买盘
13:09:42	10.91	-0.01	30	32730	卖盘
13:09:39	10.92	--	56	61152	买盘
13:09:36	10.92	--	20	21840	买盘
13:09:33	10.92	-0.01	55	60060	卖盘
13:09:30	10.93	--	37	40441	买盘
13:09:27	10.93	0.01	6	6558	买盘
13:09:24	10.92	--	26	28392	卖盘
13:09:21	10.92	-0.01	33	36036	卖盘
13:09:12	10.93	0.01	53	57929	买盘
13:09:03	10.92	0.01	10	10920	买盘
13:09:00	10.91	-0.01	8	8728	卖盘
13:08:57	10.92	--	3	3276	买盘
13:08:54	10.92	--	20	21840	买盘
13:08:45	10.92	-0.01	6	6552	买盘
13:08:33	10.93	0.01	50	54650	买盘
13:08:30	10.92	--	3	3276	中性盘
13:08:18	10.92	--	6	6552	卖盘
13:08:12	10.92	--	4	4368	买盘
13:08:09	10.92	0.01	222	242424	买盘
13:08:06	10.91	-0.01	5	5455	中性盘
13:08:03	10.92	0.02	20	21840	买盘
13:08:00	10.9	--	58	63220	卖盘
13:07:57	10.9	--	13	14170	卖盘
13:07:54	10.9	-0.01	20	21800	卖盘
13:07:48	10.91	--	10	10910	中性盘
13:07:33	10.91	--	32	34912	卖盘
13:07:27	10.91	-0.01	219	238929	卖盘
13:07:24	10.92	0.01	36	39312	买盘
13:07:06	10.91	-0.01	1	1091	卖盘
13:06:51	10.92	--	81	88452	卖盘
13:06:48	10.92	--	9	9828	卖盘
13:06:42	10.92	--	55	60060	买盘
13:06:39	10.92	--	14	15288	买盘
13:06:33	10.92	--	12	13104	买盘
13:06:27	10.92	--	10	10920	买盘
13:06:24	10.92	--	37	40404	买盘
13:06:15	10.92	0.01	6	6552	买盘
13:06:03	10.91	--	6	6546	卖盘
13:06:00	10.91	--	88	96008	买盘
13:05:57	10.91	0.01	9	9819	买盘
13:05:54	10.9	-0.01	9	9810	卖盘
13:05:48	10.91	--	27	29457	买盘
13:05:39	10.91	--	5	5455	买盘
13:05:18	10.91	--	15	16365	卖盘
13:05:15	10.91	-0.01	9	9819	卖盘
13:05:09	10.92	0.01	21	22932	买盘
13:05:06	10.91	--	10	10910	卖盘
13:05:03	10.91	--	10	10910	卖盘
13:04:57	10.91	0.01	217	236747	买盘
13:04:39	10.9	0.01	20	21800	中性盘
13:04:30	10.89	-0.01	50	54450	卖盘
13:04:24	10.9	--	8	8720	买盘
13:04:18	10.9	--	20	21800	买盘
13:04:06	10.9	0.02	220	239800	买盘
13:04:03	10.88	-0.01	30	32640	卖盘
13:03:57	10.89	-0.01	27	29403	中性盘
13:03:42	10.9	0.01	68	74120	买盘
13:03:36	10.89	--	20	21780	买盘
13:03:30	10.89	--	20	21780	卖盘
13:03:24	10.89	--	6	6534	买盘
13:03:03	10.89	--	9	9801	卖盘
13:02:57	10.89	--	15	16335	卖盘
13:02:54	10.89	--	36	39204	卖盘
13:02:48	10.89	--	9	9801	卖盘
13:02:42	10.89	--	14	15246	卖盘
13:02:36	10.89	--	9	9801	卖盘
13:02:30	10.89	--	9	9801	买盘
13:02:21	10.89	--	6	6534	买盘
13:02:09	10.89	-0.01	209	227601	卖盘
13:02:06	10.9	--	10	10900	卖盘
13:02:03	10.9	--	3	3270	卖盘
13:01:51	10.9	--	5	5450	买盘
13:01:48	10.9	--	10	10900	买盘
13:01:42	10.9	--	10	10900	买盘
13:01:39	10.9	--	11	11990	买盘
13:01:33	10.9	--	79	86110	买盘
13:01:30	10.9	--	60	65400	买盘
13:01:24	10.9	--	3	3270	买盘
13:01:21	10.9	-0.01	34	37060	卖盘
13:01:18	10.91	0.01	33	36003	买盘
13:01:15	10.9	--	16	17440	卖盘
13:01:06	10.9	--	15	16350	卖盘
13:01:03	10.9	--	64	69760	买盘
13:00:54	10.9	0.01	21	22890	买盘
13:00:51	10.89	-0.01	6	6534	卖盘
13:00:36	10.9	--	58	63220	买盘
13:00:27	10.9	0.01	10	10900	买盘
13:00:21	10.89	--	10	10890	卖盘
13:00:15	10.89	--	18	19602	卖盘
13:00:12	10.89	--	29	31581	买盘
13:00:06	10.89	0.02	307	334323	买盘
13:00:03	10.87	-0.01	127	138049	卖盘
11:30:03	10.88	--	3	3264	买盘
11:29:57	10.88	--	10	10880	买盘
11:29:48	10.88	-0.01	58	63104	卖盘
11:29:45	10.89	0.01	65	70785	买盘
11:29:39	10.88	--	20	21760	卖盘
11:29:21	10.88	--	8	8704	卖盘
11:29:18	10.88	--	207	225216	买盘
11:29:15	10.88	--	6	6528	买盘
11:29:12	10.88	--	8	8704	买盘
11:29:03	10.88	--	5	5440	买盘
11:29:00	10.88	--	20	21760	买盘
11:28:54	10.88	0.01	40	43520	买盘
11:28:51	10.87	--	20	21740	卖盘
11:28:48	10.87	--	5	5435	卖盘
11:28:45	10.87	--	14	15217	买盘
11:28:42	10.87	--	60	65219	买盘
11:28:36	10.87	--	42	45654	买盘
11:28:33	10.87	--	50	54349	买盘
11:28:27	10.87	--	93	101091	买盘
11:28:24	10.87	--	58	63045	买盘
11:28:21	10.87	0.01	10	10870	买盘
11:28:12	10.86	-0.01	1	1086	卖盘
11:28:06	10.87	0.01	11	11957	买盘
11:28:03	10.86	-0.01	45	48870	卖盘
11:27:57	10.87	--	103	111960	买盘
11:27:42	10.87	--	17	18479	买盘
11:27:39	10.87	0.01	3	3260	买盘
11:27:36	10.86	-0.01	45	48870	卖盘
11:27:30	10.87	0.01	52	56523	买盘
11:27:27	10.86	-0.01	3	3258	卖盘
11:27:24	10.87	0.01	13	14130	买盘
11:27:18	10.86	-0.01	2	2172	卖盘
11:27:12	10.87	--	13	14130	买盘
11:27:09	10.87	--	10	10870	买盘
11:27:03	10.87	--	50	54349	买盘
11:27:00	10.87	--	21	22827	买盘
11:26:54	10.87	--	5	5435	买盘
11:26:45	10.87	--	76	82612	卖盘
11:26:42	10.87	-0.01	61	66307	卖盘
11:26:39	10.88	--	10	10880	买盘
11:26:36	10.88	0.01	28	30464	买盘
11:26:24	10.87	--	9	9783	卖盘
11:26:12	10.87	--	9	9783	卖盘
11:26:09	10.87	--	20	21740	卖盘
11:26:00	10.87	--	7	7608	买盘
11:25:51	10.87	--	10	10870	买盘
11:25:48	10.87	--	150	163050	买盘
11:25:33	10.87	--	3	3260	买盘
11:25:30	10.87	--	10	10870	买盘
11:25:24	10.87	0.01	2	2174	买盘
11:25:18	10.86	--	20	21720	卖盘
11:25:09	10.86	-0.01	10	10860	卖盘
11:25:06	10.87	--	284	308708	买盘
11:25:00	10.87	0.01	11	11957	买盘
11:24:45	10.86	--	10	10860	卖盘
11:24:39	10.86	-0.01	8	8688	卖盘
11:24:36	10.87	--	5	5435	买盘
11:24:33	10.87	--	2	2174	买盘
11:24:24	10.87	--	28	30435	买盘
11:24:06	10.87	--	2	2174	买盘
11:24:00	10.87	--	15	16304	买盘
11:23:45	10.87	0.01	11	11957	买盘
11:23:39	10.86	--	5	5430	卖盘
11:23:33	10.86	-0.01	17	18462	卖盘
11:23:24	10.87	0.01	43	46741	买盘
11:23:21	10.86	-0.01	57	61902	卖盘
11:23:18	10.87	0.01	7	7608	买盘
11:23:12	10.86	--	2	2172	卖盘
11:23:03	10.86	--	25	27150	卖盘
11:23:00	10.86	-0.01	61	66246	卖盘
11:22:39	10.87	--	10	10870	买盘
11:22:30	10.87	0.01	6	6521	买盘
11:22:27	10.86	-0.01	174	188964	卖盘
11:22:15	10.87	--	30	32609	买盘
11:22:09	10.87	--	6	6521	卖盘
11:22:03	10.87	-0.01	5	5435	卖盘
11:21:39	10.88	0.02	1	1088	买盘
11:21:21	10.86	--	57	61902	卖盘
11:21:12	10.86	-0.02	1	1086	卖盘
11:21:06	10.88	0.02	3	3264	买盘
11:20:48	10.86	-0.01	172	186792	卖盘
11:20:36	10.87	0.01	46	50002	买盘
11:20:33	10.86	-0.01	2	2172	卖盘
11:20:27	10.87	0.01	5	5435	买盘
11:20:03	10.86	-0.01	200	217200	卖盘
11:19:45	10.87	0.01	37	40219	买盘
11:19:39	10.86	--	2	2172	卖盘
11:19:36	10.86	--	4	4344	卖盘
11:19:24	10.86	0.01	10	10860	中性盘
11:19:12	10.85	-0.02	124	134540	卖盘
11:19:06	10.87	0.01	3	3260	买盘
11:19:00	10.86	-0.01	80	86880	卖盘
11:18:51	10.87	--	16	17392	买盘
11:18:48	10.87	--	2	2174	卖盘
11:18:39	10.87	0.01	28	30435	买盘
11:18:36	10.86	-0.01	100	108600	卖盘
11:18:33	10.87	0.01	32	34784	买盘
11:18:27	10.86	--	30	32580	卖盘
11:18:12	10.86	-0.01	29	31494	卖盘
11:18:06	10.87	0.01	19	20653	中性盘
11:17:48	10.86	--	25	27150	卖盘
11:17:39	10.86	-0.01	25	27150	卖盘
11:17:30	10.87	0.01	31	33697	买盘
11:17:18	10.86	-0.01	4	4344	卖盘
11:17:09	10.87	--	111	120656	买盘
11:17:06	10.87	0.01	1	1087	买盘
11:17:03	10.86	--	40	43440	卖盘
11:16:54	10.86	-0.01	5	5430	卖盘
11:16:51	10.87	0.01	15	16304	买盘
11:16:48	10.86	--	16	17376	卖盘
11:16:42	10.86	--	70	76020	卖盘
11:16:39	10.86	-0.01	5	5430	卖盘
11:16:36	10.87	--	40	43480	买盘
11:16:33	10.87	0.01	15	16304	买盘
11:16:24	10.86	--	9	9774	卖盘
11:16:15	10.86	--	9	9774	卖盘
11:16:12	10.86	-0.01	14	15204	卖盘
11:16:09	10.87	0.01	5	5435	买盘
11:15:57	10.86	-0.01	12	13032	卖盘
11:15:51	10.87	0.01	16	17392	买盘
11:15:48	10.86	-0.01	1	1086	卖盘
11:15:36	10.87	0.01	5	5435	买盘
11:15:30	10.86	--	10	10860	卖盘
11:15:27	10.86	--	57	61902	买盘
11:15:24	10.86	0.01	25	27150	买盘
11:15:15	10.85	--	6	6510	卖盘
11:15:09	10.85	-0.01	11	11935	卖盘
11:15:00	10.86	0.01	12	13032	买盘
11:14:57	10.85	-0.01	12	13020	卖盘
11:14:54	10.86	--	21	22806	买盘
11:14:36	10.86	--	10	10860	买盘
11:14:27	10.86	--	1	1086	买盘
11:14:09	10.86	0.01	248	269328	买盘
11:14:03	10.85	-0.01	3	3255	卖盘
11:14:00	10.86	--	5	5430	买盘
11:13:54	10.86	--	58	62988	买盘
11:13:39	10.86	--	1	1086	买盘
11:13:36	10.86	--	112	121632	买盘
11:13:33	10.86	0.01	2	2172	买盘
11:13:24	10.85	--	21	22785	买盘
11:13:21	10.85	-0.01	30	32550	中性盘
11:13:09	10.86	0.01	18	19548	买盘
11:13:06	10.85	-0.01	40	43400	卖盘
11:13:03	10.86	0.01	5	5430	买盘
11:13:00	10.85	-0.01	8	8680	卖盘
11:12:57	10.86	0.01	16	17376	买盘
11:12:54	10.85	-0.01	195	211575	卖盘
11:12:45	10.86	--	20	21720	买盘
11:12:33	10.86	--	16	17376	买盘
11:12:27	10.86	0.01	1	1086	买盘
11:12:15	10.85	--	6	6510	卖盘
11:12:12	10.85	--	20	21700	卖盘
11:12:06	10.85	--	231	250635	买盘
11:12:00	10.85	--	100	108500	买盘
11:11:57	10.85	0.01	23	24955	买盘
11:11:51	10.84	-0.01	20	21680	卖盘
11:11:36	10.85	--	135	146475	买盘
11:11:33	10.85	0.01	5	5425	买盘
11:11:27	10.84	--	25	27100	卖盘
11:11:24	10.84	-0.01	132	143088	卖盘
11:11:21	10.85	0.01	20	21700	买盘
11:11:18	10.84	-0.01	105	113820	卖盘
11:11:15	10.85	--	93	100905	卖盘
11:11:12	10.85	0.01	662	718270	买盘
11:10:57	10.84	--	14	15176	卖盘
11:10:45	10.84	--	445	482380	买盘
11:10:42	10.84	--	10	10840	买盘
11:10:39	10.84	--	8	8672	买盘
11:10:36	10.84	--	36	39024	买盘
11:10:33	10.84	0.01	25	27100	买盘
11:10:30	10.83	-0.01	66	71478	卖盘
11:10:24	10.84	--	2	2168	买盘
11:10:21	10.84	--	64	69376	买盘
11:10:18	10.84	--	20	21680	买盘
11:10:12	10.84	0.01	20	21680	买盘
11:10:06	10.83	-0.01	54	58482	卖盘
11:10:03	10.84	--	110	119240	买盘
11:10:00	10.84	0.01	29	31436	买盘
11:09:57	10.83	--	20	21660	卖盘
11:09:54	10.83	--	60	64980	卖盘
11:09:51	10.83	-0.01	100	108300	卖盘
11:09:48	10.84	0.01	1	1084	买盘
11:09:45	10.83	-0.01	70	75810	卖盘
11:09:42	10.84	--	19	20596	买盘
11:09:33	10.84	--	3	3252	买盘
11:09:27	10.84	-0.01	245	265580	卖盘
11:09:24	10.85	0.01	2	2170	买盘
11:09:18	10.84	-0.01	5	5420	卖盘
11:09:15	10.85	0.01	1	1085	买盘
11:09:12	10.84	--	10	10840	卖盘
11:09:09	10.84	--	34	36856	卖盘
11:09:06	10.84	--	46	49864	卖盘
11:09:03	10.84	--	15	16260	卖盘
11:08:57	10.84	--	36	39024	卖盘
11:08:54	10.84	-0.01	50	54200	卖盘
11:08:51	10.85	0.01	2	2170	买盘
11:08:48	10.84	--	215	233060	卖盘
11:08:45	10.84	--	71	76964	卖盘
11:08:39	10.84	--	29	31436	卖盘
11:08:33	10.84	--	10	10840	卖盘
11:08:27	10.84	--	50	54200	卖盘
11:08:24	10.84	--	50	54200	卖盘
11:08:18	10.84	-0.01	54	58536	卖盘
11:08:15	10.85	0.01	7	7595	买盘
11:08:12	10.84	--	209	226556	卖盘
11:08:09	10.84	-0.01	93	100812	卖盘
11:08:06	10.85	0.01	25	27125	买盘
11:08:03	10.84	--	69	74796	卖盘
11:08:00	10.84	--	10	10840	卖盘
11:07:57	10.84	--	23	24932	卖盘
11:07:48	10.84	-0.01	54	58536	卖盘
11:07:45	10.85	0.01	3	3255	买盘
11:07:33	10.84	-0.01	95	102980	卖盘
11:07:30	10.85	--	10	10850	买盘
11:07:27	10.85	--	10	10850	买盘
11:07:24	10.85	--	6	6510	卖盘
11:07:21	10.85	--	70	75950	卖盘
11:07:18	10.85	-0.01	38	41230	卖盘
11:07:15	10.86	--	5	5430	买盘
11:07:12	10.86	0.01	3	3258	买盘
11:07:09	10.85	--	71	77035	卖盘
11:07:06	10.85	-0.01	78	84630	卖盘
11:07:03	10.86	--	2	2172	买盘
11:06:57	10.86	--	8	8688	买盘
11:06:54	10.86	--	5	5430	买盘
11:06:51	10.86	--	10	10860	买盘
11:06:39	10.86	--	102	110772	卖盘
11:06:36	10.86	--	2	2172	卖盘
11:06:21	10.86	--	8	8688	买盘
11:06:15	10.86	--	13	14118	卖盘
11:06:03	10.86	--	25	27150	卖盘
11:05:54	10.86	--	48	52128	卖盘
11:05:51	10.86	--	18	19548	卖盘
11:05:42	10.86	--	14	15204	买盘
11:05:36	10.86	--	16	17376	买盘
11:05:33	10.86	--	10	10860	买盘
11:05:18	10.86	--	571	620106	买盘
11:05:15	10.86	--	8	8688	买盘
11:05:12	10.86	0.01	10	10860	买盘
11:05:09	10.85	--	4	4340	卖盘
11:05:06	10.85	--	1	1085	卖盘
11:05:03	10.85	-0.01	7	7595	卖盘
11:04:57	10.86	--	2	2172	买盘
11:04:48	10.86	--	16	17376	买盘
11:04:42	10.86	0.01	43	46698	中性盘
11:04:33	10.85	-0.01	72	78120	卖盘
11:04:27	10.86	-0.01	47	51042	卖盘
11:04:21	10.87	0.01	1	1087	买盘
11:04:15	10.86	--	20	21720	卖盘
11:04:06	10.86	-0.01	234	254124	卖盘
11:04:03	10.87	--	13	14130	卖盘
11:03:48	10.87	-0.01	1	1087	中性盘
11:03:45	10.88	0.01	5	5440	买盘
11:03:33	10.87	--	34	36958	卖盘
11:03:30	10.87	-0.01	9	9783	卖盘
11:03:27	10.88	--	2	2176	买盘
11:03:18	10.88	--	46	50048	卖盘
11:03:03	10.88	--	5	5440	卖盘
11:03:00	10.88	--	58	63104	卖盘
11:02:57	10.88	0.01	32	34816	买盘
11:02:54	10.87	-0.01	45	48915	卖盘
11:02:48	10.88	--	71	77248	买盘
11:02:15	10.88	--	1	1088	买盘
11:02:06	10.88	--	3	3264	卖盘
11:02:00	10.88	--	22	23936	卖盘
11:01:45	10.88	--	3	3264	卖盘
11:01:39	10.88	--	30	32640	卖盘
11:01:33	10.88	--	8	8704	卖盘
11:01:27	10.88	0.02	104	113152	买盘
11:01:24	10.86	--	13	14118	卖盘
11:01:21	10.86	-0.02	24	26064	卖盘
11:01:06	10.88	--	22	23936	买盘
11:01:00	10.88	0.02	1	1088	买盘
11:00:57	10.86	-0.01	46	49956	卖盘
11:00:45	10.87	-0.01	5	5435	卖盘
11:00:42	10.88	--	2	2176	卖盘
11:00:39	10.88	0.03	28	30464	买盘
11:00:33	10.85	-0.01	18	19530	卖盘
11:00:27	10.86	--	2	2172	卖盘
11:00:21	10.86	0.01	81	87966	买盘
11:00:18	10.85	-0.01	51	55335	卖盘
11:00:15	10.86	0.01	31	33666	买盘
11:00:09	10.85	-0.01	13	14105	卖盘
11:00:06	10.86	--	1	1086	买盘
10:59:54	10.86	0.01	5	5430	买盘
10:59:51	10.85	--	69	74865	卖盘
10:59:48	10.85	-0.01	63	68355	卖盘
10:59:45	10.86	0.01	400	434400	买盘
10:59:42	10.85	-0.01	720	781200	卖盘
10:59:39	10.86	0.01	79	85794	买盘
10:59:33	10.85	-0.01	12	13020	卖盘
10:59:30	10.86	0.01	108	117288	买盘
10:59:27	10.85	--	15	16275	卖盘
10:59:15	10.85	-0.01	40	43400	卖盘
10:59:09	10.86	--	3	3258	买盘
10:59:06	10.86	--	15	16290	买盘
10:59:03	10.86	--	1	1086	买盘
10:59:00	10.86	--	20	21720	买盘
10:58:57	10.86	--	4	4344	买盘
10:58:54	10.86	--	260	282360	卖盘
10:58:51	10.86	--	25	27150	卖盘
10:58:45	10.86	--	10	10860	卖盘
10:58:42	10.86	--	6	6516	卖盘
10:58:27	10.86	--	15	16290	卖盘
10:58:24	10.86	--	5	5430	卖盘
10:58:18	10.86	0.01	4	4344	买盘
10:58:12	10.85	-0.03	24	26040	卖盘
10:58:09	10.88	0.02	7	7616	买盘
10:58:06	10.86	--	24	26064	卖盘
10:58:00	10.86	--	210	228060	卖盘
10:57:54	10.86	--	200	217200	卖盘
10:57:51	10.86	--	50	54300	卖盘
10:57:45	10.86	-0.01	20	21720	卖盘
10:57:27	10.87	--	11	11957	买盘
10:57:24	10.87	-0.02	225	244574	卖盘
10:57:21	10.89	0.01	13	14157	买盘
10:57:18	10.88	--	32	34816	卖盘
10:57:15	10.88	--	11	11968	卖盘
10:57:12	10.88	--	20	21760	卖盘
10:57:09	10.88	-0.01	11	11968	卖盘
10:57:06	10.89	0.01	20	21780	买盘
10:57:03	10.88	--	259	281792	卖盘
10:56:54	10.88	-0.01	1	1088	卖盘
10:56:48	10.89	--	3	3267	买盘
10:56:45	10.89	-0.01	3	3267	中性盘
10:56:42	10.9	0.02	60	65400	买盘
10:56:39	10.88	-0.01	90	97920	卖盘
10:56:36	10.89	-0.01	10	10890	卖盘
10:56:27	10.9	--	1	1090	买盘
10:56:24	10.9	--	7	7630	卖盘
10:56:21	10.9	-0.01	24	26160	卖盘
10:56:18	10.91	--	62	67642	买盘
10:56:15	10.91	--	5	5455	买盘
10:56:06	10.91	--	4	4364	买盘
10:56:03	10.91	--	17	18547	卖盘
10:56:00	10.91	--	111	121101	卖盘
10:55:57	10.91	--	399	435309	卖盘
10:55:54	10.91	--	20	21820	卖盘
10:55:51	10.91	--	38	41458	卖盘
10:55:48	10.91	--	13	14183	卖盘
10:55:45	10.91	--	50	54550	卖盘
10:55:42	10.91	--	53	57823	卖盘
10:55:36	10.91	--	80	87280	卖盘
10:55:33	10.91	-0.01	543	592413	卖盘
10:55:30	10.92	0.01	5	5460	买盘
10:55:27	10.91	--	10	10910	卖盘
10:55:21	10.91	--	216	235656	卖盘
10:55:18	10.91	--	10	10910	卖盘
10:55:15	10.91	-0.01	207	225837	卖盘
10:55:12	10.92	0.01	56	61152	买盘
10:55:06	10.91	--	1	1091	卖盘
10:54:57	10.91	--	130	141830	卖盘
10:54:54	10.91	-0.01	44	48004	卖盘
10:54:51	10.92	--	30	32760	买盘
10:54:48	10.92	--	3	3276	买盘
10:54:45	10.92	0.01	30	32760	买盘
10:54:36	10.91	-0.01	12	13092	卖盘
10:54:33	10.92	--	15	16380	买盘
10:54:30	10.92	--	3	3276	买盘
10:54:27	10.92	--	10	10920	买盘
10:54:21	10.92	0.01	10	10920	买盘
10:54:18	10.91	-0.01	70	76370	卖盘
10:54:15	10.92	--	9	9828	买盘
10:54:12	10.92	0.01	22	24024	买盘
10:54:09	10.91	-0.01	44	48004	卖盘
10:54:06	10.92	--	87	95004	买盘
10:54:03	10.92	--	2	2184	买盘
10:53:57	10.92	0.01	97	105924	买盘
10:53:45	10.91	--	58	63278	卖盘
10:53:42	10.91	--	10	10910	卖盘
10:53:36	10.91	0.01	225	245475	买盘
10:53:18	10.9	--	37	40330	卖盘
10:53:15	10.9	--	125	136250	买盘
10:53:09	10.9	--	32	34880	买盘
10:53:06	10.9	--	3	3270	买盘
10:53:03	10.9	--	2	2180	买盘
10:52:57	10.9	--	30	32700	买盘
10:52:54	10.9	--	15	16350	买盘
10:52:48	10.9	0.02	26	28340	买盘
10:52:42	10.88	-0.01	200	217600	卖盘
10:52:39	10.89	-0.01	10	10890	卖盘
10:52:36	10.9	0.01	81	88290	买盘
10:52:33	10.89	--	10	10890	卖盘
10:52:21	10.89	0.01	304	331056	买盘
10:52:06	10.88	0.01	145	157760	买盘
10:51:54	10.87	-0.01	43	46741	卖盘
10:51:45	10.88	0.01	7	7616	买盘
10:51:39	10.87	-0.01	4	4348	卖盘
10:51:36	10.88	--	52	56576	买盘
10:51:33	10.88	--	1	1088	买盘
10:51:21	10.88	--	21	22848	买盘
10:51:18	10.88	--	35	38080	买盘
10:51:15	10.88	--	24	26112	买盘
10:51:06	10.88	0.01	35	38080	买盘
10:51:03	10.87	--	10	10870	卖盘
10:51:00	10.87	--	49	53262	卖盘
10:50:51	10.87	--	15	16304	卖盘
10:50:45	10.87	--	8	8696	卖盘
10:50:42	10.87	--	3	3260	卖盘
10:50:33	10.87	--	8	8696	卖盘
10:50:30	10.87	--	10	10870	卖盘
10:50:27	10.87	--	109	118482	买盘
10:50:24	10.87	--	20	21740	买盘
10:50:15	10.87	--	6	6521	买盘
10:50:12	10.87	0.01	8	8696	买盘
10:50:03	10.86	-0.01	1	1086	卖盘
10:49:54	10.87	--	16	17392	买盘
10:49:51	10.87	--	32	34784	买盘
10:49:48	10.87	--	23	25001	买盘
10:49:39	10.87	--	11	11957	卖盘
10:49:33	10.87	--	179	194573	卖盘
10:49:30	10.87	--	2	2174	卖盘
10:49:21	10.87	--	1	1087	卖盘
10:49:12	10.87	--	12	13043	卖盘
10:49:09	10.87	--	35	38045	买盘
10:49:06	10.87	--	5	5435	买盘
10:49:03	10.87	--	20	21740	买盘
10:49:00	10.87	--	11	11957	买盘
10:48:57	10.87	--	15	16304	买盘
10:48:39	10.87	--	10	10870	买盘
10:48:36	10.87	--	11	11957	买盘
10:48:33	10.87	--	3	3260	卖盘
10:48:30	10.87	--	20	21740	卖盘
10:48:27	10.87	-0.01	21	22827	卖盘
10:48:18	10.88	0.01	63	68544	买盘
10:48:12	10.87	--	4	4348	卖盘
10:48:06	10.87	--	15	16304	卖盘
10:48:03	10.87	--	1	1087	卖盘
10:48:00	10.87	--	34	36958	卖盘
10:47:57	10.87	--	25	27174	卖盘
10:47:51	10.87	--	29	31522	买盘
10:47:48	10.87	0.01	66	71742	买盘
10:47:27	10.86	-0.01	100	108600	卖盘
10:47:21	10.87	0.01	9	9783	买盘
10:47:18	10.86	--	84	91224	卖盘
10:47:09	10.86	--	22	23892	卖盘
10:47:06	10.86	--	10	10860	卖盘
10:47:03	10.86	--	32	34752	卖盘
10:46:57	10.86	--	23	24978	卖盘
10:46:54	10.86	--	10	10860	卖盘
10:46:48	10.86	--	41	44526	卖盘
10:46:45	10.86	--	29	31494	卖盘
10:46:42	10.86	--	4	4344	卖盘
10:46:36	10.86	0.02	161	174846	买盘
10:46:33	10.84	-0.01	20	21680	卖盘
10:46:24	10.85	--	6	6510	买盘
10:46:18	10.85	--	2	2170	买盘
10:46:12	10.85	--	102	110670	买盘
10:46:09	10.85	--	57	61845	买盘
10:46:06	10.85	-0.01	105	113925	卖盘
10:45:51	10.86	--	19	20634	卖盘
10:45:48	10.86	--	3	3258	卖盘
10:45:45	10.86	--	47	51042	卖盘
10:45:42	10.86	--	2	2172	卖盘
10:45:36	10.86	--	144	156384	卖盘
10:45:24	10.86	--	23	24978	买盘
10:45:21	10.86	--	13	14118	卖盘
10:45:15	10.86	0.01	87	94482	买盘
10:45:12	10.85	-0.01	189	205065	卖盘
10:45:09	10.86	--	44	47784	买盘
10:45:06	10.86	--	18	19548	买盘
10:45:03	10.86	0.01	9	9774	买盘
10:44:51	10.85	--	1	1085	卖盘
10:44:48	10.85	--	92	99820	买盘
10:44:39	10.85	--	80	86800	卖盘
10:44:30	10.85	-0.01	59	64015	卖盘
10:44:27	10.86	--	5	5430	买盘
10:44:24	10.86	0.01	4	4344	买盘
10:44:21	10.85	-0.01	56	60760	卖盘
10:44:18	10.86	0.01	37	40182	买盘
10:44:15	10.85	--	3	3255	卖盘
10:44:09	10.85	--	30	32550	卖盘
10:44:06	10.85	--	58	62930	卖盘
10:44:03	10.85	-0.01	6	6510	卖盘
10:44:00	10.86	--	100	108600	买盘
10:43:57	10.86	0.01	10	10860	买盘
10:43:54	10.85	-0.01	30	32550	卖盘
10:43:51	10.86	--	20	21720	买盘
10:43:45	10.86	--	24	26064	买盘
10:43:39	10.86	--	6	6516	买盘
10:43:33	10.86	--	4	4344	买盘
10:43:18	10.86	0.01	51	55386	买盘
10:43:15	10.85	--	4	4340	卖盘
10:43:12	10.85	--	1	1085	卖盘
10:43:06	10.85	--	10	10850	卖盘
10:42:57	10.85	0.01	3	3255	卖盘
10:42:42	10.84	-0.01	10	10840	卖盘
10:42:39	10.85	--	22	23870	买盘
10:42:36	10.85	0.01	36	39060	买盘
10:42:33	10.84	-0.01	61	66124	卖盘
10:42:30	10.85	--	244	264740	买盘
10:42:27	10.85	--	67	72695	买盘
10:42:24	10.85	--	1	1085	买盘
10:42:21	10.85	0.01	122	132370	买盘
10:42:18	10.84	-0.01	32	34688	卖盘
10:42:15	10.85	--	29	31465	买盘
10:42:12	10.85	--	43	46655	买盘
10:42:09	10.85	--	14	15190	买盘
10:42:06	10.85	--	21	22785	买盘
10:42:03	10.85	--	23	24955	买盘
10:42:00	10.85	--	13	14105	买盘
10:41:57	10.85	0.01	91	98735	买盘
10:41:54	10.84	-0.01	42	45528	卖盘
10:41:51	10.85	--	9	9765	买盘
10:41:48	10.85	--	15	16275	买盘
10:41:45	10.85	--	446	483910	买盘
10:41:33	10.85	0.01	20	21700	买盘
10:41:24	10.84	-0.01	9	9756	卖盘
10:41:21	10.85	--	25	27125	买盘
10:41:12	10.85	--	5	5425	买盘
10:41:06	10.85	--	13	14105	买盘
10:41:03	10.85	--	10	10850	买盘
10:41:00	10.85	0.01	5	5425	买盘
10:40:51	10.84	-0.01	47	50948	卖盘
10:40:48	10.85	--	10	10850	买盘
10:40:45	10.85	0.01	80	86800	买盘
10:40:42	10.84	--	18	19512	卖盘
10:40:39	10.84	--	75	81300	卖盘
10:40:33	10.84	--	1	1084	卖盘
10:40:24	10.84	--	400	433600	卖盘
10:40:21	10.84	-0.01	4	4336	卖盘
10:40:09	10.85	0.01	50	54250	买盘
10:40:03	10.84	-0.01	60	65040	卖盘
10:39:57	10.85	0.01	3	3255	买盘
10:39:51	10.84	--	13	14092	卖盘
10:39:45	10.84	--	11	11924	卖盘
10:39:36	10.84	--	22	23848	卖盘
10:39:27	10.84	-0.01	5	5420	卖盘
10:39:24	10.85	0.01	10	10850	买盘
10:39:15	10.84	-0.01	20	21680	卖盘
10:39:09	10.85	--	10	10850	买盘
10:39:06	10.85	--	218	236530	买盘
10:38:57	10.85	0.01	10	10850	买盘
10:38:51	10.84	--	523	566932	卖盘
10:38:45	10.84	-0.01	3	3252	卖盘
10:38:36	10.85	0.01	4	4340	买盘
10:38:30	10.84	-0.01	41	44444	卖盘
10:38:27	10.85	0.01	5	5425	买盘
10:38:24	10.84	--	14	15176	卖盘
10:38:18	10.84	--	6	6504	卖盘
10:38:12	10.84	--	18	19512	卖盘
10:38:00	10.84	--	100	108400	卖盘
10:37:57	10.84	-0.01	25	27100	卖盘
10:37:51	10.85	0.01	2	2170	买盘
10:37:45	10.84	--	577	625923	卖盘
10:37:42	10.84	--	28	30352	卖盘
10:37:39	10.84	--	2	2168	卖盘
10:37:36	10.84	--	40	43360	卖盘
10:37:33	10.84	-0.01	6	6504	卖盘
10:37:30	10.85	--	3	3255	买盘
10:37:27	10.85	--	3	3255	买盘
10:37:24	10.85	0.01	5	5425	买盘
10:37:21	10.84	--	60	65040	卖盘
10:37:18	10.84	-0.01	25	27100	卖盘
10:37:15	10.85	--	22	23870	买盘
10:37:09	10.85	--	5	5425	买盘
10:37:03	10.85	0.01	34	36890	买盘
10:37:00	10.84	--	5	5420	卖盘
10:36:57	10.84	--	12	13008	卖盘
10:36:51	10.84	--	1	1084	卖盘
10:36:48	10.84	--	1	1084	卖盘
10:36:45	10.84	--	22	23848	卖盘
10:36:39	10.84	-0.01	74	80216	卖盘
10:36:36	10.85	--	32	34720	买盘
10:36:33	10.85	0.01	4	4340	买盘
10:36:30	10.84	--	50	54200	卖盘
10:36:18	10.84	-0.01	25	27100	卖盘
10:36:15	10.85	0.01	27	29295	买盘
10:36:12	10.84	-0.01	1	1084	卖盘
10:36:06	10.85	0.01	1	1085	买盘
10:36:03	10.84	-0.01	12	13008	卖盘
10:35:57	10.85	--	50	54250	买盘
10:35:48	10.85	--	121	131285	买盘
10:35:42	10.85	--	4	4340	买盘
10:35:39	10.85	--	13	14105	买盘
10:35:36	10.85	--	5	5425	买盘
10:35:33	10.85	0.01	27	29295	买盘
10:35:27	10.84	--	60	65040	卖盘
10:35:18	10.84	-0.01	135	146340	卖盘
10:35:15	10.85	--	17	18445	买盘
10:35:00	10.85	--	12	13020	买盘
10:34:57	10.85	--	12	13020	买盘
10:34:54	10.85	0.01	3	3255	买盘
10:34:45	10.84	--	70	75880	卖盘
10:34:42	10.84	--	2	2168	卖盘
10:34:27	10.84	--	24	26016	卖盘
10:34:24	10.84	-0.01	4	4336	卖盘
10:34:18	10.85	--	50	54250	买盘
10:34:12	10.85	0.02	20	21700	买盘
10:34:09	10.83	-0.01	200	216600	卖盘
10:33:57	10.84	-0.01	3	3252	卖盘
10:33:54	10.85	0.01	48	52080	买盘
10:33:48	10.84	--	20	21680	买盘
10:33:45	10.84	0.01	69	74796	买盘
10:33:42	10.83	-0.01	113	122379	卖盘
10:33:39	10.84	--	25	27100	买盘
10:33:36	10.84	--	98	106232	买盘
10:33:33	10.84	--	7	7588	买盘
10:33:30	10.84	--	10	10840	买盘
10:33:27	10.84	--	28	30352	买盘
10:33:24	10.84	--	5	5420	买盘
10:33:21	10.84	--	15	16260	买盘
10:33:18	10.84	--	3	3252	买盘
10:33:15	10.84	--	5	5420	买盘
10:33:12	10.84	--	13	14092	买盘
10:33:09	10.84	--	16	17344	买盘
10:33:06	10.84	--	387	419508	卖盘
10:32:57	10.84	--	5	5420	卖盘
10:32:48	10.84	--	14	15176	卖盘
10:32:42	10.84	--	7	7588	买盘
10:32:39	10.84	-0.01	42	45528	卖盘
10:32:30	10.85	0.01	5	5425	买盘
10:32:27	10.84	-0.01	50	54200	卖盘
10:32:24	10.85	--	4	4340	买盘
10:32:21	10.85	0.01	93	100905	买盘
10:32:15	10.84	--	106	114904	卖盘
10:32:12	10.84	-0.01	22	23848	卖盘
10:32:09	10.85	--	49	53165	买盘
10:32:06	10.85	--	16	17360	买盘
10:32:03	10.85	0.01	86	93310	买盘
10:31:57	10.84	--	20	21680	卖盘
10:31:51	10.84	--	4	4336	卖盘
10:31:48	10.84	-0.01	380	411920	卖盘
10:31:45	10.85	0.01	23	24955	买盘
10:31:42	10.84	--	40	43360	卖盘
10:31:36	10.84	--	2	2168	卖盘
10:31:33	10.84	--	90	97560	卖盘
10:31:30	10.84	--	70	75880	卖盘
10:31:24	10.84	--	111	120324	卖盘
10:31:21	10.84	--	26	28184	卖盘
10:31:18	10.84	--	22	23848	卖盘
10:31:12	10.84	--	176	190784	卖盘
10:31:09	10.84	-0.01	15	16260	卖盘
10:31:06	10.85	0.01	143	155155	买盘
10:31:00	10.84	-0.01	39	42276	卖盘
10:30:57	10.85	0.01	15	16275	买盘
10:30:54	10.84	--	38	41192	卖盘
10:30:48	10.84	-0.01	13	14092	卖盘
10:30:42	10.85	--	25	27125	买盘
10:30:39	10.85	--	3	3255	买盘
10:30:30	10.85	--	7	7595	买盘
10:30:27	10.85	--	715	775775	卖盘
10:30:24	10.85	--	3	3255	卖盘
10:30:21	10.85	-0.01	10	10850	卖盘
10:30:12	10.86	0.01	22	23892	买盘
10:30:09	10.85	--	148	160580	卖盘
10:30:03	10.85	--	23	24955	卖盘
10:30:00	10.85	--	12	13020	卖盘
10:29:57	10.85	--	3	3255	卖盘
10:29:54	10.85	-0.01	110	119350	卖盘
10:29:45	10.86	0.01	18	19548	买盘
10:29:36	10.85	--	10	10850	卖盘
10:29:27	10.85	--	21	22785	卖盘
10:29:12	10.85	-0.01	50	54250	卖盘
10:29:06	10.86	--	12	13032	买盘
10:29:03	10.86	-0.01	4	4344	卖盘
10:29:00	10.87	--	93	101091	买盘
10:28:57	10.87	0.01	19	20653	买盘
10:28:54	10.86	--	54	59273	卖盘
10:28:51	10.86	--	3	3258	卖盘
10:28:48	10.86	-0.01	3	3258	卖盘
10:28:36	10.87	0.01	71	77177	买盘
10:28:24	10.86	-0.01	13	14118	卖盘
10:28:21	10.87	0.01	50	54349	买盘
10:28:15	10.86	--	75	81906	买盘
10:28:12	10.86	--	2	2172	买盘
10:28:06	10.86	--	16	17376	买盘
10:28:03	10.86	--	1	1086	买盘
10:28:00	10.86	--	125	136379	卖盘
10:27:48	10.86	-0.02	14	15204	卖盘
10:27:45	10.88	0.02	39	42432	买盘
10:27:36	10.86	-0.01	100	108600	卖盘
10:27:33	10.87	--	15	16304	卖盘
10:27:27	10.87	--	62	67850	买盘
10:27:09	10.87	0.01	50	54349	买盘
10:27:06	10.86	--	30	32580	卖盘
10:26:54	10.86	--	56	60816	卖盘
10:26:45	10.86	-0.01	3	3258	卖盘
10:26:39	10.87	0.01	1	1087	买盘
10:26:36	10.86	-0.01	2	2172	卖盘
10:26:30	10.87	--	60	65219	买盘
10:26:27	10.87	0.01	100	108699	买盘
10:26:24	10.86	-0.01	23	24978	卖盘
10:26:18	10.87	0.01	34	36958	买盘
10:26:15	10.86	-0.01	48	52128	卖盘
10:26:09	10.87	0.01	50	54349	买盘
10:26:06	10.86	--	7	7602	卖盘
10:26:00	10.86	--	173	187878	卖盘
10:25:51	10.86	-0.01	79	85794	卖盘
10:25:45	10.87	--	30	32609	买盘
10:25:42	10.87	0.01	10	10870	买盘
10:25:39	10.86	-0.01	5	5430	卖盘
10:25:36	10.87	--	5	5435	买盘
10:25:27	10.87	--	10	10870	买盘
10:25:24	10.87	--	10	10870	买盘
10:25:21	10.87	0.01	5	5435	买盘
10:25:18	10.86	-0.01	30	32580	卖盘
10:25:15	10.87	--	82	89134	买盘
10:25:12	10.87	--	19	20653	买盘
10:25:09	10.87	0.01	69	75003	买盘
10:25:06	10.86	--	10	10860	卖盘
10:25:03	10.86	-0.01	74	80364	卖盘
10:24:51	10.87	0.01	2	2174	买盘
10:24:48	10.86	-0.01	9	9774	卖盘
10:24:45	10.87	--	3	3260	买盘
10:24:42	10.87	--	5	5435	买盘
10:24:36	10.87	-0.01	19	21283	卖盘
10:24:30	10.88	--	6	6528	买盘
10:24:27	10.88	--	23	25024	买盘
10:24:21	10.88	0.01	5	5440	买盘
10:24:15	10.87	--	15	16304	卖盘
10:24:12	10.87	--	24	26087	卖盘
10:24:09	10.87	--	20	21740	卖盘
10:24:06	10.87	-0.01	15	16304	卖盘
10:24:03	10.88	--	1	1088	买盘
10:23:48	10.88	--	5	5440	买盘
10:23:45	10.88	0.01	10	10880	买盘
10:23:42	10.87	--	7	8065	买盘
10:23:39	10.87	--	82	89764	卖盘
10:23:36	10.87	--	9	9783	卖盘
10:23:33	10.87	-0.01	17	18479	卖盘
10:23:30	10.88	0.01	5	5440	买盘
10:23:27	10.87	--	102	110873	卖盘
10:23:24	10.87	-0.01	517	561979	卖盘
10:23:21	10.88	--	2	2176	买盘
10:23:18	10.88	--	10	10880	买盘
10:23:15	10.88	0.01	5	5440	买盘
10:23:12	10.87	--	160	173920	卖盘
10:23:09	10.87	-0.01	10	10870	卖盘
10:23:06	10.88	--	23	25024	买盘
10:23:03	10.88	0.01	28	30464	买盘
10:23:00	10.87	-0.01	23	25001	卖盘
10:22:51	10.88	--	21	22848	买盘
10:22:48	10.88	--	14	15232	买盘
10:22:45	10.88	--	1	1088	买盘
10:22:42	10.88	--	12	13056	买盘
10:22:33	10.88	--	12	13056	买盘
10:22:30	10.88	--	24	26112	卖盘
10:22:21	10.88	--	56	60928	买盘
10:22:18	10.88	--	44	47872	卖盘
10:22:15	10.88	0.01	20	21760	中性盘
10:21:54	10.87	-0.01	8	8696	卖盘
10:21:48	10.88	0.01	19	21128	买盘
10:21:39	10.87	--	6	6521	卖盘
10:21:36	10.87	--	3	3260	卖盘
10:21:27	10.87	--	3	3260	卖盘
10:21:15	10.87	-0.01	49	53262	卖盘
10:21:06	10.88	--	0	631	卖盘
10:21:03	10.88	--	273	297480	买盘
10:20:54	10.88	0.01	7	7616	买盘
10:20:48	10.87	-0.01	20	21740	卖盘
10:20:45	10.88	0.01	21	22848	买盘
10:20:36	10.87	-0.01	10	10870	卖盘
10:20:27	10.88	0.01	4	4352	买盘
10:20:24	10.87	-0.01	12	13043	卖盘
10:20:09	10.88	--	42	45696	买盘
10:20:03	10.88	--	20	21760	买盘
10:19:57	10.88	--	1	1088	买盘
10:19:54	10.88	--	46	50048	买盘
10:19:51	10.88	--	46	50048	买盘
10:19:48	10.88	--	40	43520	卖盘
10:19:36	10.88	--	2	2176	卖盘
10:19:33	10.88	--	8	8704	卖盘
10:19:27	10.88	--	4	4352	卖盘
10:19:24	10.88	--	17	18496	买盘
10:19:15	10.88	--	10	10880	买盘
10:19:06	10.88	0.01	37	40256	买盘
10:19:00	10.87	--	51	55436	卖盘
10:18:57	10.87	--	9	9783	卖盘
10:18:54	10.87	0.01	22	23914	买盘
10:18:45	10.86	-0.02	33	35838	卖盘
10:18:42	10.88	0.02	10	10880	买盘
10:18:39	10.86	-0.01	400	434400	卖盘
10:18:36	10.87	0.01	24	26087	中性盘
10:18:30	10.86	-0.01	234	254124	卖盘
10:18:24	10.87	0.01	10	10870	买盘
10:18:21	10.86	--	319	346434	卖盘
10:18:18	10.86	-0.01	10	10860	卖盘
10:18:15	10.87	--	52	56523	买盘
10:18:12	10.87	0.01	9	9783	买盘
10:18:09	10.86	--	10	10860	卖盘
10:18:00	10.86	--	50	54300	买盘
10:17:57	10.86	--	6	6516	买盘
10:17:54	10.86	--	8	8688	买盘
10:17:51	10.86	0.01	50	54300	买盘
10:17:48	10.85	--	23	24955	卖盘
10:17:42	10.85	--	9	9765	卖盘
10:17:39	10.85	--	4	4340	卖盘
10:17:21	10.85	-0.01	119	129115	卖盘
10:17:18	10.86	--	5	5430	卖盘
10:17:06	10.86	--	93	100998	买盘
10:17:03	10.86	0.01	50	54300	买盘
10:17:00	10.85	--	5	5425	卖盘
10:16:54	10.85	-0.01	1	1085	卖盘
10:16:51	10.86	0.01	1	1086	买盘
10:16:48	10.85	--	49	53165	卖盘
10:16:45	10.85	-0.01	2	2170	卖盘
10:16:30	10.86	0.01	10	10860	买盘
10:16:27	10.85	--	136	147560	卖盘
10:16:18	10.85	-0.01	20	21700	卖盘
10:16:15	10.86	0.01	1	1086	买盘
10:16:12	10.85	--	143	155155	卖盘
10:15:54	10.85	-0.01	1	1085	卖盘
10:15:51	10.86	0.01	17	18462	买盘
10:15:48	10.85	--	15	16275	卖盘
10:15:45	10.85	--	10	10850	卖盘
10:15:39	10.85	-0.01	10	10850	卖盘
10:15:36	10.86	--	7	7602	买盘
10:15:33	10.86	0.01	5	5430	买盘
10:15:27	10.85	-0.01	17	18445	卖盘
10:15:18	10.86	--	5	5430	买盘
10:15:15	10.86	0.01	14	15204	买盘
10:15:12	10.85	--	50	54250	卖盘
10:15:09	10.85	--	19	20615	卖盘
10:15:06	10.85	-0.01	10	10850	卖盘
10:15:03	10.86	--	7	7602	买盘
10:14:51	10.86	-0.01	25	27150	买盘
10:14:45	10.87	0.02	50	54349	买盘
10:14:39	10.85	--	11	11935	卖盘
10:14:33	10.85	-0.01	181	196385	卖盘
10:14:18	10.86	0.01	57	61902	买盘
10:14:09	10.85	-0.01	10	10850	卖盘
10:13:54	10.86	--	11	11946	买盘
10:13:51	10.86	0.01	15	16290	买盘
10:13:45	10.85	-0.01	96	104160	卖盘
10:13:39	10.86	--	312	338832	卖盘
10:13:33	10.86	--	10	10860	卖盘
10:13:27	10.86	--	10	10860	卖盘
10:13:21	10.86	--	18	19548	买盘
10:13:18	10.86	--	13	14118	卖盘
10:13:15	10.86	--	6	6516	卖盘
10:13:00	10.86	--	20	21720	卖盘
10:12:57	10.86	0.01	5	5430	买盘
10:12:54	10.85	-0.01	10	10850	卖盘
10:12:51	10.86	0.01	46	49956	买盘
10:12:48	10.85	-0.01	42	45570	卖盘
10:12:45	10.86	--	19	20634	买盘
10:12:39	10.86	--	14	15204	买盘
10:12:33	10.86	--	5	5430	买盘
10:12:24	10.86	--	5	5430	买盘
10:12:15	10.86	0.01	17	18462	买盘
10:12:09	10.85	-0.01	59	64015	卖盘
10:12:03	10.86	--	57	61902	买盘
10:12:00	10.86	--	11	11946	买盘
10:11:57	10.86	--	9	9774	买盘
10:11:54	10.86	--	72	78192	买盘
10:11:48	10.86	--	35	38010	买盘
10:11:45	10.86	--	35	38010	买盘
10:11:39	10.86	--	132	143352	卖盘
10:11:36	10.86	--	87	94482	卖盘
10:11:33	10.86	--	20	21720	买盘
10:11:30	10.86	--	5	5430	买盘
10:11:27	10.86	--	7	7602	买盘
10:11:21	10.86	--	51	55386	买盘
10:11:18	10.86	--	18	19548	买盘
10:11:12	10.86	--	10	10860	买盘
10:11:06	10.86	--	3	3258	买盘
10:11:03	10.86	--	9	9774	买盘
10:10:57	10.86	0.01	10	10860	买盘
10:10:51	10.85	-0.01	1	1085	卖盘
10:10:42	10.86	--	30	32580	买盘
10:10:39	10.86	0.01	10	10860	买盘
10:10:36	10.85	--	30	32550	卖盘
10:10:30	10.85	-0.01	5	5425	卖盘
10:10:27	10.86	0.01	11	11946	买盘
10:10:24	10.85	--	26	28210	卖盘
10:10:21	10.85	-0.01	31	33635	卖盘
10:10:18	10.86	0.01	7	7602	买盘
10:10:12	10.85	-0.01	12	13020	卖盘
10:10:09	10.86	0.01	84	91224	买盘
10:10:00	10.85	--	6	6510	卖盘
10:09:54	10.85	--	5	5425	卖盘
10:09:48	10.85	--	16	17360	卖盘
10:09:42	10.85	--	1	1085	卖盘
10:09:39	10.85	-0.01	82	88970	买盘
10:09:33	10.86	0.01	1	1086	买盘
10:09:30	10.85	--	106	115010	卖盘
10:09:24	10.85	--	114	123690	卖盘
10:09:21	10.85	--	20	21700	卖盘
10:09:18	10.85	--	30	32550	卖盘
10:09:12	10.85	--	47	50995	卖盘
10:09:06	10.85	--	10	10850	卖盘
10:09:03	10.85	--	29	31465	卖盘
10:08:51	10.85	-0.01	5	5425	卖盘
10:08:48	10.86	--	112	121632	买盘
10:08:36	10.86	0.01	31	33666	买盘
10:08:33	10.85	-0.01	57	61845	卖盘
10:08:30	10.86	--	10	10860	卖盘
10:08:27	10.86	--	51	55386	卖盘
10:08:21	10.86	--	15	16290	买盘
10:08:15	10.86	--	10	10860	买盘
10:08:09	10.86	--	1	1086	卖盘
10:08:03	10.86	--	33	35838	卖盘
10:08:00	10.86	--	28	30408	卖盘
10:07:57	10.86	--	10	10860	卖盘
10:07:54	10.86	--	91	98826	卖盘
10:07:45	10.86	-0.01	15	16290	卖盘
10:07:42	10.87	--	10	10870	买盘
10:07:39	10.87	0.01	10	10870	买盘
10:07:36	10.86	--	33	35838	卖盘
10:07:33	10.86	-0.01	1	1086	卖盘
10:07:30	10.87	0.01	10	10870	买盘
10:07:24	10.86	--	10	10860	卖盘
10:07:21	10.86	-0.01	10	10860	卖盘
10:07:18	10.87	0.01	20	21740	买盘
10:07:12	10.86	--	16	17376	卖盘
10:07:09	10.86	--	9	9774	卖盘
10:07:03	10.86	-0.01	11	11946	卖盘
10:07:00	10.87	0.01	68	73916	买盘
10:06:51	10.86	--	28	30408	卖盘
10:06:48	10.86	-0.01	25	27150	卖盘
10:06:45	10.87	0.01	2	2174	买盘
10:06:42	10.86	-0.01	100	108600	卖盘
10:06:39	10.87	--	24	26087	卖盘
10:06:36	10.87	-0.01	3	3260	卖盘
10:06:33	10.88	0.01	39	42432	买盘
10:06:24	10.87	--	4	4348	买盘
10:06:18	10.87	--	6	6521	卖盘
10:06:12	10.87	--	12	13043	卖盘
10:06:09	10.87	--	10	10870	卖盘
10:06:00	10.87	-0.01	2	2174	中性盘
10:05:54	10.88	0.02	43	46784	买盘
10:05:48	10.86	-0.02	25	27150	卖盘
10:05:42	10.88	0.02	5	5440	买盘
10:05:33	10.86	-0.02	10	10860	卖盘
10:05:27	10.88	0.01	154	167552	买盘
10:05:24	10.87	-0.01	5	5435	中性盘
10:05:18	10.88	--	1	1088	买盘
10:05:15	10.88	0.01	20	21760	买盘
10:05:12	10.87	-0.01	118	128265	卖盘
10:05:06	10.88	--	2	2176	买盘
10:05:00	10.88	0.01	40	43520	买盘
10:04:57	10.87	--	145	157615	卖盘
10:04:54	10.87	--	169	183703	卖盘
10:04:51	10.87	--	13	14130	卖盘
10:04:48	10.87	-0.01	11	11957	卖盘
10:04:45	10.88	0.01	9	9792	买盘
10:04:42	10.87	--	20	21740	卖盘
10:04:33	10.87	-0.02	15	16304	卖盘
10:04:30	10.89	0.02	62	67518	买盘
10:04:24	10.87	-0.01	11	11957	卖盘
10:04:21	10.88	--	12	13056	买盘
10:04:15	10.88	-0.01	114	124663	卖盘
10:04:12	10.89	0.01	15	16335	买盘
10:04:06	10.88	-0.01	26	28744	卖盘
10:04:00	10.89	-0.01	5	5445	卖盘
10:03:54	10.9	0.02	20	21800	中性盘
10:03:39	10.88	-0.03	76	82688	卖盘
10:03:33	10.91	--	47	51277	买盘
10:03:27	10.91	0.01	100	109100	买盘
10:03:24	10.9	--	50	54500	买盘
10:03:21	10.9	0.02	10	10900	买盘
10:03:18	10.88	-0.02	6	6528	卖盘
10:03:15	10.9	--	3	3270	买盘
10:03:12	10.9	--	10	10900	买盘
10:03:06	10.9	0.02	188	204920	买盘
10:03:03	10.88	-0.02	9	9792	卖盘
10:02:48	10.9	0.02	106	115540	买盘
10:02:42	10.88	0.01	19	20672	买盘
10:02:39	10.87	-0.03	3	3260	卖盘
10:02:33	10.9	0.02	14	15260	买盘
10:02:30	10.88	--	5	5440	买盘
10:02:24	10.88	--	12	13056	卖盘
10:02:12	10.88	0.01	8	8704	买盘
10:02:03	10.87	-0.01	50	54349	卖盘
10:01:57	10.88	0.01	2	2176	买盘
10:01:54	10.87	--	35	38045	买盘
10:01:48	10.87	--	46	50002	买盘
10:01:30	10.87	0.01	27	29348	买盘
10:01:27	10.86	0.01	5	5430	买盘
10:01:21	10.85	-0.01	8	8680	卖盘
10:01:18	10.86	0.01	31	33666	买盘
10:01:15	10.85	--	5	5425	卖盘
10:01:09	10.85	--	90	97650	卖盘
10:01:06	10.85	--	1	1085	卖盘
10:01:03	10.85	--	10	10850	卖盘
10:00:57	10.85	--	23	24955	买盘
10:00:54	10.85	0.01	49	53165	买盘
10:00:51	10.84	--	71	76964	卖盘
10:00:48	10.84	-0.01	35	37940	卖盘
10:00:42	10.85	--	34	36890	买盘
10:00:39	10.85	0.01	61	66185	买盘
10:00:36	10.84	--	90	97560	卖盘
10:00:33	10.84	--	1	1084	卖盘
10:00:30	10.84	--	52	56368	卖盘
10:00:15	10.84	--	40	43360	卖盘
10:00:12	10.84	0.01	51	55284	买盘
10:00:09	10.83	-0.01	27	29241	卖盘
10:00:06	10.84	--	61	66124	买盘
10:00:03	10.84	0.01	33	35772	买盘
10:00:00	10.83	-0.01	22	23826	卖盘
09:59:57	10.84	--	58	62872	买盘
09:59:54	10.84	--	26	28184	买盘
09:59:51	10.84	--	110	119240	买盘
09:59:48	10.84	--	11	11924	买盘
09:59:45	10.84	--	80	86720	买盘
09:59:42	10.84	-0.01	308	333872	卖盘
09:59:36	10.85	0.01	30	32550	买盘
09:59:33	10.84	--	6	6504	卖盘
09:59:30	10.84	--	10	10840	卖盘
09:59:27	10.84	--	7	7588	卖盘
09:59:24	10.84	-0.01	35	37940	卖盘
09:59:18	10.85	--	70	75950	买盘
09:59:15	10.85	0.01	55	59675	买盘
09:59:12	10.84	--	25	27100	卖盘
09:59:09	10.84	-0.01	51	55284	卖盘
09:59:06	10.85	0.01	10	10850	买盘
09:59:03	10.84	-0.01	119	128996	卖盘
09:59:00	10.85	--	14	15190	买盘
09:58:54	10.85	--	3	3255	买盘
09:58:48	10.85	--	5	5425	买盘
09:58:42	10.85	--	30	32550	买盘
09:58:36	10.85	-0.01	57	61845	卖盘
09:58:33	10.86	0.02	25	27150	买盘
09:58:30	10.84	--	13	14092	卖盘
09:58:24	10.84	--	60	65040	卖盘
09:58:21	10.84	-0.01	39	42276	卖盘
09:58:18	10.85	0.01	10	10850	中性盘
09:58:12	10.84	0.01	20	21680	卖盘
09:58:09	10.83	-0.01	60	64980	卖盘
09:58:06	10.84	-0.01	1492	1617328	卖盘
09:58:03	10.85	0.01	7	7595	买盘
09:58:00	10.84	--	30	32520	卖盘
09:57:57	10.84	--	40	43360	卖盘
09:57:54	10.84	--	55	59620	卖盘
09:57:45	10.84	-0.01	193	209212	卖盘
09:57:42	10.85	0.01	5	5425	买盘
09:57:39	10.84	-0.01	50	54200	卖盘
09:57:36	10.85	0.01	43	46655	买盘
09:57:33	10.84	-0.01	49	53116	卖盘
09:57:27	10.85	--	31	33635	买盘
09:57:24	10.85	--	2	2170	买盘
09:57:21	10.85	--	10	10850	买盘
09:57:18	10.85	-0.01	825	895125	卖盘
09:57:15	10.86	0.01	39	42354	买盘
09:57:12	10.85	--	81	87885	卖盘
09:57:09	10.85	--	149	161665	卖盘
09:57:06	10.85	-0.01	15	16275	卖盘
09:57:03	10.86	--	30	32580	买盘
09:57:00	10.86	--	20	21720	买盘
09:56:51	10.86	--	1	1086	买盘
09:56:48	10.86	--	83	90138	卖盘
09:56:45	10.86	--	2	2172	卖盘
09:56:42	10.86	--	2	2172	卖盘
09:56:39	10.86	--	31	33666	卖盘
09:56:24	10.86	--	89	96654	卖盘
09:56:21	10.86	--	32	34752	卖盘
09:56:15	10.86	--	31	33666	卖盘
09:56:06	10.86	--	17	18462	卖盘
09:56:03	10.86	--	75	81450	卖盘
09:56:00	10.86	-0.01	40	43440	卖盘
09:55:57	10.87	0.01	20	21740	买盘
09:55:54	10.86	--	10	10860	卖盘
09:55:45	10.86	--	20	21720	卖盘
09:55:39	10.86	-0.01	20	21720	卖盘
09:55:36	10.87	0.02	5	5435	买盘
09:55:33	10.85	--	50	54250	卖盘
09:55:24	10.85	-0.01	84	91140	卖盘
09:55:18	10.86	--	89	96654	买盘
09:55:15	10.86	--	10	10860	买盘
09:55:12	10.86	0.01	13	14118	买盘
09:55:09	10.85	-0.01	45	48825	卖盘
09:55:06	10.86	--	58	62988	买盘
09:55:00	10.86	--	5	5430	买盘
09:54:57	10.86	0.01	35	38010	买盘
09:54:54	10.85	-0.01	132	143220	卖盘
09:54:51	10.86	--	50	54300	买盘
09:54:48	10.86	0.01	44	47784	买盘
09:54:45	10.85	-0.01	61	66185	卖盘
09:54:42	10.86	--	28	30408	买盘
09:54:36	10.86	--	20	21720	买盘
09:54:33	10.86	--	53	57558	买盘
09:54:30	10.86	--	25	27150	买盘
09:54:27	10.86	0.01	107	116202	买盘
09:54:21	10.85	-0.01	5	5425	卖盘
09:54:18	10.86	--	4	4344	买盘
09:54:15	10.86	--	46	49956	买盘
09:54:09	10.86	0.01	105	114030	买盘
09:54:06	10.85	-0.01	2	2170	卖盘
09:54:03	10.86	--	20	21720	买盘
09:54:00	10.86	--	31	33666	买盘
09:53:57	10.86	--	18	19548	买盘
09:53:54	10.86	--	60	65160	买盘
09:53:51	10.86	--	10	10860	买盘
09:53:48	10.86	--	85	92310	买盘
09:53:45	10.86	--	429	465894	卖盘
09:53:42	10.86	-0.01	323	350778	卖盘
09:53:39	10.87	--	141	153267	买盘
09:53:36	10.87	--	6	6521	买盘
09:53:33	10.87	--	12	13043	买盘
09:53:30	10.87	0.01	15	16304	买盘
09:53:24	10.86	-0.01	10	10860	卖盘
09:53:21	10.87	0.01	20	21740	买盘
09:53:18	10.86	--	21	22806	卖盘
09:53:15	10.86	--	2	2172	卖盘
09:53:09	10.86	--	32	34752	买盘
09:53:06	10.86	--	11	11946	买盘
09:53:03	10.86	--	59	64074	买盘
09:53:00	10.86	--	3	3258	买盘
09:52:57	10.86	--	10	10860	买盘
09:52:51	10.86	-0.01	68	73848	卖盘
09:52:48	10.87	0.01	9	9783	买盘
09:52:45	10.86	-0.01	18	19548	卖盘
09:52:42	10.87	0.01	27	29348	买盘
09:52:39	10.86	-0.01	273	296478	卖盘
09:52:36	10.87	--	25	27174	买盘
09:52:33	10.87	--	103	111960	卖盘
09:52:30	10.87	--	1	1087	卖盘
09:52:27	10.87	-0.01	23	25001	卖盘
09:52:24	10.88	0.01	103	112064	买盘
09:52:21	10.87	--	25	27174	卖盘
09:52:18	10.87	--	4	4348	卖盘
09:52:15	10.87	--	14	15217	卖盘
09:52:09	10.87	-0.01	25	27174	卖盘
09:52:06	10.88	--	18	19584	买盘
09:52:03	10.88	--	39	42432	买盘
09:52:00	10.88	-0.02	1814	1973632	卖盘
09:51:51	10.9	-0.01	701	764090	卖盘
09:51:45	10.91	--	1	1091	卖盘
09:51:42	10.91	0.01	1	1091	买盘
09:51:36	10.9	--	9	9810	卖盘
09:51:24	10.9	--	30	32700	卖盘
09:51:21	10.9	-0.01	3	3270	卖盘
09:51:18	10.91	0.01	5	5455	买盘
09:51:15	10.9	-0.01	24	26160	卖盘
09:51:12	10.91	--	54	58914	卖盘
09:51:09	10.91	-0.01	16	17456	中性盘
09:51:06	10.92	0.01	16	17472	买盘
09:51:03	10.91	--	8	8728	买盘
09:50:57	10.91	--	91	99281	卖盘
09:50:54	10.91	--	23	25093	卖盘
09:50:51	10.91	--	32	34912	卖盘
09:50:39	10.91	--	5	5455	卖盘
09:50:33	10.91	--	100	109100	卖盘
09:50:30	10.91	--	10	10910	卖盘
09:50:27	10.91	--	4	4364	卖盘
09:50:24	10.91	--	5	5455	卖盘
09:50:21	10.91	--	11	12001	卖盘
09:50:18	10.91	--	32	34912	卖盘
09:50:15	10.91	--	31	33821	卖盘
09:50:12	10.91	--	44	48004	卖盘
09:50:06	10.91	--	33	36003	卖盘
09:49:57	10.91	-0.01	1	1091	卖盘
09:49:54	10.92	--	26	28392	卖盘
09:49:51	10.92	-0.01	2	2184	卖盘
09:49:42	10.93	0.01	37	40441	买盘
09:49:39	10.92	-0.01	36	39312	卖盘
09:49:33	10.93	--	144	157392	买盘
09:49:18	10.93	0.01	41	44813	买盘
09:49:12	10.92	-0.01	347	378924	卖盘
09:49:09	10.93	--	2	2186	卖盘
09:49:03	10.93	--	5	5465	卖盘
09:49:00	10.93	--	6	6558	卖盘
09:48:57	10.93	0.02	1	1093	中性盘
09:48:54	10.91	--	42	45822	卖盘
09:48:48	10.91	-0.03	21	22911	卖盘
09:48:45	10.94	0.01	10	10940	买盘
09:48:42	10.93	0.02	6	6558	买盘
09:48:39	10.91	-0.02	25	27275	卖盘
09:48:36	10.93	--	6	6558	卖盘
09:48:33	10.93	--	10	10930	卖盘
09:48:30	10.93	--	5	5465	卖盘
09:48:27	10.93	--	8	8744	卖盘
09:48:24	10.93	--	15	16395	买盘
09:48:21	10.93	0.02	20	21860	买盘
09:48:15	10.91	-0.02	3	3273	卖盘
09:48:12	10.93	--	10	10930	买盘
09:48:09	10.93	--	10	10930	买盘
09:48:03	10.93	--	5	5465	买盘
09:48:00	10.93	-0.02	239	261227	卖盘
09:47:57	10.95	--	132	144540	买盘
09:47:54	10.95	0.01	115	125924	买盘
09:47:51	10.94	-0.01	48	52512	卖盘
09:47:45	10.95	--	2	2190	买盘
09:47:39	10.95	--	12	13140	买盘
09:47:33	10.95	--	9	9855	买盘
09:47:30	10.95	-0.01	77	84315	卖盘
09:47:27	10.96	--	31	33976	买盘
09:47:24	10.96	0.01	67	73432	买盘
09:47:21	10.95	--	30	32850	卖盘
09:47:18	10.95	-0.01	103	112784	卖盘
09:47:15	10.96	--	331	362776	买盘
09:47:12	10.96	-0.01	9	9864	卖盘
09:47:09	10.97	--	34	37298	买盘
09:47:06	10.97	0.01	164	179908	买盘
09:47:03	10.96	--	49	53704	卖盘
09:47:00	10.96	--	117	128232	卖盘
09:46:57	10.96	-0.01	60	65760	卖盘
09:46:54	10.97	0.01	19	20843	买盘
09:46:48	10.96	--	36	39456	卖盘
09:46:45	10.96	--	19	20824	卖盘
09:46:42	10.96	--	115	126040	买盘
09:46:39	10.96	0.01	53	58088	买盘
09:46:33	10.95	--	84	91980	卖盘
09:46:30	10.95	--	40	43800	卖盘
09:46:27	10.95	-0.01	77	84315	卖盘
09:46:24	10.96	0.01	15	16440	买盘
09:46:21	10.95	--	30	32850	卖盘
09:46:18	10.95	--	37	40515	卖盘
09:46:15	10.95	-0.01	5	5475	卖盘
09:46:12	10.96	0.01	43	47128	买盘
09:46:09	10.95	--	812	889140	买盘
09:46:06	10.95	--	7	7664	卖盘
09:46:00	10.95	--	20	21900	卖盘
09:45:57	10.95	--	23	25185	卖盘
09:45:54	10.95	--	25	27375	买盘
09:45:51	10.95	0.01	716	784020	买盘
09:45:48	10.94	--	16	17504	卖盘
09:45:42	10.94	0.01	104	113776	买盘
09:45:39	10.93	--	3	3279	卖盘
09:45:27	10.93	--	62	67766	卖盘
09:45:24	10.93	--	70	76510	卖盘
09:45:21	10.93	--	101	110393	买盘
09:45:18	10.93	--	120	131160	买盘
09:45:15	10.93	0.01	20	21860	买盘
09:45:12	10.92	--	56	61152	卖盘
09:45:09	10.92	--	2	2184	卖盘
09:45:06	10.92	0.01	12	13104	卖盘
09:45:03	10.91	-0.01	26	28366	卖盘
09:44:57	10.92	--	22	24024	买盘
09:44:54	10.92	--	14	15288	买盘
09:44:51	10.92	-0.01	2	2184	中性盘
09:44:45	10.93	0.02	5	5465	买盘
09:44:42	10.91	-0.02	100	109100	卖盘
09:44:30	10.93	0.02	4	4372	买盘
09:44:27	10.91	--	25	27275	卖盘
09:44:24	10.91	-0.02	19	20729	卖盘
09:44:18	10.93	0.03	75	81975	买盘
09:44:09	10.9	-0.03	533	580970	卖盘
09:44:06	10.93	--	21	22953	卖盘
09:44:03	10.93	--	65	71045	卖盘
09:44:00	10.93	--	31	33883	卖盘
09:43:57	10.93	-0.01	116	126788	卖盘
09:43:54	10.94	0.01	13	14222	买盘
09:43:51	10.93	--	230	251390	卖盘
09:43:48	10.93	--	6	6558	卖盘
09:43:45	10.93	--	3	3279	卖盘
09:43:42	10.93	--	260	284180	买盘
09:43:36	10.93	--	5	5465	买盘
09:43:33	10.93	--	35	38255	卖盘
09:43:30	10.93	-0.01	2	2186	卖盘
09:43:27	10.94	0.01	75	82050	买盘
09:43:24	10.93	--	24	26232	买盘
09:43:21	10.93	--	2	2186	买盘
09:43:18	10.93	-0.01	272	297296	卖盘
09:43:15	10.94	--	259	283346	买盘
09:43:12	10.94	--	7	7658	买盘
09:43:09	10.94	--	12	13128	买盘
09:43:06	10.94	-0.01	111	121434	买盘
09:43:03	10.95	0.01	88	96360	买盘
09:43:00	10.94	-0.01	10	10940	卖盘
09:42:57	10.95	--	27	29564	买盘
09:42:54	10.95	--	348	381060	卖盘
09:42:51	10.95	-0.01	5	5475	卖盘
09:42:48	10.96	--	20	21920	买盘
09:42:45	10.96	0.01	112	122752	买盘
09:42:42	10.95	--	5	5475	卖盘
09:42:39	10.95	--	2	2190	卖盘
09:42:36	10.95	--	100	109500	卖盘
09:42:33	10.95	--	200	219000	买盘
09:42:30	10.95	--	91	99645	买盘
09:42:27	10.95	0.02	100	109500	买盘
09:42:24	10.93	-0.02	15	16395	卖盘
09:42:21	10.95	0.02	25	27375	卖盘
09:42:18	10.93	-0.02	116	126788	卖盘
09:42:12	10.95	--	131	143445	买盘
09:42:06	10.95	0.02	20	21900	买盘
09:42:03	10.93	--	28	30604	卖盘
09:42:00	10.93	--	21	22953	卖盘
09:41:57	10.93	--	161	175973	买盘
09:41:54	10.93	--	17	18581	买盘
09:41:51	10.93	--	18	19674	买盘
09:41:48	10.93	--	154	168322	买盘
09:41:45	10.93	--	68	74324	买盘
09:41:39	10.93	0.02	125	136625	买盘
09:41:36	10.91	-0.02	8	8728	卖盘
09:41:30	10.93	0.01	162	177066	买盘
09:41:27	10.92	--	20	21840	买盘
09:41:24	10.92	--	40	43680	买盘
09:41:21	10.92	-0.01	99	108108	中性盘
09:41:18	10.93	--	338	369434	买盘
09:41:15	10.93	0.01	10	10930	买盘
09:41:12	10.92	--	138	150696	买盘
09:41:09	10.92	0.01	16	17472	买盘
09:41:06	10.91	-0.01	83	90553	卖盘
09:41:03	10.92	0.01	58	63336	买盘
09:41:00	10.91	--	6	6546	卖盘
09:40:57	10.91	--	18	19638	卖盘
09:40:51	10.91	0.01	200	218200	买盘
09:40:48	10.9	--	20	21800	卖盘
09:40:45	10.9	0.01	83	90470	买盘
09:40:39	10.89	--	18	19602	卖盘
09:40:30	10.89	0.01	21	22869	买盘
09:40:27	10.88	--	50	54400	卖盘
09:40:24	10.88	--	10	10880	卖盘
09:40:21	10.88	--	5	5440	买盘
09:40:18	10.88	--	67	72896	买盘
09:40:15	10.88	--	159	172992	买盘
09:40:12	10.88	0.01	9	9792	买盘
09:40:09	10.87	--	24	26087	卖盘
09:40:06	10.87	--	2	2174	卖盘
09:40:00	10.87	--	69	75003	买盘
09:39:57	10.87	--	33	35871	买盘
09:39:54	10.87	--	17	18479	买盘
09:39:51	10.87	--	12	13043	买盘
09:39:45	10.87	0.01	11	11957	买盘
09:39:42	10.86	--	103	111858	卖盘
09:39:36	10.86	0.01	136	147696	买盘
09:39:33	10.85	0.01	266	288610	买盘
09:39:30	10.84	-0.01	251	272084	卖盘
09:39:27	10.85	0.01	156	169260	买盘
09:39:24	10.84	-0.01	160	173440	卖盘
09:39:21	10.85	--	162	175770	买盘
09:39:18	10.85	--	29	31465	买盘
09:39:15	10.85	--	17	18445	买盘
09:39:12	10.85	0.01	35	37975	买盘
09:39:09	10.84	-0.01	27	29268	卖盘
09:39:06	10.85	--	88	95480	买盘
09:39:03	10.85	--	68	73780	买盘
09:39:00	10.85	0.01	13	14105	买盘
09:38:54	10.84	0.01	50	54200	卖盘
09:38:51	10.83	-0.01	100	108300	卖盘
09:38:48	10.84	--	79	85636	卖盘
09:38:45	10.84	0.01	96	104064	买盘
09:38:42	10.83	-0.01	75	81225	卖盘
09:38:39	10.84	--	112	121408	买盘
09:38:36	10.84	--	161	174524	买盘
09:38:33	10.84	--	92	99728	买盘
09:38:30	10.84	--	19	20596	买盘
09:38:27	10.84	--	65	70460	买盘
09:38:24	10.84	--	61	66124	买盘
09:38:21	10.84	0.01	100	108400	买盘
09:38:18	10.83	--	66	71478	卖盘
09:38:12	10.83	--	64	69312	卖盘
09:38:09	10.83	-0.01	29	31407	卖盘
09:38:06	10.84	0.01	20	21680	买盘
09:38:00	10.83	-0.01	89	96430	卖盘
09:37:57	10.84	0.01	3	3252	买盘
09:37:54	10.83	--	620	671460	卖盘
09:37:51	10.83	--	23	24909	卖盘
09:37:48	10.83	--	23	24909	卖盘
09:37:45	10.83	--	168	181944	卖盘
09:37:39	10.83	-0.01	17	18411	卖盘
09:37:36	10.84	0.01	21	22764	买盘
09:37:33	10.83	--	65	70395	卖盘
09:37:30	10.83	--	48	51984	卖盘
09:37:27	10.83	--	56	60648	卖盘
09:37:24	10.83	-0.01	61	66063	卖盘
09:37:21	10.84	0.01	126	136584	买盘
09:37:18	10.83	--	10	10830	卖盘
09:37:15	10.83	--	125	135375	卖盘
09:37:12	10.83	-0.01	13	14079	卖盘
09:37:09	10.84	--	10	10840	买盘
09:37:06	10.84	--	15	16260	买盘
09:37:03	10.84	-0.01	42	45528	中性盘
09:37:00	10.85	0.02	18	19530	买盘
09:36:57	10.83	-0.02	505	546915	卖盘
09:36:54	10.85	--	88	95480	买盘
09:36:51	10.85	0.01	43	46655	买盘
09:36:48	10.84	-0.01	62	67208	卖盘
09:36:42	10.85	0.01	35	37975	买盘
09:36:39	10.84	-0.01	56	60704	卖盘
09:36:36	10.85	0.01	5	5425	买盘
09:36:33	10.84	-0.01	12	13008	卖盘
09:36:30	10.85	0.01	20	21700	买盘
09:36:27	10.84	--	30	32520	卖盘
09:36:24	10.84	-0.01	11	11924	卖盘
09:36:21	10.85	0.02	14	15190	买盘
09:36:15	10.83	-0.01	112	121296	卖盘
09:36:12	10.84	--	4	4336	买盘
09:36:09	10.84	0.01	13	14092	买盘
09:36:06	10.83	-0.01	249	269667	卖盘
09:36:03	10.84	0.01	9	9756	买盘
09:36:00	10.83	--	10	10830	卖盘
09:35:57	10.83	--	18	19494	卖盘
09:35:54	10.83	0.01	125	135375	买盘
09:35:51	10.82	-0.01	388	419816	卖盘
09:35:48	10.83	0.01	81	88502	买盘
09:35:45	10.82	--	150	162300	卖盘
09:35:42	10.82	0.01	164	177448	卖盘
09:35:39	10.81	-0.02	22	23782	卖盘
09:35:36	10.83	0.01	38	41154	买盘
09:35:33	10.82	--	105	113610	买盘
09:35:30	10.82	--	31	33542	买盘
09:35:27	10.82	--	13	14066	买盘
09:35:24	10.82	--	1	1082	买盘
09:35:21	10.82	--	78	84396	卖盘
09:35:18	10.82	-0.01	61	66002	中性盘
09:35:15	10.83	0.02	193	209019	买盘
09:35:09	10.81	-0.02	405	437805	卖盘
09:35:06	10.83	0.02	127	137541	买盘
09:35:03	10.81	-0.02	95	102695	卖盘
09:35:00	10.83	--	100	108300	买盘
09:34:57	10.83	0.01	357	386631	买盘
09:34:54	10.82	-0.01	83	89806	卖盘
09:34:51	10.83	--	122	132126	买盘
09:34:48	10.83	--	2	2166	买盘
09:34:45	10.83	--	94	101802	买盘
09:34:42	10.83	--	184	199272	买盘
09:34:39	10.83	-0.02	868	940044	卖盘
09:34:36	10.85	--	55	59675	买盘
09:34:33	10.85	--	47	50995	买盘
09:34:30	10.85	-0.02	244	264740	卖盘
09:34:27	10.87	0.01	4	4348	买盘
09:34:24	10.86	0.01	1	1086	中性盘
09:34:21	10.85	-0.01	300	325500	卖盘
09:34:18	10.86	0.01	5	5430	中性盘
09:34:15	10.85	--	103	111755	卖盘
09:34:12	10.85	--	265	287525	卖盘
09:34:09	10.85	--	29	31465	卖盘
09:34:06	10.85	--	109	118265	买盘
09:34:03	10.85	--	56	60760	买盘
09:34:00	10.85	--	218	236530	买盘
09:33:57	10.85	--	62	67270	买盘
09:33:54	10.85	--	70	75950	买盘
09:33:51	10.85	--	32	34720	买盘
09:33:48	10.85	0.01	123	133455	买盘
09:33:45	10.84	-0.01	238	257992	卖盘
09:33:42	10.85	--	1	1085	卖盘
09:33:39	10.85	--	23	24955	卖盘
09:33:36	10.85	0.01	47	50995	买盘
09:33:33	10.84	-0.01	73	79132	卖盘
09:33:30	10.85	-0.01	6	6510	卖盘
09:33:27	10.86	0.01	104	112944	买盘
09:33:24	10.85	--	34	36890	卖盘
09:33:21	10.85	--	227	246295	卖盘
09:33:18	10.85	-0.01	28	30380	卖盘
09:33:15	10.86	0.01	3	3258	买盘
09:33:12	10.85	-0.01	130	141050	卖盘
09:33:09	10.86	--	23	24978	买盘
09:33:06	10.86	0.01	78	84708	买盘
09:33:03	10.85	-0.01	195	211575	卖盘
09:33:00	10.86	-0.01	393	426798	卖盘
09:32:57	10.87	-0.01	134	145658	卖盘
09:32:54	10.88	--	88	95744	买盘
09:32:51	10.88	--	28	30464	买盘
09:32:48	10.88	--	84	91392	买盘
09:32:45	10.88	0.01	180	195840	买盘
09:32:42	10.87	-0.01	88	95656	卖盘
09:32:39	10.88	--	77	83776	买盘
09:32:36	10.88	--	45	48960	买盘
09:32:33	10.88	--	9	9792	买盘
09:32:30	10.88	-0.01	299	325616	卖盘
09:32:24	10.89	--	957	1042173	卖盘
09:32:21	10.89	-0.01	30	32670	卖盘
09:32:18	10.9	0.01	122	133764	买盘
09:32:15	10.89	--	5	5445	卖盘
09:32:12	10.89	--	20	21780	卖盘
09:32:09	10.89	--	79	86031	买盘
09:32:06	10.89	--	45	49005	买盘
09:32:03	10.89	--	60	65340	买盘
09:32:00	10.89	--	2	2178	买盘
09:31:57	10.89	--	97	105633	买盘
09:31:54	10.89	--	112	121968	卖盘
09:31:51	10.89	-0.01	23	25047	卖盘
09:31:48	10.9	0.01	257	280130	买盘
09:31:39	10.89	--	27	29403	卖盘
09:31:36	10.89	--	70	76230	卖盘
09:31:33	10.89	-0.01	17	18513	卖盘
09:31:30	10.9	0.01	80	87200	买盘
09:31:27	10.89	-0.01	32	34848	卖盘
09:31:24	10.9	--	62	67580	买盘
09:31:21	10.9	0.01	12	13080	买盘
09:31:18	10.89	-0.01	288	313632	卖盘
09:31:15	10.9	--	100	109000	买盘
09:31:12	10.9	0.01	60	65400	买盘
09:31:06	10.89	-0.01	30	32670	卖盘
09:31:03	10.9	--	40	43600	买盘
09:31:00	10.9	--	3	3270	买盘
09:30:57	10.9	--	254	276860	卖盘
09:30:54	10.9	-0.02	55	59950	卖盘
09:30:45	10.92	0.02	9	9828	买盘
09:30:42	10.9	-0.02	15	16350	卖盘
09:30:36	10.92	0.03	1	1092	买盘
09:30:30	10.89	--	27	29403	卖盘
09:30:27	10.89	-0.03	2	2178	卖盘
09:30:21	10.92	0.02	11	12012	买盘
09:30:18	10.9	--	2	2180	中性盘
09:30:12	10.9	--	30	32700	买盘
09:30:09	10.9	--	43	46870	卖盘
09:30:06	10.9	-0.03	697	759730	卖盘
09:30:03	10.93	--	169	184717	买盘
09:25:03	10.93	10.93	390	426270	买盘
