成交时间	成交价	价格变动	成交量(手)	成交额(元)	性质
15:00:03	20.69	0.01	302	626513	买盘
14:57:03	20.68	-0.01	15	31020	卖盘
14:56:33	20.69	--	1	2462	卖盘
14:56:18	20.69	--	18	38917	买盘
14:56:15	20.69	--	8	16552	买盘
14:56:12	20.69	0.02	1	2069	买盘
14:56:09	20.67	-0.02	10	20670	卖盘
14:56:06	20.69	0.01	50	103450	买盘
14:56:03	20.68	-0.01	35	72772	卖盘
14:56:00	20.69	--	10	20690	中性盘
14:55:21	20.69	--	20	41380	卖盘
14:55:18	20.69	-0.01	8	16552	卖盘
14:55:12	20.7	0.01	20	41400	买盘
14:55:03	20.69	--	4	8276	卖盘
14:55:00	20.69	--	20	41380	卖盘
14:54:57	20.69	--	14	28966	卖盘
14:54:45	20.69	--	27	55863	买盘
14:54:42	20.69	--	1	2069	买盘
14:54:39	20.69	0.01	1	2069	买盘
14:54:33	20.68	--	27	55836	卖盘
14:53:54	20.68	--	12	26491	买盘
14:53:48	20.68	--	33	68636	卖盘
14:53:42	20.68	--	3	6204	卖盘
14:53:24	20.68	0.01	83	173319	买盘
14:53:21	20.67	-0.01	17	35139	卖盘
14:53:15	20.68	0.01	25	51700	买盘
14:53:06	20.67	--	151	312117	卖盘
14:53:03	20.67	-0.01	11	22737	卖盘
14:52:45	20.68	--	73	151356	卖盘
14:52:42	20.68	--	21	43428	卖盘
14:52:36	20.68	--	32	66176	卖盘
14:52:12	20.68	-0.01	11	22748	卖盘
14:51:42	20.69	0.01	1	2069	买盘
14:51:39	20.68	-0.01	4	8272	卖盘
14:51:27	20.69	-0.01	53	109657	卖盘
14:51:24	20.7	--	2	4140	买盘
14:51:21	20.7	0.02	5	10350	买盘
14:51:18	20.68	-0.01	50	103400	卖盘
14:51:12	20.69	-0.01	16	33104	卖盘
14:51:03	20.7	--	16	33120	买盘
14:51:00	20.7	0.01	10	20700	买盘
14:50:57	20.69	--	17	36848	买盘
14:50:54	20.69	--	1	2069	买盘
14:50:39	20.69	--	4	8276	买盘
14:50:27	20.69	--	41	85222	卖盘
14:50:15	20.69	--	25	51725	卖盘
14:50:12	20.69	--	12	24828	卖盘
14:50:06	20.69	--	40	82760	卖盘
14:50:03	20.69	--	6	12414	卖盘
14:49:54	20.69	--	11	24414	卖盘
14:49:48	20.69	--	1	2069	卖盘
14:49:42	20.69	--	9	18621	卖盘
14:49:39	20.69	--	2	4138	卖盘
14:49:30	20.69	0.02	34	70366	买盘
14:49:27	20.67	--	4	8268	卖盘
14:49:24	20.67	-0.01	4	8268	卖盘
14:49:18	20.68	--	1	2068	卖盘
14:49:15	20.68	--	10	20680	买盘
14:49:12	20.68	--	1	2068	买盘
14:49:09	20.68	--	14	28952	买盘
14:49:03	20.68	0.01	4	8272	买盘
14:48:57	20.67	--	51	105417	卖盘
14:48:54	20.67	--	1	2067	卖盘
14:48:48	20.67	-0.01	196	405132	卖盘
14:48:42	20.68	--	4	8272	卖盘
14:48:39	20.68	-0.01	4	8272	卖盘
14:48:36	20.69	0.01	3	6207	买盘
14:48:33	20.68	--	5	10340	卖盘
14:48:27	20.68	--	15	31020	卖盘
14:48:24	20.68	--	19	39292	卖盘
14:48:18	20.68	--	12	24816	卖盘
14:48:09	20.68	-0.01	35	72380	卖盘
14:48:06	20.69	--	10	20690	卖盘
14:48:03	20.69	0.01	1	2069	卖盘
14:47:54	20.68	-0.01	135	279180	卖盘
14:47:51	20.69	0.01	1	2069	买盘
14:47:48	20.68	0.01	2	4136	中性盘
14:47:42	20.67	-0.02	514	1062438	卖盘
14:47:39	20.69	--	6	12414	买盘
14:47:36	20.69	0.01	7	14483	买盘
14:47:33	20.68	-0.02	2	4136	卖盘
14:47:30	20.7	0.02	50	103500	买盘
14:47:24	20.68	-0.02	18	37244	卖盘
14:47:21	20.7	0.02	1	2070	买盘
14:47:18	20.68	--	7	14476	卖盘
14:47:09	20.68	0.01	1	2068	中性盘
14:47:03	20.67	--	12	24804	卖盘
14:47:00	20.67	--	5	10335	卖盘
14:46:57	20.67	--	1	2067	卖盘
14:46:54	20.67	--	46	95082	卖盘
14:46:48	20.67	--	3	6201	卖盘
14:46:42	20.67	--	177	365859	卖盘
14:46:39	20.67	--	9	18603	卖盘
14:46:36	20.67	-0.01	1	2067	卖盘
14:46:33	20.68	--	30	62040	买盘
14:46:24	20.68	0.01	37	76516	买盘
14:46:09	20.67	--	2	4134	卖盘
14:46:06	20.67	--	3	6201	卖盘
14:45:57	20.67	--	5	10335	卖盘
14:45:48	20.67	--	20	41340	卖盘
14:45:42	20.67	-0.01	2	4134	卖盘
14:45:39	20.68	-0.01	36	74448	卖盘
14:45:36	20.69	0.01	1	2069	买盘
14:45:33	20.68	0.01	9	18612	中性盘
14:45:21	20.67	-0.01	33	68211	卖盘
14:45:18	20.68	0.01	1	2068	中性盘
14:45:09	20.67	--	3	6201	卖盘
14:44:57	20.67	--	1	2067	卖盘
14:44:54	20.67	--	10	20670	卖盘
14:44:48	20.67	--	1	2067	卖盘
14:44:42	20.67	--	5	10335	卖盘
14:44:39	20.67	-0.01	1	2067	卖盘
14:44:33	20.68	0.01	20	41360	买盘
14:44:27	20.67	--	3	6201	卖盘
14:44:24	20.67	-0.01	43	88881	卖盘
14:44:21	20.68	0.01	11	22748	买盘
14:44:18	20.67	-0.01	2	4134	卖盘
14:44:15	20.68	0.01	2	4136	买盘
14:44:09	20.67	--	8	16536	卖盘
14:44:03	20.67	-0.01	2	4134	卖盘
14:44:00	20.68	0.01	15	31020	买盘
14:43:57	20.67	--	3	6201	卖盘
14:43:54	20.67	-0.02	9	18603	卖盘
14:43:48	20.69	0.02	9	18621	买盘
14:43:42	20.67	-0.02	36	74412	卖盘
14:43:36	20.69	0.01	10	20690	买盘
14:43:33	20.68	--	19	39292	买盘
14:43:30	20.68	--	4	8272	买盘
14:43:27	20.68	0.01	1	2068	买盘
14:43:24	20.67	-0.02	32	66144	卖盘
14:43:21	20.69	0.01	9	18621	买盘
14:43:18	20.68	-0.01	2	4136	卖盘
14:43:12	20.69	--	5	10345	卖盘
14:43:06	20.69	0.01	6	12414	买盘
14:42:57	20.68	--	6	12408	卖盘
14:42:48	20.68	--	3	6204	卖盘
14:42:45	20.68	0.01	21	43428	买盘
14:42:42	20.67	--	1	2067	卖盘
14:42:33	20.67	--	13	26871	卖盘
14:42:27	20.67	--	3	6201	卖盘
14:42:21	20.67	-0.01	34	70278	卖盘
14:42:18	20.68	-0.01	16	33088	卖盘
14:42:15	20.69	0.01	5	10345	买盘
14:42:12	20.68	--	5	10340	卖盘
14:42:06	20.68	--	2	4136	卖盘
14:42:03	20.68	--	2	4136	卖盘
14:41:57	20.68	-0.01	7	14476	卖盘
14:41:54	20.69	0.01	10	20690	买盘
14:41:45	20.68	--	24	49632	卖盘
14:41:42	20.68	--	3	6204	卖盘
14:41:33	20.68	--	11	22748	卖盘
14:41:27	20.68	0.01	1	2068	卖盘
14:41:24	20.67	-0.01	33	68211	卖盘
14:41:21	20.68	0.01	6	12408	买盘
14:41:18	20.67	-0.01	7	14469	卖盘
14:41:12	20.68	--	12	24816	买盘
14:41:06	20.68	--	13	26884	卖盘
14:41:03	20.68	-0.02	14	28952	卖盘
14:40:54	20.7	0.02	105	217350	买盘
14:40:51	20.68	--	53	109604	卖盘
14:40:42	20.68	--	2	4136	卖盘
14:40:36	20.68	--	1	2068	卖盘
14:40:33	20.68	--	8	16544	卖盘
14:40:27	20.68	--	1	2068	卖盘
14:40:21	20.68	-0.02	32	66176	卖盘
14:40:18	20.7	0.02	2	4140	买盘
14:40:06	20.68	--	4	8272	卖盘
14:39:57	20.68	--	1	2068	卖盘
14:39:54	20.68	0.01	14	28952	买盘
14:39:48	20.67	--	2	4134	卖盘
14:39:45	20.67	--	3	6201	卖盘
14:39:33	20.67	-0.01	8	16536	卖盘
14:39:30	20.68	0.01	1	2068	买盘
14:39:21	20.67	--	30	62010	卖盘
14:39:18	20.67	--	2	4134	卖盘
14:39:06	20.67	-0.01	1	2067	卖盘
14:39:03	20.68	--	5	10340	买盘
14:39:00	20.68	--	1	2068	卖盘
14:38:57	20.68	--	1	2068	卖盘
14:38:51	20.68	--	2	4136	卖盘
14:38:48	20.68	--	3	6204	卖盘
14:38:42	20.68	--	7	14476	卖盘
14:38:36	20.68	--	14	28952	卖盘
14:38:33	20.68	--	25	51700	买盘
14:38:30	20.68	0.01	1	2068	买盘
14:38:27	20.67	--	54	111618	卖盘
14:38:21	20.67	--	44	90948	卖盘
14:38:18	20.67	-0.01	18	37206	卖盘
14:38:06	20.68	0.01	68	140624	买盘
14:38:03	20.67	--	1	2067	卖盘
14:37:51	20.67	--	4	8268	卖盘
14:37:48	20.67	--	1	2067	卖盘
14:37:45	20.67	-0.01	1	2067	卖盘
14:37:42	20.68	0.01	14	28952	买盘
14:37:36	20.67	-0.01	3	6201	卖盘
14:37:33	20.68	--	20	41360	买盘
14:37:27	20.68	0.01	11	22748	买盘
14:37:21	20.67	--	33	68211	卖盘
14:37:18	20.67	--	5	10335	卖盘
14:37:12	20.67	--	3	6201	卖盘
14:37:06	20.67	--	17	35139	卖盘
14:37:00	20.67	-0.01	10	20670	卖盘
14:36:57	20.68	0.01	2	4136	买盘
14:36:54	20.67	--	4	8268	卖盘
14:36:51	20.67	--	9	18603	卖盘
14:36:48	20.67	--	1	2067	卖盘
14:36:45	20.67	--	4	8268	卖盘
14:36:42	20.67	--	35	72345	卖盘
14:36:36	20.67	--	12	24804	卖盘
14:36:30	20.67	--	17	35139	卖盘
14:36:27	20.67	--	47	97149	卖盘
14:36:21	20.67	--	67	138489	卖盘
14:36:18	20.67	--	10	20670	卖盘
14:36:15	20.67	-0.01	82	169494	卖盘
14:36:12	20.68	--	43	88924	买盘
14:36:09	20.68	--	1	2068	买盘
14:36:03	20.68	-0.01	127	262636	卖盘
14:35:57	20.69	0.01	3	6207	中性盘
14:35:42	20.68	-0.01	12	24816	卖盘
14:35:30	20.69	0.01	29	60001	卖盘
14:35:27	20.68	--	1	2068	卖盘
14:35:21	20.68	--	34	70312	卖盘
14:35:15	20.68	--	2	4136	卖盘
14:35:06	20.68	--	7	14476	卖盘
14:34:57	20.68	0.01	28	57904	买盘
14:34:51	20.67	--	2	4134	卖盘
14:34:45	20.67	--	11	22737	卖盘
14:34:42	20.67	-0.01	3	6201	卖盘
14:34:39	20.68	0.01	5	10340	卖盘
14:34:36	20.67	-0.01	23	47541	卖盘
14:34:30	20.68	--	9	18612	卖盘
14:34:27	20.68	--	4	8272	卖盘
14:34:24	20.68	0.01	85	175780	买盘
14:34:21	20.67	--	35	72345	卖盘
14:34:15	20.67	-0.01	15	31005	卖盘
14:34:12	20.68	--	2	4136	买盘
14:34:09	20.68	0.01	9	18612	买盘
14:34:06	20.67	-0.01	36	74412	卖盘
14:34:03	20.68	--	8	16544	买盘
14:34:00	20.68	0.01	1	2068	买盘
14:33:57	20.67	-0.01	23	47541	卖盘
14:33:54	20.68	--	106	219208	买盘
14:33:48	20.68	--	5	10340	买盘
14:33:45	20.68	-0.01	82	169576	卖盘
14:33:42	20.69	0.03	5	10345	卖盘
14:33:39	20.66	-0.04	400	826400	卖盘
14:33:36	20.7	0.02	370	766334	买盘
14:33:30	20.68	-0.02	19	39292	卖盘
14:33:24	20.7	0.02	1	2070	买盘
14:33:21	20.68	--	32	66176	卖盘
14:33:00	20.68	--	1	2068	卖盘
14:32:57	20.68	--	2	4136	卖盘
14:32:51	20.68	--	4	8272	卖盘
14:32:45	20.68	--	6	12408	卖盘
14:32:42	20.68	-0.01	15	31020	卖盘
14:32:36	20.69	--	10	20690	买盘
14:32:33	20.69	0.01	32	66208	中性盘
14:32:30	20.68	-0.01	28	57904	卖盘
14:32:27	20.69	0.01	18	37242	买盘
14:32:21	20.68	--	32	66176	卖盘
14:32:15	20.68	--	6	12408	卖盘
14:32:06	20.68	--	3	6204	卖盘
14:32:00	20.68	--	15	31020	卖盘
14:31:57	20.68	--	5	10340	卖盘
14:31:51	20.68	-0.01	4	8272	卖盘
14:31:48	20.69	--	22	45518	卖盘
14:31:45	20.69	--	16	33104	卖盘
14:31:42	20.69	--	18	37242	卖盘
14:31:36	20.69	-0.01	24	49656	卖盘
14:31:33	20.7	0.01	24	49680	买盘
14:31:30	20.69	-0.01	45	93105	卖盘
14:31:27	20.7	--	2	4140	买盘
14:31:24	20.7	0.01	1	2070	买盘
14:31:21	20.69	-0.01	134	278880	卖盘
14:31:15	20.7	--	3	6210	卖盘
14:31:06	20.7	--	3	6210	卖盘
14:31:03	20.7	--	10	20700	卖盘
14:30:54	20.7	--	11	22770	卖盘
14:30:45	20.7	--	36	74520	卖盘
14:30:39	20.7	-0.02	132	273240	卖盘
14:30:36	20.72	0.02	6	12432	买盘
14:30:30	20.7	--	9	18630	卖盘
14:30:27	20.7	-0.01	500	1035000	卖盘
14:30:24	20.71	--	2	4142	卖盘
14:30:21	20.71	-0.01	35	72485	卖盘
14:30:15	20.72	--	7	14504	卖盘
14:30:12	20.72	--	10	20720	卖盘
14:30:09	20.72	--	25	51800	卖盘
14:30:06	20.72	--	2	4144	卖盘
14:30:00	20.72	--	1	2072	卖盘
14:29:57	20.72	--	5	10360	卖盘
14:29:54	20.72	-0.01	3	6216	卖盘
14:29:51	20.73	0.01	2	4146	买盘
14:29:45	20.72	--	14	29008	卖盘
14:29:39	20.72	--	4	8288	卖盘
14:29:36	20.72	--	51	105672	卖盘
14:29:30	20.72	-0.01	16	33152	卖盘
14:29:27	20.73	0.01	197	409604	买盘
14:29:24	20.72	--	5	10360	卖盘
14:29:21	20.72	-0.01	57	118104	卖盘
14:29:15	20.73	0.01	6	12438	买盘
14:29:12	20.72	--	11	22792	卖盘
14:29:06	20.72	-0.01	1	2072	卖盘
14:29:03	20.73	0.01	5	10365	买盘
14:28:54	20.72	--	1	2072	卖盘
14:28:51	20.72	-0.01	2	4144	卖盘
14:28:45	20.73	--	2	4146	买盘
14:28:42	20.73	--	8	16584	卖盘
14:28:30	20.73	--	18	37314	卖盘
14:28:24	20.73	--	35	72555	卖盘
14:28:21	20.73	--	34	70482	卖盘
14:28:15	20.73	--	51	105723	卖盘
14:28:12	20.73	--	82	169986	卖盘
14:28:09	20.73	--	3	6219	卖盘
14:28:03	20.73	--	5	10365	卖盘
14:28:00	20.73	-0.01	1	2073	卖盘
14:27:57	20.74	--	9	18666	买盘
14:27:51	20.74	0.01	7	14517	买盘
14:27:45	20.73	--	2	4146	卖盘
14:27:42	20.73	--	5	10365	卖盘
14:27:36	20.73	--	7	14511	卖盘
14:27:30	20.73	-0.01	18	37314	卖盘
14:27:27	20.74	0.01	29	60145	买盘
14:27:21	20.73	-0.01	68	140964	卖盘
14:27:18	20.74	0.01	13	26961	买盘
14:27:12	20.73	--	51	105723	卖盘
14:27:06	20.73	-0.01	2	4146	卖盘
14:27:03	20.74	0.01	3	6221	买盘
14:26:57	20.73	--	3	6219	卖盘
14:26:54	20.73	-0.01	4	8292	卖盘
14:26:51	20.74	0.01	3	6221	买盘
14:26:42	20.73	-0.01	8	16584	卖盘
14:26:36	20.74	0.01	2	4148	买盘
14:26:30	20.73	-0.01	13	26949	卖盘
14:26:27	20.74	0.01	19	39406	买盘
14:26:21	20.73	-0.01	47	97431	卖盘
14:26:12	20.74	0.01	2	4148	买盘
14:26:03	20.73	0.01	1	2073	买盘
14:26:00	20.72	--	1	2072	卖盘
14:25:57	20.72	--	1	2072	卖盘
14:25:51	20.72	-0.01	1	2072	卖盘
14:25:48	20.73	--	3	6219	买盘
14:25:45	20.73	0.01	3	6219	买盘
14:25:42	20.72	-0.02	2	4144	卖盘
14:25:39	20.74	0.02	2	4148	买盘
14:25:36	20.72	--	7	14504	卖盘
14:25:30	20.72	-0.02	9	18648	卖盘
14:25:27	20.74	0.02	26	53923	买盘
14:25:21	20.72	--	34	70448	卖盘
14:24:42	20.72	--	2	4144	卖盘
14:24:30	20.72	--	9	18648	卖盘
14:24:21	20.72	-0.03	33	68376	卖盘
14:24:15	20.75	0.03	1	2075	买盘
14:24:12	20.72	-0.03	200	414400	卖盘
14:24:06	20.75	--	5	10375	买盘
14:23:57	20.75	0.01	10	20750	买盘
14:23:51	20.74	-0.01	3	6221	卖盘
14:23:42	20.75	--	27	56025	卖盘
14:23:33	20.75	--	1	2075	卖盘
14:23:30	20.75	--	10	20750	中性盘
14:23:24	20.75	0.01	3	6225	买盘
14:23:21	20.74	-0.01	34	70516	卖盘
14:23:12	20.75	--	7	14525	卖盘
14:23:06	20.75	0.01	13	26975	买盘
14:23:03	20.74	--	11	22814	卖盘
14:22:54	20.74	0.01	11	22814	卖盘
14:22:45	20.73	-0.01	35	72555	卖盘
14:22:36	20.74	--	14	29035	买盘
14:22:33	20.74	--	1	2074	买盘
14:22:24	20.74	0.01	22	45628	买盘
14:22:21	20.73	-0.01	31	64263	卖盘
14:22:15	20.74	--	6	12443	买盘
14:22:12	20.74	--	10	20740	买盘
14:22:09	20.74	--	5	10370	买盘
14:22:00	20.74	--	4	8296	买盘
14:21:30	20.74	--	34	71801	买盘
14:21:24	20.74	0.01	14	29035	买盘
14:21:21	20.73	--	32	66336	卖盘
14:21:15	20.73	--	10	20730	卖盘
14:21:06	20.73	--	40	82920	卖盘
14:21:03	20.73	--	17	35241	卖盘
14:20:54	20.73	--	44	91212	卖盘
14:20:48	20.73	-0.01	16	33168	卖盘
14:20:45	20.74	--	1	2074	买盘
14:20:42	20.74	--	1	2074	买盘
14:20:39	20.74	0.01	1	2074	中性盘
14:20:21	20.73	-0.01	34	70482	卖盘
14:19:57	20.74	--	40	82960	卖盘
14:19:21	20.74	-0.01	32	66368	中性盘
14:19:18	20.75	--	2	4150	卖盘
14:19:15	20.75	--	3	6225	卖盘
14:19:12	20.75	--	75	155625	买盘
14:19:00	20.75	--	1	2075	买盘
14:18:57	20.75	0.01	4	8300	买盘
14:18:42	20.74	-0.01	11	22814	卖盘
14:18:39	20.75	--	2	4150	买盘
14:18:30	20.75	--	15	31125	买盘
14:18:27	20.75	0.02	5	10375	买盘
14:18:21	20.73	-0.02	30	62190	卖盘
14:18:06	20.75	--	5	10375	买盘
14:17:51	20.75	--	2	4150	买盘
14:17:48	20.75	0.02	2	4150	买盘
14:17:42	20.73	-0.02	20	41460	卖盘
14:17:27	20.75	0.02	1	2075	买盘
14:17:21	20.73	0.01	32	66336	中性盘
14:16:51	20.72	-0.01	100	207200	卖盘
14:16:45	20.73	-0.02	24	49752	卖盘
14:16:24	20.75	0.02	11	22825	买盘
14:16:21	20.73	-0.02	33	68409	卖盘
14:15:51	20.75	--	1	2075	买盘
14:15:27	20.75	0.02	1	2075	中性盘
14:15:21	20.73	-0.02	31	64263	卖盘
14:15:12	20.75	--	4	8300	卖盘
14:14:51	20.75	-0.01	10	20750	卖盘
14:14:48	20.76	0.01	10	20760	买盘
14:14:36	20.75	0.03	81	168448	买盘
14:14:21	20.72	-0.02	31	64232	卖盘
14:14:15	20.74	0.02	5	10370	中性盘
14:13:48	20.72	-0.03	8	16576	卖盘
14:13:39	20.75	0.03	1	2075	买盘
14:13:21	20.72	-0.03	33	68376	卖盘
14:13:18	20.75	0.03	50	103750	买盘
14:12:33	20.72	--	44	91168	卖盘
14:12:21	20.72	-0.03	32	66304	卖盘
14:12:00	20.75	--	31	64325	买盘
14:11:57	20.75	0.03	1	2075	买盘
14:11:33	20.72	--	10	20720	卖盘
14:11:21	20.72	--	34	70448	卖盘
14:10:45	20.72	-0.03	50	103600	卖盘
14:10:36	20.75	0.03	14	29050	买盘
14:10:21	20.72	--	53	109816	卖盘
14:10:09	20.72	--	14	29008	卖盘
14:09:57	20.72	--	50	103600	卖盘
14:09:21	20.72	-0.03	31	64232	卖盘
14:09:00	20.75	0.03	21	43575	买盘
14:08:45	20.72	--	1	2072	卖盘
14:08:42	20.72	-0.03	14	29008	卖盘
14:08:39	20.75	0.01	50	103750	买盘
14:08:36	20.74	0.02	10	20740	买盘
14:08:21	20.72	-0.01	34	70448	卖盘
14:08:06	20.73	0.01	2	4146	中性盘
14:07:21	20.72	--	33	68376	卖盘
14:06:39	20.72	-0.02	125	259000	卖盘
14:06:36	20.74	0.02	1	2074	买盘
14:06:21	20.72	-0.02	32	66304	卖盘
14:06:09	20.74	--	8	16592	卖盘
14:05:57	20.74	--	1	2074	卖盘
14:05:42	20.74	0.02	3	6221	买盘
14:05:30	20.72	--	20	41440	卖盘
14:05:21	20.72	-0.03	31	64232	卖盘
14:04:48	20.75	0.03	1	2075	中性盘
14:04:21	20.72	-0.03	42	87024	卖盘
14:04:09	20.75	--	4	8300	卖盘
14:03:51	20.75	0.02	37	76775	买盘
14:03:48	20.73	--	18	37314	卖盘
14:03:21	20.73	-0.03	31	64263	卖盘
14:03:18	20.76	0.01	20	41520	买盘
14:03:15	20.75	--	5	10375	卖盘
14:03:06	20.75	-0.01	20	41500	卖盘
14:03:03	20.76	0.01	1	2076	买盘
14:02:54	20.75	--	22	45650	卖盘
14:02:45	20.75	--	11	22825	卖盘
14:02:39	20.75	0.03	12	24900	买盘
14:02:36	20.72	-0.03	22	45584	卖盘
14:02:24	20.75	0.03	7	14525	买盘
14:02:21	20.72	-0.01	33	68376	卖盘
14:02:12	20.73	--	50	103650	卖盘
14:01:54	20.73	--	90	186570	卖盘
14:01:21	20.73	-0.02	31	64263	卖盘
14:01:15	20.75	--	31	64325	卖盘
14:00:48	20.75	--	14	29050	卖盘
14:00:39	20.75	-0.01	50	103750	卖盘
14:00:27	20.76	0.01	1	2076	买盘
14:00:21	20.75	--	34	70550	卖盘
14:00:12	20.75	-0.02	460	954500	卖盘
13:59:42	20.77	0.02	1	2077	买盘
13:59:21	20.75	-0.02	33	68475	卖盘
13:59:18	20.77	--	5	10385	买盘
13:59:12	20.77	--	8	16616	买盘
13:59:00	20.77	0.01	1	2077	买盘
13:58:57	20.76	--	20	41520	卖盘
13:58:30	20.76	--	20	41520	卖盘
13:58:21	20.76	--	32	66432	卖盘
13:58:12	20.76	--	40	83040	买盘
13:57:42	20.76	--	1	2076	买盘
13:57:39	20.76	-0.01	9	18684	卖盘
13:57:36	20.77	0.01	1	2077	买盘
13:57:27	20.76	--	2	4152	卖盘
13:57:21	20.76	--	31	64356	卖盘
13:57:18	20.76	--	17	35292	买盘
13:57:09	20.76	--	2	4152	买盘
13:57:00	20.76	-0.01	1	2076	卖盘
13:56:42	20.77	0.02	2	4154	买盘
13:56:21	20.75	-0.02	33	68475	卖盘
13:56:00	20.77	0.02	1	2077	买盘
13:55:21	20.75	-0.02	57	118275	卖盘
13:55:18	20.77	-0.01	20	41540	卖盘
13:55:06	20.78	-0.02	5	10390	中性盘
13:55:00	20.8	--	17	35360	买盘
13:54:54	20.8	0.02	81	168480	买盘
13:54:48	20.78	--	2	4156	买盘
13:54:24	20.78	0.03	64	132992	买盘
13:54:21	20.75	-0.02	31	64325	卖盘
13:54:12	20.77	0.02	1	2077	买盘
13:54:03	20.75	--	1	2075	卖盘
13:53:57	20.75	0.02	107	222025	买盘
13:53:51	20.73	-0.02	1	2073	卖盘
13:53:48	20.75	0.02	3	6225	买盘
13:53:42	20.73	--	110	228030	买盘
13:53:36	20.73	0.01	10	20730	中性盘
13:53:21	20.72	-0.03	34	70448	卖盘
13:53:12	20.75	0.02	15	31125	买盘
13:52:54	20.73	-0.02	4	8292	中性盘
13:52:24	20.75	0.03	1	2075	买盘
13:52:21	20.72	-0.03	103	213416	卖盘
13:52:09	20.75	--	1	2075	买盘
13:51:42	20.75	--	10	20750	买盘
13:51:39	20.75	-0.03	10	20750	中性盘
13:51:27	20.78	0.06	61	126758	买盘
13:51:21	20.72	-0.06	43	89096	卖盘
13:51:18	20.78	--	3	6234	买盘
13:51:12	20.78	--	11	22858	买盘
13:51:06	20.78	0.01	33	68574	买盘
13:50:54	20.77	0.02	11	22847	买盘
13:50:39	20.75	--	1	2075	买盘
13:50:33	20.75	0.03	11	22825	买盘
13:50:21	20.72	0.01	30	62160	中性盘
13:50:06	20.71	0.01	4	8284	买盘
13:50:03	20.7	--	5	10350	卖盘
13:49:33	20.7	-0.01	109	225630	卖盘
13:49:21	20.71	0.01	34	70414	中性盘
13:49:12	20.7	-0.01	25	51750	卖盘
13:49:09	20.71	0.01	20	41420	中性盘
13:48:57	20.7	-0.02	56	115920	卖盘
13:48:42	20.72	0.02	1	2113	中性盘
13:48:21	20.7	-0.01	32	66240	卖盘
13:47:21	20.71	-0.02	31	64201	卖盘
13:47:09	20.73	--	11	22803	中性盘
13:47:06	20.73	0.02	1	2073	买盘
13:47:00	20.71	-0.02	221	457691	卖盘
13:46:33	20.73	--	44	91212	买盘
13:46:30	20.73	0.02	1	2073	买盘
13:46:21	20.71	-0.02	34	70414	卖盘
13:46:06	20.73	0.01	2	4146	买盘
13:45:51	20.72	--	3	6216	卖盘
13:45:45	20.72	--	11	22792	卖盘
13:45:36	20.72	0.01	11	22792	中性盘
13:45:27	20.71	--	11	22781	卖盘
13:45:24	20.71	--	11	22781	卖盘
13:45:21	20.71	-0.02	33	68343	卖盘
13:45:18	20.73	-0.01	1	2073	买盘
13:45:12	20.74	0.03	40	82960	买盘
13:45:06	20.71	--	20	41420	卖盘
13:45:00	20.71	--	1	2071	卖盘
13:44:54	20.71	-0.02	45	93195	卖盘
13:44:45	20.73	0.02	4	8292	买盘
13:44:42	20.71	--	1	2071	卖盘
13:44:21	20.71	-0.02	32	66272	卖盘
13:43:45	20.73	0.02	16	33168	买盘
13:43:42	20.71	--	20	41420	卖盘
13:43:39	20.71	-0.02	30	62130	卖盘
13:43:33	20.73	0.02	1	2073	买盘
13:43:21	20.71	-0.02	31	64201	卖盘
13:43:12	20.73	--	1	2073	买盘
13:42:48	20.73	0.02	14	29022	卖盘
13:42:30	20.71	-0.03	7	14497	卖盘
13:42:24	20.74	0.03	11	22814	买盘
13:42:21	20.71	--	33	68343	卖盘
13:42:12	20.71	-0.02	150	310650	卖盘
13:41:51	20.73	--	7	14511	买盘
13:41:45	20.73	0.01	1	2073	买盘
13:41:42	20.72	--	2	4144	卖盘
13:41:21	20.72	-0.01	32	66304	卖盘
13:41:03	20.73	0.02	1	2073	买盘
13:40:21	20.71	-0.02	31	64201	卖盘
13:40:09	20.73	0.02	1	2073	买盘
13:39:21	20.71	--	34	70414	卖盘
13:39:18	20.71	-0.01	2	4142	卖盘
13:39:15	20.72	--	1	2072	买盘
13:39:12	20.72	--	1	2072	买盘
13:38:57	20.72	--	1	2072	买盘
13:38:42	20.72	--	17	35224	卖盘
13:38:30	20.72	--	8	16576	卖盘
13:38:21	20.72	-0.02	66	136752	卖盘
13:38:12	20.74	--	1	2074	买盘
13:38:03	20.74	--	16	33184	卖盘
13:38:00	20.74	-0.01	4	8296	卖盘
13:37:51	20.75	0.01	1	2075	买盘
13:37:36	20.74	--	9	18666	买盘
13:37:33	20.74	--	24	49775	卖盘
13:37:21	20.74	--	51	105773	买盘
13:36:27	20.74	0.01	6	12443	买盘
13:36:21	20.73	-0.01	31	64263	卖盘
13:36:15	20.74	--	41	85034	卖盘
13:35:54	20.74	-0.01	9	18666	中性盘
13:35:48	20.75	0.02	1	2075	中性盘
13:35:21	20.73	-0.02	33	68409	卖盘
13:35:15	20.75	--	10	20750	卖盘
13:34:48	20.75	--	18	37350	买盘
13:34:42	20.75	0.02	1	2075	买盘
13:34:21	20.73	-0.02	32	66336	卖盘
13:34:12	20.75	0.01	1	2075	卖盘
13:33:42	20.74	--	2	4148	买盘
13:33:39	20.74	--	148	306952	卖盘
13:33:21	20.74	--	31	64293	卖盘
13:33:12	20.74	0.01	3	6221	中性盘
13:33:03	20.73	-0.01	10	20730	卖盘
13:32:54	20.74	0.01	1	2074	中性盘
13:32:45	20.73	-0.01	11	22803	卖盘
13:32:36	20.74	-0.01	11	22814	卖盘
13:32:33	20.75	--	10	20750	卖盘
13:32:30	20.75	--	11	22825	卖盘
13:32:27	20.75	-0.01	10	20750	卖盘
13:32:24	20.76	0.01	5	10380	买盘
13:32:21	20.75	-0.01	34	70550	卖盘
13:31:48	20.76	-0.01	1	2076	卖盘
13:31:21	20.77	0.01	34	70618	买盘
13:30:51	20.76	--	4	8304	卖盘
13:30:48	20.76	-0.01	16	33216	卖盘
13:30:45	20.77	0.01	1	2077	买盘
13:30:21	20.76	-0.01	32	66432	卖盘
13:30:06	20.77	--	72	149544	卖盘
13:29:33	20.77	-0.01	3	6231	卖盘
13:29:27	20.78	--	21	43638	买盘
13:29:21	20.78	0.01	37	76886	买盘
13:29:03	20.77	-0.01	3	6231	卖盘
13:28:57	20.78	--	28	58184	卖盘
13:28:54	20.78	--	2	4156	卖盘
13:28:48	20.78	--	11	22858	卖盘
13:28:45	20.78	--	3	6234	卖盘
13:28:36	20.78	0.01	7	14546	买盘
13:28:21	20.77	--	52	108004	卖盘
13:28:03	20.77	-0.02	22	45694	卖盘
13:27:33	20.79	0.03	1	2079	买盘
13:27:21	20.76	-0.02	34	70584	卖盘
13:27:18	20.78	--	3	6234	买盘
13:27:12	20.78	-0.02	9	18702	卖盘
13:26:51	20.8	0.04	46	95680	买盘
13:26:21	20.76	-0.04	33	68508	卖盘
13:25:51	20.8	--	1	2080	买盘
13:25:36	20.8	0.05	100	208000	买盘
13:25:21	20.75	-0.04	32	66400	卖盘
13:24:51	20.79	0.03	1	2079	买盘
13:24:36	20.76	0.01	1	2076	中性盘
13:24:21	20.75	-0.04	31	64325	卖盘
13:24:03	20.79	0.04	1	2079	中性盘
13:23:42	20.75	-0.05	1	2075	卖盘
13:23:24	20.8	0.05	5	10400	买盘
13:23:21	20.75	-0.05	31	64325	卖盘
13:23:03	20.8	--	20	41600	买盘
13:22:30	20.8	0.05	1	2080	买盘
13:22:24	20.75	--	11	22825	卖盘
13:22:21	20.75	--	31	64325	卖盘
13:22:15	20.75	--	11	22825	卖盘
13:22:06	20.75	--	11	22825	卖盘
13:21:48	20.75	--	3	6225	卖盘
13:21:42	20.75	--	7	14525	卖盘
13:21:21	20.75	--	33	68475	卖盘
13:21:00	20.75	-0.02	10	20750	卖盘
13:20:48	20.77	-0.03	1	2077	卖盘
13:20:30	20.8	--	1	2080	买盘
13:20:24	20.8	0.05	6	12480	买盘
13:20:21	20.75	--	32	66400	卖盘
13:19:21	20.75	-0.03	31	64325	卖盘
13:19:12	20.78	0.01	1	2078	买盘
13:19:06	20.77	--	4	8308	买盘
13:18:57	20.77	--	1	2077	买盘
13:18:54	20.77	--	10	20770	买盘
13:18:21	20.77	-0.01	36	74772	中性盘
13:17:54	20.78	--	4	8312	买盘
13:17:48	20.78	-0.02	5	10390	中性盘
13:17:39	20.8	0.05	200	416000	买盘
13:17:21	20.75	-0.04	42	87150	卖盘
13:16:57	20.79	0.04	1	2079	买盘
13:16:42	20.75	--	11	22825	卖盘
13:16:21	20.75	--	32	66400	卖盘
13:16:00	20.75	-0.04	11	22825	卖盘
13:15:45	20.79	--	6	12474	买盘
13:15:36	20.79	0.06	4	8316	买盘
13:15:21	20.73	-0.07	30	62190	卖盘
13:15:12	20.8	0.01	100	208000	买盘
13:14:54	20.79	--	30	62370	买盘
13:14:27	20.79	0.07	5	10395	买盘
13:14:21	20.72	-0.07	33	68376	卖盘
13:14:09	20.79	--	2	4158	买盘
13:14:00	20.79	--	1	2079	买盘
13:13:48	20.79	--	5	10395	买盘
13:13:45	20.79	--	5	10395	买盘
13:13:27	20.79	0.03	22	45738	买盘
13:13:24	20.76	0.05	12	24912	买盘
13:13:21	20.71	-0.04	32	66272	卖盘
13:13:12	20.75	--	11	22825	买盘
13:13:09	20.75	--	10	20750	买盘
13:13:06	20.75	--	3	6225	买盘
13:12:54	20.75	--	22	45650	买盘
13:12:48	20.75	--	11	22825	买盘
13:12:42	20.75	0.04	3	6225	买盘
13:12:21	20.71	--	31	64201	买盘
13:12:03	20.71	--	9	18639	买盘
13:11:51	20.71	-0.04	21	43491	卖盘
13:11:36	20.75	0.05	1	2075	买盘
13:11:21	20.7	--	37	76590	卖盘
13:10:21	20.7	-0.05	33	68310	卖盘
13:10:06	20.75	0.05	1	2075	买盘
13:09:45	20.7	-0.01	3	6210	卖盘
13:09:36	20.71	0.01	3	6213	中性盘
13:09:21	20.7	--	31	64170	卖盘
13:09:12	20.7	-0.05	1	2070	卖盘
13:08:42	20.75	--	5	10375	买盘
13:08:30	20.75	0.05	1	2075	买盘
13:08:21	20.7	-0.05	31	64170	卖盘
13:08:06	20.75	0.05	1	2075	买盘
13:07:57	20.7	--	46	95220	卖盘
13:07:39	20.7	-0.01	28	57960	卖盘
13:07:21	20.71	-0.04	44	91124	卖盘
13:07:09	20.75	--	30	62250	买盘
13:06:45	20.75	--	5	10375	买盘
13:06:42	20.75	--	50	103750	买盘
13:06:24	20.75	0.06	50	103750	买盘
13:06:21	20.69	-0.05	32	66208	卖盘
13:06:09	20.74	--	34	70516	买盘
13:05:51	20.74	0.05	50	103699	买盘
13:05:21	20.69	-0.05	31	64139	卖盘
13:04:33	20.74	0.05	1	2074	买盘
13:04:21	20.69	-0.01	34	70346	卖盘
13:04:15	20.7	--	11	22770	卖盘
13:04:09	20.7	-0.03	11	22770	卖盘
13:03:57	20.73	0.03	11	22803	买盘
13:03:21	20.7	-0.04	33	68310	卖盘
13:03:15	20.74	0.04	4	8296	买盘
13:03:12	20.7	-0.04	3	6210	卖盘
13:03:03	20.74	--	1	2074	买盘
13:02:45	20.74	0.04	1	2074	买盘
13:02:39	20.7	0.01	43	89010	中性盘
13:02:21	20.69	--	31	64139	卖盘
13:01:42	20.69	--	11	22759	卖盘
13:01:21	20.69	-0.06	30	62070	卖盘
13:01:18	20.75	--	10	20750	买盘
13:00:42	20.75	--	1	2075	买盘
13:00:12	20.75	0.04	10	20750	买盘
13:00:09	20.71	-0.04	5	10355	卖盘
13:00:06	20.75	0.01	79	163925	买盘
13:00:03	20.74	--	0	0	中性盘
11:30:03	20.74	--	0	0	中性盘
11:29:45	20.74	0.04	2	4148	中性盘
11:29:21	20.7	--	31	64170	卖盘
11:29:12	20.7	-0.04	10	20700	卖盘
11:28:36	20.74	-0.01	3	6221	卖盘
11:28:21	20.75	0.06	83	172225	买盘
11:27:21	20.69	-0.05	34	70346	卖盘
11:27:06	20.74	-0.01	1	2074	中性盘
11:26:27	20.75	0.06	2	4150	买盘
11:26:21	20.69	-0.06	31	64139	卖盘
11:25:45	20.75	0.01	123	255225	买盘
11:25:33	20.74	0.05	11	22814	买盘
11:25:21	20.69	-0.02	31	64139	卖盘
11:25:15	20.71	-0.03	2	4142	卖盘
11:25:12	20.74	0.06	1	2074	买盘
11:24:45	20.68	--	25	51700	卖盘
11:24:21	20.68	-0.06	34	70312	卖盘
11:24:06	20.74	0.05	7	14517	买盘
11:24:03	20.69	0.01	9	18621	中性盘
11:23:21	20.68	-0.07	37	76516	卖盘
11:23:03	20.75	0.06	1	2075	买盘
11:22:33	20.69	-0.06	1	2069	卖盘
11:22:24	20.75	0.06	8	16600	买盘
11:22:21	20.69	-0.06	32	66208	卖盘
11:22:06	20.75	--	1	2075	买盘
11:22:03	20.75	--	38	78850	卖盘
11:21:48	20.75	--	1	2075	卖盘
11:21:45	20.75	0.06	77	159775	买盘
11:21:21	20.69	-0.06	34	70346	卖盘
11:21:18	20.75	-0.01	3	6225	卖盘
11:21:12	20.76	0.01	1	2076	买盘
11:20:51	20.75	--	65	134875	买盘
11:20:30	20.75	0.05	1	2075	买盘
11:20:27	20.7	--	13	26910	卖盘
11:20:21	20.7	-0.05	33	68310	中性盘
11:19:45	20.75	0.07	1	2075	买盘
11:19:42	20.68	--	3	6204	卖盘
11:19:21	20.68	-0.07	32	66176	卖盘
11:19:15	20.75	--	2	4150	买盘
11:19:12	20.75	--	1	2075	买盘
11:19:03	20.75	--	1	2075	买盘
11:19:00	20.75	--	21	43575	买盘
11:18:30	20.75	--	2	4150	买盘
11:18:21	20.75	0.03	33	68475	买盘
11:18:00	20.72	--	5	10360	卖盘
11:17:30	20.72	0.03	145	300440	买盘
11:17:27	20.69	0.01	18	37242	买盘
11:17:21	20.68	-0.02	32	66176	卖盘
11:17:18	20.7	0.01	1	2070	中性盘
11:16:51	20.69	-0.01	2	4138	卖盘
11:16:42	20.7	0.01	4	8280	买盘
11:16:36	20.69	-0.01	2	4138	中性盘
11:16:24	20.7	0.02	1	2070	买盘
11:16:21	20.68	-0.02	30	62040	卖盘
11:16:09	20.7	0.01	3	6210	买盘
11:16:06	20.69	-0.01	1	2069	卖盘
11:16:03	20.7	--	10	20700	买盘
11:15:42	20.7	-0.01	3	6210	中性盘
11:15:24	20.71	0.02	1	2071	买盘
11:15:21	20.69	-0.01	34	70346	卖盘
11:15:12	20.7	--	1	2070	卖盘
11:15:06	20.7	--	4	8280	中性盘
11:15:00	20.7	0.01	3	6210	买盘
11:14:51	20.69	-0.01	1	2069	中性盘
11:14:27	20.7	0.02	2	4140	中性盘
11:14:21	20.68	-0.03	34	70312	卖盘
11:14:12	20.71	--	4	8284	买盘
11:14:06	20.71	--	10	20710	买盘
11:13:42	20.71	0.03	1	2071	中性盘
11:13:21	20.68	-0.03	33	68244	卖盘
11:13:15	20.71	--	7	15532	买盘
11:13:12	20.71	0.02	1	2071	买盘
11:13:00	20.69	-0.02	42	86898	卖盘
11:12:48	20.71	--	2	4142	买盘
11:12:45	20.71	0.02	5	10355	买盘
11:12:39	20.69	-0.02	1	2069	卖盘
11:12:33	20.71	--	5	10355	买盘
11:12:27	20.71	0.02	11	22781	买盘
11:12:21	20.69	-0.02	31	64139	卖盘
11:12:06	20.71	--	1	2071	买盘
11:12:00	20.71	--	5	10355	买盘
11:11:57	20.71	0.02	50	103550	买盘
11:11:39	20.69	-0.02	1	2069	卖盘
11:11:21	20.71	0.01	32	66272	中性盘
11:11:18	20.7	--	1	2070	卖盘
11:11:00	20.7	-0.02	1	2070	中性盘
11:10:48	20.72	--	2	4144	买盘
11:10:33	20.72	0.05	5	10360	买盘
11:10:30	20.67	--	4	8268	卖盘
11:10:27	20.67	--	7	14469	卖盘
11:10:24	20.67	-0.05	15	31005	卖盘
11:10:21	20.72	0.02	44	91168	买盘
11:10:15	20.7	0.04	5	11736	买盘
11:10:12	20.66	-0.03	100	206600	卖盘
11:10:09	20.69	0.03	9	18621	买盘
11:10:03	20.66	--	40	82640	买盘
11:10:00	20.66	0.02	5	10330	买盘
11:09:57	20.64	-0.02	6	12384	卖盘
11:09:48	20.66	0.02	22	45452	买盘
11:09:45	20.64	-0.02	26	53664	卖盘
11:09:42	20.66	--	70	144620	买盘
11:09:39	20.66	--	34	70244	买盘
11:09:36	20.66	--	10	20660	买盘
11:09:24	20.66	0.02	5	10330	买盘
11:09:21	20.64	-0.02	33	68112	卖盘
11:09:18	20.66	-0.02	15	30990	卖盘
11:09:15	20.68	--	5	10340	买盘
11:09:06	20.68	--	10	20680	买盘
11:09:03	20.68	--	2	4136	中性盘
11:08:48	20.68	-0.01	39	80652	卖盘
11:08:45	20.69	--	11	22759	买盘
11:08:42	20.69	0.01	3	6207	买盘
11:08:39	20.68	--	1	2068	卖盘
11:08:30	20.68	-0.02	42	86856	卖盘
11:08:27	20.7	0.01	1	2070	买盘
11:08:21	20.69	-0.01	33	68277	卖盘
11:08:06	20.7	--	280	580883	卖盘
11:08:00	20.7	--	11	22770	卖盘
11:07:57	20.7	--	20	41400	卖盘
11:07:54	20.7	--	14	28980	卖盘
11:07:51	20.7	--	6	12420	卖盘
11:07:45	20.7	-0.01	29	60030	卖盘
11:07:42	20.71	-0.01	15	31065	卖盘
11:07:27	20.72	0.01	64	132608	中性盘
11:07:21	20.71	-0.01	57	118047	卖盘
11:07:18	20.72	-0.01	1	2072	卖盘
11:07:15	20.73	0.01	38	78774	买盘
11:07:06	20.72	--	22	45584	卖盘
11:07:00	20.72	--	159	329448	卖盘
11:06:45	20.72	--	18	37296	卖盘
11:06:42	20.72	-0.01	19	39368	卖盘
11:06:39	20.73	--	1	2073	买盘
11:06:36	20.73	0.01	1	2073	买盘
11:06:30	20.72	-0.01	11	22792	卖盘
11:06:27	20.73	--	2	4146	买盘
11:06:24	20.73	0.01	1	2073	买盘
11:06:21	20.72	-0.01	32	66304	卖盘
11:06:09	20.73	--	3	6219	卖盘
11:06:03	20.73	-0.01	1	2073	卖盘
11:06:00	20.74	0.01	3	6221	买盘
11:05:45	20.73	--	2	4146	买盘
11:05:30	20.73	-0.01	11	22803	中性盘
11:05:21	20.74	0.01	36	74664	买盘
11:05:15	20.73	--	10	20730	卖盘
11:05:12	20.73	--	10	20730	卖盘
11:05:00	20.73	-0.01	17	35241	卖盘
11:04:54	20.74	--	3	6221	买盘
11:04:51	20.74	0.01	34	70516	买盘
11:04:33	20.73	-0.01	64	132672	卖盘
11:04:21	20.74	-0.01	45	93330	卖盘
11:04:06	20.75	0.01	1	2075	买盘
11:04:03	20.74	-0.01	1	2074	中性盘
11:03:39	20.75	--	1	2075	买盘
11:03:27	20.75	--	1	2075	中性盘
11:03:24	20.75	--	11	22825	卖盘
11:03:21	20.75	--	32	66400	卖盘
11:03:15	20.75	0.02	5	10375	中性盘
11:03:03	20.73	-0.03	500	1036500	卖盘
11:03:00	20.76	0.01	1	2076	买盘
11:02:54	20.75	--	10	20750	卖盘
11:02:51	20.75	--	41	85863	卖盘
11:02:27	20.75	--	1	2075	卖盘
11:02:21	20.75	--	32	66400	卖盘
11:02:09	20.75	-0.01	24	49800	卖盘
11:02:03	20.76	--	2	4152	买盘
11:02:00	20.76	--	33	68508	买盘
11:01:57	20.76	0.01	7	14532	买盘
11:01:54	20.75	-0.01	14	29050	卖盘
11:01:51	20.76	--	4	8304	买盘
11:01:27	20.76	--	1	2076	买盘
11:01:21	20.76	0.01	32	66432	买盘
11:01:15	20.75	-0.01	5	10375	卖盘
11:01:09	20.76	0.01	2	4152	买盘
11:01:03	20.75	--	2	4150	卖盘
11:00:42	20.75	--	51	105825	卖盘
11:00:21	20.75	--	34	70550	卖盘
11:00:15	20.75	-0.01	40	83000	卖盘
11:00:06	20.76	0.01	1	2076	买盘
10:59:57	20.75	--	10	20750	卖盘
10:59:54	20.75	-0.01	1	2075	卖盘
10:59:27	20.76	--	1	2076	买盘
10:59:21	20.76	0.01	111	230436	买盘
10:59:18	20.75	-0.01	2	4150	卖盘
10:59:09	20.76	0.01	1	2076	买盘
10:59:06	20.75	-0.01	1	2075	卖盘
10:59:03	20.76	-0.01	84	174384	卖盘
10:58:45	20.77	--	7	14539	卖盘
10:58:33	20.77	0.01	13	27001	买盘
10:58:21	20.76	-0.01	33	68508	卖盘
10:58:18	20.77	--	10	20770	买盘
10:58:12	20.77	--	1	2077	买盘
10:58:03	20.77	0.01	2	4154	买盘
10:58:00	20.76	-0.01	1	2076	卖盘
10:57:48	20.77	0.01	1	2077	买盘
10:57:21	20.76	-0.01	33	68508	卖盘
10:57:18	20.77	--	1	2077	买盘
10:57:15	20.77	0.01	14	29078	买盘
10:57:12	20.76	--	1	2076	卖盘
10:57:09	20.76	--	4	8304	卖盘
10:56:54	20.76	-0.01	29	60204	卖盘
10:56:45	20.77	0.01	1	2077	买盘
10:56:24	20.76	--	4	8304	卖盘
10:56:21	20.76	-0.01	31	64356	卖盘
10:56:18	20.77	0.01	1	2077	买盘
10:55:57	20.76	-0.01	35	72660	卖盘
10:55:30	20.77	0.01	1	2077	中性盘
10:55:21	20.76	-0.02	34	70584	卖盘
10:54:57	20.78	0.02	2	4156	买盘
10:54:33	20.76	--	11	22836	卖盘
10:54:21	20.76	-0.02	33	68508	卖盘
10:54:18	20.78	--	27	56106	买盘
10:54:09	20.78	0.01	1	2078	买盘
10:53:54	20.77	--	1	2077	卖盘
10:53:45	20.77	0.01	89	184853	买盘
10:53:39	20.76	-0.01	30	62280	卖盘
10:53:27	20.77	0.01	1	2077	中性盘
10:53:21	20.76	-0.01	33	68508	卖盘
10:53:18	20.77	0.01	11	22847	买盘
10:53:12	20.76	--	5	10380	卖盘
10:53:09	20.76	--	71	147396	卖盘
10:53:03	20.76	--	2	4152	卖盘
10:53:00	20.76	-0.01	1	2076	卖盘
10:52:39	20.77	-0.01	6	12462	卖盘
10:52:33	20.78	0.01	11	22858	买盘
10:52:21	20.77	-0.01	31	64387	卖盘
10:52:06	20.78	0.01	1	2078	买盘
10:52:00	20.77	--	1	2077	卖盘
10:51:39	20.77	-0.01	1	2077	卖盘
10:51:27	20.78	0.01	9	18702	买盘
10:51:21	20.77	-0.01	31	64387	卖盘
10:51:09	20.78	0.01	1	2078	买盘
10:51:06	20.77	-0.01	9	18693	卖盘
10:51:00	20.78	0.01	5	10390	买盘
10:50:54	20.77	-0.01	21	43617	卖盘
10:50:42	20.78	0.01	10	20780	买盘
10:50:21	20.77	-0.01	31	64387	卖盘
10:50:15	20.78	--	1	2078	买盘
10:50:03	20.78	0.01	10	20780	中性盘
10:49:42	20.77	0.01	1	2077	中性盘
10:49:21	20.76	-0.01	33	68508	卖盘
10:49:12	20.77	-0.02	4	8308	卖盘
10:49:09	20.79	0.02	1	2079	买盘
10:48:57	20.77	-0.02	6	12462	中性盘
10:48:30	20.79	0.03	22	45738	买盘
10:48:21	20.76	-0.01	34	70584	卖盘
10:48:03	20.77	--	1	2077	买盘
10:48:00	20.77	--	3	6231	买盘
10:47:48	20.77	--	3	6231	买盘
10:47:45	20.77	--	11	22847	买盘
10:47:30	20.77	--	51	105927	卖盘
10:47:06	20.77	--	6	12462	卖盘
10:47:00	20.77	--	15	31155	卖盘
10:46:54	20.77	--	1	2077	卖盘
10:46:06	20.77	-0.01	31	64387	卖盘
10:46:00	20.78	--	2	4156	买盘
10:45:54	20.78	--	1	2078	买盘
10:45:30	20.78	--	5	10390	买盘
10:45:12	20.78	0.01	2	4156	买盘
10:44:45	20.77	-0.01	1	2077	卖盘
10:44:12	20.78	--	43	89354	买盘
10:44:03	20.78	0.01	1	2078	买盘
10:43:51	20.77	--	5	10385	卖盘
10:43:12	20.77	-0.01	22	45694	卖盘
10:43:03	20.78	--	59	122602	卖盘
10:42:51	20.78	--	1	2078	卖盘
10:42:39	20.78	--	1	2078	卖盘
10:42:33	20.78	--	50	103900	卖盘
10:42:24	20.78	--	29	60262	买盘
10:42:15	20.78	--	1	2078	买盘
10:42:12	20.78	-0.01	12	24936	卖盘
10:42:06	20.79	0.01	5	10395	买盘
10:42:03	20.78	--	15	31170	卖盘
10:41:45	20.78	-0.01	1	2078	卖盘
10:41:21	20.79	--	32	66528	买盘
10:41:06	20.79	0.01	1	2079	买盘
10:40:42	20.78	--	1	2078	卖盘
10:40:00	20.78	-0.01	5	10390	卖盘
10:39:57	20.79	0.02	1	2079	中性盘
10:39:42	20.77	-0.03	1	2077	卖盘
10:39:39	20.8	0.02	19	39520	买盘
10:39:27	20.78	--	3	6234	买盘
10:39:12	20.78	--	3	6234	买盘
10:39:06	20.78	0.01	1	2078	买盘
10:38:48	20.77	-0.01	1	2077	卖盘
10:38:45	20.78	--	2	4156	买盘
10:38:27	20.78	-0.02	9	18702	卖盘
10:38:06	20.8	0.02	1	2080	买盘
10:38:03	20.78	--	11	22858	卖盘
10:37:42	20.78	--	103	214034	卖盘
10:37:39	20.78	-0.02	1	2078	卖盘
10:37:06	20.8	--	10	20800	买盘
10:37:00	20.8	0.02	1	2080	买盘
10:36:39	20.78	--	2	4156	卖盘
10:36:30	20.78	-0.02	33	68574	卖盘
10:36:27	20.8	--	2	4160	买盘
10:36:06	20.8	--	1	2080	买盘
10:36:03	20.8	0.02	8	16640	买盘
10:35:39	20.78	--	1	2078	卖盘
10:35:30	20.78	--	38	78964	卖盘
10:35:09	20.78	-0.02	6	12468	卖盘
10:35:06	20.8	0.02	2	4160	买盘
10:34:30	20.78	-0.02	32	66496	卖盘
10:34:00	20.8	0.01	1	2080	买盘
10:33:33	20.79	-0.01	60	124740	卖盘
10:33:27	20.8	0.01	15	31200	买盘
10:33:12	20.79	-0.01	1	2079	中性盘
10:32:51	20.8	0.02	1	2080	买盘
10:32:42	20.78	--	1	2078	卖盘
10:32:30	20.78	-0.02	31	64418	卖盘
10:31:57	20.8	0.01	11	22880	买盘
10:31:54	20.79	--	1	2079	买盘
10:31:48	20.79	0.01	1	2079	买盘
10:31:42	20.78	--	4	8312	卖盘
10:31:30	20.78	-0.01	34	70652	卖盘
10:30:54	20.79	0.01	1	2079	买盘
10:30:42	20.78	--	1	2078	卖盘
10:30:30	20.78	-0.01	33	68574	卖盘
10:30:27	20.79	0.01	1	2079	买盘
10:30:21	20.78	0.01	2	4156	买盘
10:30:15	20.77	0.01	1	2077	卖盘
10:30:06	20.76	--	25	51900	卖盘
10:29:45	20.76	--	1	2076	卖盘
10:29:39	20.76	--	22	45672	卖盘
10:29:30	20.76	-0.01	32	66432	卖盘
10:29:21	20.77	--	4	8308	卖盘
10:29:09	20.77	0.01	1	2077	买盘
10:29:06	20.76	-0.04	11	22836	卖盘
10:29:03	20.8	0.03	1	2080	买盘
10:29:00	20.77	--	11	22847	卖盘
10:28:57	20.77	-0.03	11	22847	卖盘
10:28:54	20.8	0.04	20	41600	中性盘
10:28:48	20.76	--	12	24912	卖盘
10:28:30	20.76	-0.04	30	62280	卖盘
10:28:27	20.8	--	10	20800	卖盘
10:28:09	20.8	0.01	67	139360	买盘
10:28:00	20.79	--	2	4158	买盘
10:27:51	20.79	--	3	6237	卖盘
10:27:45	20.79	--	1	2079	卖盘
10:27:30	20.79	--	33	68607	卖盘
10:27:27	20.79	--	4	8316	卖盘
10:27:09	20.79	-0.01	20	41580	卖盘
10:26:57	20.8	0.01	1	2080	买盘
10:26:45	20.79	0.05	140	291060	买盘
10:26:30	20.74	-0.04	34	70516	卖盘
10:26:15	20.78	--	9	18702	买盘
10:25:57	20.78	0.03	1	2078	买盘
10:25:45	20.75	--	1	2075	卖盘
10:25:39	20.75	0.02	12	24900	买盘
10:25:30	20.73	-0.01	33	68409	卖盘
10:25:27	20.74	--	25	51849	卖盘
10:25:00	20.74	--	13	26961	卖盘
10:24:48	20.74	--	1	2074	卖盘
10:24:30	20.74	-0.01	34	70516	卖盘
10:24:27	20.75	--	2	4150	买盘
10:24:21	20.75	--	2	4150	买盘
10:24:18	20.75	--	30	62250	买盘
10:24:03	20.75	--	2	4150	卖盘
10:23:51	20.75	--	2	4150	卖盘
10:23:48	20.75	0.01	27	56025	买盘
10:23:39	20.74	-0.01	1	2074	卖盘
10:23:33	20.75	0.01	24	49800	买盘
10:23:30	20.74	-0.01	31	64293	卖盘
10:23:03	20.75	--	48	99600	买盘
10:22:57	20.75	--	5	10375	买盘
10:22:36	20.75	0.01	3	6225	卖盘
10:22:33	20.74	--	1	2074	卖盘
10:22:30	20.74	-0.01	34	70516	卖盘
10:22:24	20.75	--	5	10375	买盘
10:22:21	20.75	--	3	6225	买盘
10:22:15	20.75	--	24	49800	买盘
10:22:03	20.75	0.01	1	2075	买盘
10:21:48	20.74	-0.01	5	10370	卖盘
10:21:39	20.75	0.01	4	8300	中性盘
10:21:33	20.74	--	1	2074	卖盘
10:21:30	20.74	--	30	62219	卖盘
10:21:15	20.74	-0.02	11	22814	卖盘
10:21:00	20.76	--	40	83040	买盘
10:20:54	20.76	0.01	1	2096	买盘
10:20:45	20.75	-0.01	10	20750	卖盘
10:20:39	20.76	0.01	46	95496	买盘
10:20:36	20.75	--	15	31125	买盘
10:20:33	20.75	0.01	10	20750	买盘
10:20:30	20.74	-0.01	31	64293	卖盘
10:20:27	20.75	--	1	2075	买盘
10:20:24	20.75	--	25	51875	买盘
10:20:15	20.75	--	18	37350	买盘
10:20:12	20.75	--	5	10375	买盘
10:20:09	20.75	-0.01	38	78850	卖盘
10:20:06	20.76	--	11	22836	买盘
10:20:03	20.76	--	11	22836	买盘
10:20:00	20.76	--	5	10380	买盘
10:19:54	20.76	0.01	66	137016	买盘
10:19:45	20.75	--	1	2075	卖盘
10:19:42	20.75	-0.01	7	14525	卖盘
10:19:39	20.76	0.01	5	10380	买盘
10:19:30	20.75	-0.01	34	70550	卖盘
10:19:21	20.76	--	6	12456	买盘
10:19:18	20.76	--	4	8304	买盘
10:19:09	20.76	0.01	5	10380	买盘
10:19:06	20.75	-0.01	25	51875	卖盘
10:18:51	20.76	--	1	2076	买盘
10:18:36	20.76	0.01	5	10380	买盘
10:18:30	20.75	-0.01	54	112050	卖盘
10:18:27	20.76	--	1	2076	买盘
10:18:24	20.76	--	2	4152	买盘
10:18:15	20.76	--	6	12456	买盘
10:18:09	20.76	--	22	45672	买盘
10:18:00	20.76	--	3	6228	买盘
10:17:57	20.76	0.01	1	2076	买盘
10:17:54	20.75	-0.01	1	2075	卖盘
10:17:51	20.76	--	3	6228	买盘
10:17:39	20.76	0.01	6	12456	买盘
10:17:30	20.75	-0.01	32	66400	卖盘
10:17:15	20.76	--	55	114180	买盘
10:17:09	20.76	--	3	6228	买盘
10:16:57	20.76	--	30	62280	买盘
10:16:54	20.76	0.01	1	2076	买盘
10:16:51	20.75	--	10	20750	卖盘
10:16:30	20.75	-0.01	31	64325	卖盘
10:16:27	20.76	-0.02	1	2076	中性盘
10:16:09	20.78	0.02	45	93510	买盘
10:16:00	20.76	-0.02	2	4152	卖盘
10:15:48	20.78	0.03	1	2078	买盘
10:15:33	20.75	--	1	2075	卖盘
10:15:30	20.75	-0.03	31	64325	卖盘
10:15:27	20.78	0.03	51	105978	买盘
10:15:06	20.75	-0.03	2	4150	卖盘
10:14:48	20.78	0.03	2	4156	买盘
10:14:42	20.75	0.02	2	4150	买盘
10:14:30	20.73	-0.02	33	68409	卖盘
10:14:27	20.75	0.02	400	830000	买盘
10:14:12	20.73	-0.02	122	252906	卖盘
10:13:57	20.75	0.02	1	2075	买盘
10:13:45	20.73	--	1	2073	卖盘
10:13:30	20.73	--	31	64263	卖盘
10:13:00	20.73	--	4	8292	卖盘
10:12:54	20.73	-0.02	1	2073	卖盘
10:12:45	20.75	0.02	1	2075	买盘
10:12:42	20.73	--	67	138891	卖盘
10:12:30	20.73	-0.01	35	72555	卖盘
10:12:27	20.74	--	67	138958	卖盘
10:12:12	20.74	--	5	10370	卖盘
10:11:57	20.74	--	4	8296	买盘
10:11:54	20.74	--	7	14517	卖盘
10:11:45	20.74	-0.01	1	2074	卖盘
10:11:36	20.75	0.01	12	24900	买盘
10:11:30	20.74	-0.01	33	68442	卖盘
10:11:27	20.75	-0.01	35	72625	卖盘
10:11:18	20.76	--	4	8304	买盘
10:11:06	20.76	--	6	12456	买盘
10:10:57	20.76	0.01	1	2076	买盘
10:10:39	20.75	--	1	2075	卖盘
10:10:36	20.75	--	10	20750	卖盘
10:10:30	20.75	--	31	64325	卖盘
10:10:24	20.75	-0.01	41	85075	卖盘
10:10:21	20.76	--	3	6228	买盘
10:10:18	20.76	0.01	4	8304	买盘
10:10:09	20.75	-0.01	10	20750	卖盘
10:10:03	20.76	--	25	51900	买盘
10:10:00	20.76	--	12	24912	买盘
10:09:54	20.76	--	11	22836	买盘
10:09:48	20.76	--	10	20760	买盘
10:09:45	20.76	--	7	14532	卖盘
10:09:30	20.76	--	34	70584	卖盘
10:09:12	20.76	--	4	8304	卖盘
10:09:09	20.76	--	5	10380	买盘
10:09:06	20.76	--	2	4152	买盘
10:09:00	20.76	0.01	6	12456	买盘
10:08:54	20.75	-0.01	1	2075	卖盘
10:08:39	20.76	--	5	10380	买盘
10:08:36	20.76	--	33	68508	卖盘
10:08:30	20.76	--	43	89268	卖盘
10:08:27	20.76	--	20	41520	卖盘
10:08:12	20.76	-0.02	25	51900	卖盘
10:07:54	20.78	--	1	2078	买盘
10:07:30	20.78	0.01	36	74808	买盘
10:07:27	20.77	-0.01	3	6231	卖盘
10:07:12	20.78	--	5	10390	买盘
10:06:51	20.78	0.01	1	2078	买盘
10:06:42	20.77	--	30	62310	卖盘
10:06:39	20.77	-0.01	60	124620	卖盘
10:06:36	20.78	--	8	16624	卖盘
10:06:33	20.78	--	1	2078	卖盘
10:06:30	20.78	0.01	31	64418	中性盘
10:06:06	20.77	-0.04	90	186930	卖盘
10:05:57	20.81	0.03	1	2081	买盘
10:05:51	20.78	--	12	24936	卖盘
10:05:48	20.78	--	24	49872	卖盘
10:05:39	20.78	--	1	2078	卖盘
10:05:36	20.78	--	32	66496	卖盘
10:05:30	20.78	--	34	70652	卖盘
10:05:15	20.78	--	18	37404	卖盘
10:05:12	20.78	-0.01	6	12468	卖盘
10:05:03	20.79	0.01	35	72765	买盘
10:04:57	20.78	-0.03	21	43638	卖盘
10:04:51	20.81	0.03	2	4162	买盘
10:04:45	20.78	--	11	22858	卖盘
10:04:33	20.78	-0.07	1	2078	卖盘
10:04:12	20.85	--	3	6255	卖盘
10:04:03	20.85	0.07	17	35445	买盘
10:04:00	20.78	-0.04	182	378196	卖盘
10:03:54	20.82	-0.03	3	6246	卖盘
10:03:39	20.85	0.02	5	10425	中性盘
10:03:12	20.83	-0.01	20	41660	卖盘
10:03:03	20.84	--	2	4168	买盘
10:02:51	20.84	0.01	11	22924	买盘
10:02:36	20.83	0.01	2	4166	买盘
10:02:33	20.82	0.01	1	2082	中性盘
10:02:09	20.81	--	7	14567	买盘
10:02:06	20.81	-0.02	43	89483	卖盘
10:01:57	20.83	-0.01	1	2083	买盘
10:01:45	20.84	0.03	20	41680	买盘
10:01:36	20.81	-0.01	1	2081	卖盘
10:01:21	20.82	--	14	29148	卖盘
10:01:15	20.82	0.01	6	12492	中性盘
10:01:06	20.81	-0.01	21	43701	卖盘
10:00:57	20.82	--	27	56214	买盘
10:00:54	20.82	--	11	22902	买盘
10:00:51	20.82	--	11	22902	买盘
10:00:48	20.82	--	10	20820	买盘
10:00:36	20.82	-0.02	7	14574	卖盘
10:00:09	20.84	--	10	20840	买盘
09:59:45	20.84	--	4	8336	买盘
09:59:42	20.84	0.02	5	10420	买盘
09:59:30	20.82	-0.01	1	2082	卖盘
09:59:24	20.83	0.01	1	2083	买盘
09:59:21	20.82	--	7	14574	卖盘
09:59:03	20.82	--	12	24984	买盘
09:58:48	20.82	0.02	1	2082	买盘
09:58:36	20.8	-0.03	65	135200	卖盘
09:58:30	20.83	0.02	3	6248	中性盘
09:58:21	20.81	0.01	5	10405	中性盘
09:57:57	20.8	-0.02	14	29120	卖盘
09:57:51	20.82	0.02	12	24984	中性盘
09:57:39	20.8	--	3	6240	卖盘
09:57:09	20.8	--	149	309920	卖盘
09:56:54	20.8	-0.01	25	52000	卖盘
09:56:51	20.81	0.01	13	27053	买盘
09:56:33	20.8	--	1	2080	卖盘
09:56:24	20.8	--	30	62400	卖盘
09:56:21	20.8	-0.01	30	62400	卖盘
09:56:03	20.81	--	23	47863	卖盘
09:56:00	20.81	-0.01	20	41620	卖盘
09:55:54	20.82	--	1	2082	买盘
09:55:45	20.82	--	10	20820	买盘
09:55:42	20.82	--	11	22902	买盘
09:55:33	20.82	--	2	4164	卖盘
09:55:27	20.82	--	1	2082	卖盘
09:55:12	20.82	0.01	11	22902	买盘
09:55:09	20.81	-0.01	5	10405	卖盘
09:55:03	20.82	--	11	22902	买盘
09:54:57	20.82	--	13	27066	卖盘
09:54:48	20.82	-0.03	41	85362	卖盘
09:54:42	20.85	0.03	1	2085	买盘
09:54:36	20.82	-0.03	1	2082	卖盘
09:54:33	20.85	0.02	50	104250	买盘
09:54:24	20.83	--	6	12497	卖盘
09:54:06	20.83	--	10	20830	卖盘
09:54:00	20.83	-0.02	11	22912	卖盘
09:53:57	20.85	--	144	300240	卖盘
09:53:48	20.85	--	2	4170	卖盘
09:53:39	20.85	--	20	41700	卖盘
09:53:33	20.85	-0.01	2	4170	卖盘
09:53:27	20.86	0.01	1	2086	买盘
09:53:12	20.85	--	18	37530	卖盘
09:52:54	20.85	--	29	60465	买盘
09:52:51	20.85	0.02	1	2085	买盘
09:52:45	20.83	--	1	2083	卖盘
09:52:30	20.83	--	1	2083	卖盘
09:52:24	20.83	--	2	4166	卖盘
09:52:06	20.83	--	2	4166	买盘
09:51:51	20.83	--	3	6248	买盘
09:51:48	20.83	--	5	10415	买盘
09:51:42	20.83	--	5	10415	买盘
09:51:30	20.83	-0.03	235	489504	卖盘
09:51:27	20.86	0.01	1	2086	买盘
09:51:03	20.85	--	30	62550	买盘
09:50:51	20.85	0.02	1	2085	买盘
09:50:48	20.83	-0.02	10	20830	卖盘
09:50:45	20.85	0.02	2	4170	买盘
09:50:39	20.83	-0.03	1	2083	卖盘
09:50:09	20.86	--	4	8344	卖盘
09:50:06	20.86	--	4	8344	卖盘
09:49:57	20.86	--	12	25032	买盘
09:49:42	20.86	--	1	2086	买盘
09:49:36	20.86	0.03	8	16688	买盘
09:49:30	20.83	--	1	2083	卖盘
09:49:27	20.83	--	11	22912	卖盘
09:49:09	20.83	-0.03	1	2083	中性盘
09:48:45	20.86	0.04	1	2086	买盘
09:48:36	20.82	--	80	167996	买盘
09:48:30	20.82	--	5	10410	买盘
09:48:21	20.82	--	3	6246	买盘
09:48:18	20.82	-0.01	1	2082	买盘
09:48:15	20.83	0.01	178	370773	买盘
09:48:06	20.82	-0.01	61	127002	卖盘
09:47:57	20.83	0.01	178	370773	买盘
09:47:54	20.82	-0.01	11	22902	卖盘
09:47:51	20.83	--	2	4166	买盘
09:47:45	20.83	--	10	20830	买盘
09:47:42	20.83	-0.02	111	231212	卖盘
09:47:39	20.85	--	3	6255	卖盘
09:47:33	20.85	--	2	4170	卖盘
09:47:30	20.85	-0.05	11	22935	卖盘
09:47:27	20.9	0.04	301	629090	买盘
09:47:24	20.86	--	11	22946	卖盘
09:47:21	20.86	-0.04	11	22946	卖盘
09:47:18	20.9	0.04	10	20900	买盘
09:47:15	20.86	-0.04	11	22946	卖盘
09:47:09	20.9	0.04	103	215269	买盘
09:47:06	20.86	-0.04	38	79268	卖盘
09:47:00	20.9	-0.02	51	106590	卖盘
09:46:54	20.92	--	22	46024	卖盘
09:46:51	20.92	0.02	38	79496	买盘
09:46:48	20.9	-0.02	25	52250	卖盘
09:46:36	20.92	0.02	154	322168	买盘
09:46:15	20.9	0.03	31	64789	买盘
09:46:09	20.87	-0.03	30	62610	卖盘
09:46:06	20.9	--	7	14629	买盘
09:46:03	20.9	--	10	20900	买盘
09:46:00	20.9	--	10	20900	买盘
09:45:42	20.9	0.05	1	2090	买盘
09:45:18	20.85	--	219	457782	买盘
09:45:09	20.85	--	25	52125	买盘
09:45:03	20.85	--	50	104250	买盘
09:45:00	20.85	--	10	20850	买盘
09:44:42	20.85	0.01	1	2085	买盘
09:44:24	20.84	-0.01	12	25008	卖盘
09:44:21	20.85	-0.06	178	371130	卖盘
09:44:18	20.91	--	40	83640	买盘
09:44:09	20.91	0.04	4	8364	买盘
09:44:00	20.87	-0.04	300	626100	卖盘
09:43:57	20.91	-0.01	8	16728	中性盘
09:43:36	20.92	0.03	110	230120	买盘
09:43:33	20.89	--	5	10445	卖盘
09:43:30	20.89	--	2	4178	卖盘
09:43:27	20.89	-0.01	16	33424	卖盘
09:43:15	20.9	--	12	25080	卖盘
09:43:09	20.9	--	5	10450	卖盘
09:43:06	20.9	-0.02	3	6270	卖盘
09:42:57	20.92	--	20	41840	买盘
09:42:54	20.92	--	9	18828	卖盘
09:42:42	20.92	--	24	50208	买盘
09:42:39	20.92	0.02	58	121336	买盘
09:42:30	20.9	--	10	20900	卖盘
09:42:27	20.9	--	5	10450	卖盘
09:42:24	20.9	0.01	55	114949	买盘
09:42:21	20.89	0.04	30	62670	买盘
09:42:12	20.85	--	3	6255	卖盘
09:42:09	20.85	-0.04	1	2085	卖盘
09:41:57	20.89	--	1	2089	卖盘
09:41:54	20.89	0.04	60	125340	买盘
09:41:51	20.85	-0.04	20	41700	卖盘
09:41:45	20.89	--	4	8356	买盘
09:41:42	20.89	--	5	10445	买盘
09:41:39	20.89	-0.01	40	83560	卖盘
09:41:33	20.9	--	12	25080	买盘
09:41:30	20.9	--	16	33440	买盘
09:41:27	20.9	-0.03	99	206910	卖盘
09:41:24	20.93	--	100	209300	买盘
09:41:18	20.93	-0.01	1	2093	卖盘
09:41:15	20.94	--	16	33504	买盘
09:41:12	20.94	0.01	11	23034	买盘
09:41:09	20.93	-0.01	55	115115	卖盘
09:41:06	20.94	0.01	5	10470	买盘
09:41:03	20.93	--	85	177905	卖盘
09:41:00	20.93	--	64	133952	卖盘
09:40:54	20.93	0.04	231	483483	买盘
09:40:48	20.89	-0.01	23	48047	卖盘
09:40:45	20.9	--	4	8360	买盘
09:40:42	20.9	--	1	2090	买盘
09:40:39	20.9	0.03	5	10450	买盘
09:40:33	20.87	-0.03	41	85567	卖盘
09:40:27	20.9	0.01	47	98230	卖盘
09:40:18	20.89	0.02	69	144141	买盘
09:40:00	20.87	0.02	3	6261	买盘
09:39:54	20.85	0.01	2	4170	中性盘
09:39:42	20.84	--	73	152132	卖盘
09:39:39	20.84	--	41	85444	买盘
09:39:36	20.84	--	20	41680	买盘
09:39:30	20.84	--	19	39596	卖盘
09:39:27	20.84	--	4	8336	买盘
09:39:18	20.84	--	16	33344	买盘
09:39:09	20.84	0.01	5	10420	买盘
09:38:45	20.83	0.01	37	77071	买盘
09:38:42	20.82	-0.01	1	2082	中性盘
09:38:33	20.83	0.04	67	139561	买盘
09:38:21	20.79	-0.04	32	66528	卖盘
09:38:18	20.83	--	22	45825	买盘
09:38:15	20.83	0.01	44	91651	买盘
09:38:09	20.82	0.03	40	83280	买盘
09:37:57	20.79	-0.03	5	10395	卖盘
09:37:54	20.82	0.03	11	22902	买盘
09:37:51	20.79	-0.01	5	10395	卖盘
09:37:48	20.8	0.01	43	89440	买盘
09:37:42	20.79	--	17	35343	买盘
09:37:36	20.79	-0.01	1	2079	卖盘
09:37:33	20.8	0.02	20	41600	买盘
09:37:24	20.78	--	15	31170	卖盘
09:37:21	20.78	--	4	8312	卖盘
09:37:15	20.78	--	54	112212	买盘
09:37:12	20.78	--	9	18702	买盘
09:37:06	20.78	0.02	2	4156	中性盘
09:37:03	20.76	-0.02	14	29064	卖盘
09:36:54	20.78	--	20	41560	卖盘
09:36:51	20.78	--	29	60262	买盘
09:36:39	20.78	0.02	1	2078	买盘
09:36:30	20.76	-0.03	18	37368	中性盘
09:36:00	20.79	-0.01	10	20790	中性盘
09:35:42	20.8	--	1	2080	买盘
09:35:33	20.8	0.05	5	10400	买盘
09:35:18	20.75	--	11	22825	卖盘
09:35:15	20.75	--	14	29050	买盘
09:34:57	20.75	--	3	6225	买盘
09:34:54	20.75	-0.06	67	139025	卖盘
09:34:51	20.81	-0.02	12	24972	卖盘
09:34:48	20.83	0.04	10	20830	买盘
09:34:45	20.79	--	11	22869	卖盘
09:34:42	20.79	-0.02	22	45738	卖盘
09:34:30	20.81	--	25	52025	买盘
09:34:24	20.81	--	5	10405	买盘
09:34:12	20.81	0.01	20	41620	买盘
09:34:09	20.8	--	42	87360	买盘
09:34:06	20.8	--	15	31200	买盘
09:33:45	20.8	0.02	11	22880	买盘
09:33:27	20.78	--	4	8312	卖盘
09:33:24	20.78	0.03	10	20780	中性盘
09:32:54	20.75	-0.03	93	192975	卖盘
09:32:39	20.78	0.01	9	18702	买盘
09:32:36	20.77	--	12	24924	卖盘
09:32:24	20.77	0.01	28	58156	买盘
09:32:06	20.76	-0.01	2	4152	卖盘
09:32:03	20.77	--	11	22847	买盘
09:31:54	20.77	0.01	21	43617	买盘
09:31:51	20.76	-0.01	3	6228	卖盘
09:31:48	20.77	--	11	22847	买盘
09:31:42	20.77	0.02	11	22847	买盘
09:31:12	20.75	--	5	10375	卖盘
09:30:51	20.75	0.03	21	43575	买盘
09:30:39	20.72	-0.02	19	39368	卖盘
09:30:36	20.74	0.02	12	24887	买盘
09:30:30	20.72	-0.02	23	47656	卖盘
09:30:12	20.74	--	20	41480	买盘
09:30:09	20.74	--	46	95404	买盘
09:30:06	20.74	-0.04	135	279990	卖盘
09:30:03	20.78	--	0	0	卖盘
09:25:03	20.78	20.78	2	4156	买盘
