成交时间	成交价	价格变动	成交量(手)	成交额(元)	性质
15:00:03	20.74	-0.03	3529	7319145	卖盘
14:57:03	20.77	0.02	13	27001	买盘
14:57:00	20.75	--	226	468950	卖盘
14:56:57	20.75	--	32	66400	卖盘
14:56:54	20.75	-0.01	9	18675	卖盘
14:56:51	20.76	-0.01	33	68508	卖盘
14:56:48	20.77	0.01	85	176545	买盘
14:56:45	20.76	-0.02	331	687156	卖盘
14:56:42	20.78	--	34	70652	买盘
14:56:39	20.78	0.01	27	56106	买盘
14:56:36	20.77	0.01	17	35309	中性盘
14:56:33	20.76	-0.01	232	481632	卖盘
14:56:30	20.77	0.01	1	2077	中性盘
14:56:27	20.76	-0.01	14	29064	卖盘
14:56:24	20.77	--	15	31155	卖盘
14:56:18	20.77	0.02	192	398784	买盘
14:56:15	20.75	-0.01	63	130725	卖盘
14:56:12	20.76	--	31	64356	买盘
14:56:09	20.76	--	84	174384	买盘
14:56:06	20.76	--	80	166080	买盘
14:56:03	20.76	--	60	124560	买盘
14:56:00	20.76	0.01	10	20760	买盘
14:55:57	20.75	--	20	41500	卖盘
14:55:54	20.75	--	69	143175	卖盘
14:55:51	20.75	-0.01	23	47725	卖盘
14:55:48	20.76	--	11	22836	买盘
14:55:45	20.76	--	13	26988	买盘
14:55:42	20.76	0.01	30	62280	买盘
14:55:39	20.75	--	312	647400	买盘
14:55:36	20.75	--	17	35275	买盘
14:55:33	20.75	--	40	83000	买盘
14:55:30	20.75	--	21	43575	买盘
14:55:27	20.75	-0.01	1	2075	卖盘
14:55:24	20.76	0.01	43	89268	买盘
14:55:21	20.75	--	29	60175	卖盘
14:55:18	20.75	-0.01	12	24900	卖盘
14:55:15	20.76	-0.01	26	53976	中性盘
14:55:12	20.77	--	95	197315	买盘
14:55:09	20.77	0.03	133	276241	买盘
14:55:06	20.74	-0.03	154	319396	卖盘
14:55:03	20.77	-0.01	90	186930	卖盘
14:55:00	20.78	0.01	16	33248	中性盘
14:54:57	20.77	-0.02	20	41540	卖盘
14:54:54	20.79	0.01	208	432432	买盘
14:54:51	20.78	0.01	9	18702	买盘
14:54:48	20.77	--	12	24924	买盘
14:54:45	20.77	0.01	176	365552	买盘
14:54:42	20.76	-0.01	25	51900	卖盘
14:54:39	20.77	--	20	41540	买盘
14:54:36	20.77	--	39	81003	买盘
14:54:33	20.77	-0.02	93	193161	卖盘
14:54:30	20.79	-0.01	32	66528	卖盘
14:54:27	20.8	--	53	110240	买盘
14:54:24	20.8	--	34	70720	卖盘
14:54:21	20.8	0.02	8	16640	卖盘
14:54:18	20.78	-0.03	65	135070	卖盘
14:54:15	20.81	0.01	16	33296	买盘
14:54:12	20.8	--	25	52000	买盘
14:54:09	20.8	0.01	17	35360	买盘
14:54:06	20.79	-0.01	13	27027	卖盘
14:54:03	20.8	0.01	55	114400	买盘
14:54:00	20.79	-0.01	13	27027	卖盘
14:53:54	20.8	--	2	4160	买盘
14:53:51	20.8	-0.04	127	264160	卖盘
14:53:45	20.84	-0.01	43	89612	卖盘
14:53:42	20.85	0.01	281	585885	买盘
14:53:39	20.84	0.03	30	62520	卖盘
14:53:36	20.81	-0.04	203	422443	卖盘
14:53:33	20.85	--	31	64635	买盘
14:53:30	20.85	0.01	223	464955	中性盘
14:53:27	20.84	-0.01	262	546008	卖盘
14:53:24	20.85	--	206	429510	买盘
14:53:21	20.85	--	19	39615	买盘
14:53:18	20.85	0.01	406	846510	买盘
14:53:15	20.84	-0.01	167	348028	卖盘
14:53:12	20.85	--	37	77145	买盘
14:53:09	20.85	--	25	52125	买盘
14:53:06	20.85	--	5	10425	买盘
14:53:03	20.85	0.01	22	45870	买盘
14:53:00	20.84	--	129	268836	卖盘
14:52:57	20.84	-0.01	15	31260	卖盘
14:52:54	20.85	--	12	25020	买盘
14:52:51	20.85	0.01	19	39615	买盘
14:52:48	20.84	-0.01	149	310516	卖盘
14:52:45	20.85	--	12	25020	买盘
14:52:42	20.85	--	81	168885	买盘
14:52:39	20.85	--	62	129270	买盘
14:52:36	20.85	0.01	41	85485	买盘
14:52:33	20.84	--	31	64604	卖盘
14:52:30	20.84	--	12	25008	卖盘
14:52:27	20.84	-0.01	81	168804	卖盘
14:52:24	20.85	--	43	89655	买盘
14:52:21	20.85	--	71	148035	买盘
14:52:18	20.85	--	29	60465	买盘
14:52:15	20.85	--	49	102165	买盘
14:52:12	20.85	--	18	37530	买盘
14:52:09	20.85	--	65	135525	买盘
14:52:06	20.85	-0.01	119	248115	卖盘
14:52:03	20.86	--	23	47978	买盘
14:52:00	20.86	0.01	13	27118	买盘
14:51:57	20.85	--	48	100080	卖盘
14:51:54	20.85	--	28	58380	卖盘
14:51:51	20.85	--	9	18765	卖盘
14:51:48	20.85	--	22	45870	买盘
14:51:45	20.85	0.02	3	6255	买盘
14:51:42	20.83	-0.03	210	437429	卖盘
14:51:39	20.86	0.02	8	16688	买盘
14:51:36	20.84	0.01	1	2084	买盘
14:51:33	20.83	-0.01	106	220797	卖盘
14:51:30	20.84	-0.01	52	108368	卖盘
14:51:27	20.85	0.01	137	285645	买盘
14:51:24	20.84	--	31	64604	买盘
14:51:21	20.84	-0.03	114	237576	卖盘
14:51:18	20.87	0.02	274	571838	买盘
14:51:15	20.85	--	12	25020	买盘
14:51:12	20.85	--	12	25020	买盘
14:51:09	20.85	--	24	50040	卖盘
14:51:06	20.85	0.01	64	133440	买盘
14:51:03	20.84	--	6	12504	买盘
14:51:00	20.84	-0.01	34	70856	卖盘
14:50:57	20.85	--	220	458700	买盘
14:50:51	20.85	--	14	29190	买盘
14:50:48	20.85	--	8	16680	买盘
14:50:45	20.85	--	39	81315	买盘
14:50:42	20.85	--	31	64635	买盘
14:50:39	20.85	-0.02	61	127185	卖盘
14:50:36	20.87	0.02	10	20870	买盘
14:50:33	20.85	-0.01	43	89655	卖盘
14:50:30	20.86	--	30	62580	买盘
14:50:27	20.86	-0.01	80	166880	买盘
14:50:24	20.87	--	5	10435	买盘
14:50:21	20.87	--	14	29218	买盘
14:50:18	20.87	--	55	114785	买盘
14:50:15	20.87	--	3	6261	买盘
14:50:12	20.87	--	13	27131	买盘
14:50:09	20.87	--	56	116872	买盘
14:50:06	20.87	--	11	22957	买盘
14:50:03	20.87	--	6	12522	买盘
14:50:00	20.87	0.02	10	20870	买盘
14:49:57	20.85	-0.04	7	14595	卖盘
14:49:51	20.89	0.01	56	116984	买盘
14:49:48	20.88	--	1	2088	买盘
14:49:45	20.88	--	5	10440	买盘
14:49:42	20.88	0.03	11	22968	买盘
14:49:39	20.85	-0.03	6	12510	卖盘
14:49:36	20.88	-0.01	59	123192	卖盘
14:49:33	20.89	0.01	150	313350	买盘
14:49:30	20.88	--	8	16704	卖盘
14:49:27	20.88	-0.01	70	146160	卖盘
14:49:24	20.89	0.01	1	2089	买盘
14:49:21	20.88	--	30	62640	卖盘
14:49:18	20.88	0.03	285	595080	买盘
14:49:12	20.85	--	9	18765	买盘
14:49:09	20.85	0.02	2	4170	买盘
14:49:06	20.83	--	14	29161	卖盘
14:49:03	20.83	--	19	39577	买盘
14:49:00	20.83	--	13	27078	买盘
14:48:57	20.83	--	1	2083	卖盘
14:48:54	20.83	--	38	79154	卖盘
14:48:51	20.83	--	9	18747	卖盘
14:48:48	20.83	--	11	22912	卖盘
14:48:39	20.83	0.01	18	37494	买盘
14:48:36	20.82	-0.01	18	37476	卖盘
14:48:33	20.83	--	25	52074	卖盘
14:48:30	20.83	0.01	3	6248	买盘
14:48:27	20.82	--	31	64542	卖盘
14:48:24	20.82	--	55	114510	卖盘
14:48:21	20.82	-0.05	329	684978	卖盘
14:48:18	20.87	0.04	822	1715514	买盘
14:48:12	20.83	--	5	10415	买盘
14:48:09	20.83	0.01	41	85403	买盘
14:48:06	20.82	-0.01	20	41640	卖盘
14:48:00	20.83	--	83	172889	买盘
14:47:57	20.83	--	38	79154	买盘
14:47:54	20.83	-0.01	28	58323	卖盘
14:47:48	20.84	0.01	3	6252	买盘
14:47:45	20.83	-0.01	295	614485	卖盘
14:47:42	20.84	--	26	54184	买盘
14:47:33	20.84	--	10	20840	买盘
14:47:30	20.84	--	5	10420	买盘
14:47:27	20.84	0.01	25	52100	买盘
14:47:24	20.83	-0.02	95	197884	卖盘
14:47:12	20.85	0.01	17	35445	买盘
14:47:09	20.84	--	9	18756	买盘
14:47:06	20.84	--	21	43764	卖盘
14:47:03	20.84	-0.01	3	6252	卖盘
14:47:00	20.85	0.01	15	31275	买盘
14:46:57	20.84	--	28	58352	卖盘
14:46:54	20.84	--	3	6252	卖盘
14:46:51	20.84	--	2	4168	卖盘
14:46:48	20.84	-0.01	4	8336	卖盘
14:46:42	20.85	--	102	212670	买盘
14:46:36	20.85	--	8	16680	买盘
14:46:33	20.85	0.02	37	77145	买盘
14:46:30	20.83	-0.01	6	12497	卖盘
14:46:24	20.84	-0.01	5	10420	中性盘
14:46:21	20.85	--	10	20850	买盘
14:46:18	20.85	0.01	6	12510	买盘
14:46:15	20.84	--	3	6252	卖盘
14:46:12	20.84	--	10	20840	卖盘
14:46:09	20.84	--	36	75024	卖盘
14:46:06	20.84	--	37	77108	卖盘
14:46:03	20.84	--	10	20840	卖盘
14:45:54	20.84	0.02	4	8336	买盘
14:45:51	20.82	-0.02	116	241512	卖盘
14:45:48	20.84	0.01	35	72940	买盘
14:45:45	20.83	0.01	10	20830	中性盘
14:45:39	20.82	--	1	2082	卖盘
14:45:36	20.82	-0.01	29	60378	卖盘
14:45:33	20.83	-0.01	2	4166	卖盘
14:45:30	20.84	--	10	20840	卖盘
14:45:27	20.84	--	20	41680	买盘
14:45:24	20.84	--	8	16672	买盘
14:45:15	20.84	--	6	12504	买盘
14:45:12	20.84	0.01	29	60436	买盘
14:45:09	20.83	--	7	14580	买盘
14:45:06	20.83	--	60	124979	卖盘
14:45:03	20.83	-0.01	10	20830	卖盘
14:45:00	20.84	--	1	2084	买盘
14:44:57	20.84	--	10	20840	买盘
14:44:54	20.84	0.01	149	310516	买盘
14:44:51	20.83	--	9	18747	买盘
14:44:48	20.83	-0.01	25	52074	中性盘
14:44:45	20.84	0.01	177	368868	买盘
14:44:42	20.83	-0.01	10	20830	卖盘
14:44:36	20.84	0.02	43	89612	买盘
14:44:33	20.82	-0.01	15	31230	卖盘
14:44:30	20.83	--	10	20830	卖盘
14:44:24	20.83	--	3	6248	买盘
14:44:21	20.83	--	14	29161	买盘
14:44:12	20.83	--	114	237461	买盘
14:44:09	20.83	--	12	24995	买盘
14:44:06	20.83	--	64	133312	卖盘
14:44:03	20.83	-0.01	17	35411	卖盘
14:44:00	20.84	0.01	16	33344	买盘
14:43:57	20.83	--	21	43743	卖盘
14:43:54	20.83	-0.02	9	18747	卖盘
14:43:42	20.85	0.02	21	43785	买盘
14:43:36	20.83	--	10	20830	卖盘
14:43:30	20.83	-0.02	16	33328	卖盘
14:43:27	20.85	--	7	14595	买盘
14:43:24	20.85	--	2	4170	买盘
14:43:21	20.85	0.02	48	100080	买盘
14:43:18	20.83	--	2	4166	买盘
14:43:15	20.83	0.01	97	202050	买盘
14:43:12	20.82	-0.01	97	201954	卖盘
14:43:09	20.83	-0.01	110	229129	卖盘
14:43:06	20.84	-0.01	20	41680	卖盘
14:43:03	20.85	0.02	36	75060	买盘
14:43:00	20.83	--	52	108315	中性盘
14:42:57	20.83	-0.02	24	49991	卖盘
14:42:54	20.85	0.03	12	25020	买盘
14:42:51	20.82	--	12	24984	买盘
14:42:48	20.82	-0.01	88	183216	卖盘
14:42:45	20.83	-0.01	34	70822	卖盘
14:42:42	20.84	0.01	2	4168	买盘
14:42:39	20.83	0.01	15	31244	中性盘
14:42:36	20.82	-0.02	4	8328	卖盘
14:42:33	20.84	0.02	23	47932	买盘
14:42:30	20.82	--	10	20820	卖盘
14:42:24	20.82	0.01	37	77034	买盘
14:42:21	20.81	--	51	106131	买盘
14:42:18	20.81	0.01	8	16648	买盘
14:42:15	20.8	-0.01	13	27040	卖盘
14:42:12	20.81	--	19	39539	买盘
14:42:09	20.81	--	5	10405	买盘
14:42:06	20.81	--	32	66592	卖盘
14:42:03	20.81	0.01	6	12486	买盘
14:42:00	20.8	--	5	10400	卖盘
14:41:54	20.8	0.01	156	324480	买盘
14:41:51	20.79	--	20	41580	卖盘
14:41:42	20.79	0.01	33	68607	买盘
14:41:39	20.78	--	22	45716	卖盘
14:41:36	20.78	-0.01	21	43638	卖盘
14:41:27	20.79	0.01	1	2079	买盘
14:41:21	20.78	--	36	74808	买盘
14:41:15	20.78	--	21	43638	买盘
14:41:09	20.78	--	6	12468	买盘
14:41:06	20.78	0.02	8	16624	买盘
14:41:03	20.76	--	12	24912	买盘
14:41:00	20.76	--	5	10380	买盘
14:40:57	20.76	-0.02	33	68508	中性盘
14:40:54	20.78	0.02	113	234814	买盘
14:40:51	20.76	--	7	14532	买盘
14:40:48	20.76	0.01	25	51900	买盘
14:40:45	20.75	--	11	22825	卖盘
14:40:36	20.75	--	10	20750	买盘
14:40:30	20.75	--	13	26975	买盘
14:40:27	20.75	--	33	68475	买盘
14:40:24	20.75	--	1	2075	买盘
14:40:21	20.75	0.02	7	14525	买盘
14:40:12	20.73	--	37	76701	卖盘
14:40:06	20.73	--	3	6219	卖盘
14:40:03	20.73	--	521	1080033	卖盘
14:39:54	20.73	-0.01	27	55971	卖盘
14:39:51	20.74	--	5	10370	买盘
14:39:45	20.74	-0.01	21	43554	卖盘
14:39:42	20.75	--	10	20750	买盘
14:39:39	20.75	--	4	8300	买盘
14:39:36	20.75	0.02	19	39425	买盘
14:39:30	20.73	--	31	64263	卖盘
14:39:27	20.73	-0.01	5	10365	卖盘
14:39:24	20.74	0.01	1	2074	买盘
14:39:21	20.73	-0.01	3	6219	卖盘
14:39:18	20.74	0.01	8	16592	买盘
14:39:12	20.73	--	46	97037	买盘
14:39:09	20.73	--	27	55971	买盘
14:39:06	20.73	--	3	6219	买盘
14:39:03	20.73	--	74	153402	买盘
14:39:00	20.73	--	10	20730	买盘
14:38:57	20.73	--	39	81240	卖盘
14:38:48	20.73	--	19	39387	卖盘
14:38:39	20.73	--	9	18657	卖盘
14:38:33	20.73	0.01	57	119840	买盘
14:38:27	20.72	0.01	4	8288	买盘
14:38:24	20.71	--	12	24852	卖盘
14:38:21	20.71	-0.01	15	31065	中性盘
14:38:18	20.72	-0.01	40	82880	中性盘
14:38:09	20.73	0.01	78	161694	买盘
14:38:06	20.72	0.02	6	12432	中性盘
14:38:00	20.7	--	6	12420	卖盘
14:37:57	20.7	--	106	219420	卖盘
14:37:48	20.7	--	20	41400	卖盘
14:37:45	20.7	-0.02	17	35190	卖盘
14:37:42	20.72	-0.01	15	31080	卖盘
14:37:39	20.73	0.03	51	105723	中性盘
14:37:36	20.7	-0.03	151	312570	卖盘
14:37:33	20.73	0.01	90	186570	买盘
14:37:30	20.72	-0.01	18	37296	买盘
14:37:27	20.73	0.03	3	6219	买盘
14:37:24	20.7	-0.05	205	424350	卖盘
14:37:18	20.75	0.05	19	39425	中性盘
14:37:09	20.7	-0.07	202	418140	卖盘
14:37:06	20.77	0.03	5	10385	买盘
14:37:03	20.74	-0.03	303	628422	中性盘
14:37:00	20.77	--	1	2077	买盘
14:36:57	20.77	0.04	20	41540	中性盘
14:36:48	20.73	-0.05	9	18657	卖盘
14:36:45	20.78	-0.02	10	20780	中性盘
14:36:27	20.8	0.1	1	2080	买盘
14:36:24	20.7	-0.1	329	681030	卖盘
14:36:15	20.8	0.08	10	20800	买盘
14:36:12	20.72	-0.01	300	621600	卖盘
14:36:06	20.73	-0.02	336	696528	卖盘
14:36:03	20.75	-0.05	220	456500	卖盘
14:36:00	20.8	--	33	68640	卖盘
14:35:57	20.8	--	3	6240	买盘
14:35:54	20.8	--	2	4160	买盘
14:35:51	20.8	0.01	1	2080	买盘
14:35:48	20.79	-0.01	1	2079	卖盘
14:35:45	20.8	--	50	104000	买盘
14:35:42	20.8	-0.01	661	1374880	买盘
14:35:39	20.81	--	56	116536	卖盘
14:35:36	20.81	0.01	174	362094	买盘
14:35:33	20.8	0.04	5	10400	买盘
14:35:30	20.76	0.01	2	4152	买盘
14:35:27	20.75	-0.05	23	47725	卖盘
14:35:24	20.8	0.04	89	185120	中性盘
14:35:12	20.76	--	135	280260	卖盘
14:35:09	20.76	-0.04	5	10380	卖盘
14:35:03	20.8	0.05	184	382720	中性盘
14:35:00	20.75	--	46	95450	卖盘
14:34:54	20.75	-0.06	270	560250	卖盘
14:34:51	20.81	--	17	35377	卖盘
14:34:48	20.81	0.06	13	27053	买盘
14:34:42	20.75	-0.06	280	581000	卖盘
14:34:39	20.81	0.06	5	10405	买盘
14:34:36	20.75	-0.05	385	798875	卖盘
14:34:33	20.8	--	5	10400	买盘
14:34:27	20.8	0.03	354	736320	买盘
14:34:24	20.77	-0.03	10	20770	卖盘
14:34:21	20.8	-0.01	21	43680	卖盘
14:34:18	20.81	--	13	27053	买盘
14:34:15	20.81	0.01	461	959340	买盘
14:34:06	20.8	-0.01	7	14560	卖盘
14:34:03	20.81	0.01	35	72835	买盘
14:34:00	20.8	--	69	143520	买盘
14:33:48	20.8	--	2	4160	买盘
14:33:45	20.8	0.03	10	20800	买盘
14:33:42	20.77	-0.03	17	35309	卖盘
14:33:39	20.8	0.03	20	41600	买盘
14:33:36	20.77	--	1	2077	卖盘
14:33:33	20.77	-0.03	3	6231	卖盘
14:33:30	20.8	0.03	5	10400	买盘
14:33:24	20.77	-0.03	10	20770	卖盘
14:33:21	20.8	0.03	120	249600	买盘
14:33:18	20.77	--	4	8308	卖盘
14:33:15	20.77	--	53	110081	买盘
14:33:12	20.77	0.01	30	62310	买盘
14:33:09	20.76	-0.01	97	201372	卖盘
14:33:03	20.77	--	8	16616	买盘
14:33:00	20.77	--	14	29078	买盘
14:32:54	20.77	-0.03	1	2077	中性盘
14:32:51	20.8	0.03	59	122720	买盘
14:32:48	20.77	--	35	72695	卖盘
14:32:45	20.77	--	7	14539	卖盘
14:32:42	20.77	-0.03	8	16616	卖盘
14:32:39	20.8	0.03	22	45760	买盘
14:32:33	20.77	--	10	20770	卖盘
14:32:30	20.77	-0.03	12	24924	卖盘
14:32:24	20.8	0.03	6	12480	买盘
14:32:18	20.77	-0.02	72	149544	卖盘
14:32:15	20.79	--	4	8316	卖盘
14:32:12	20.79	0.01	5	10395	卖盘
14:32:09	20.78	--	58	120524	卖盘
14:32:03	20.78	--	1	2078	卖盘
14:32:00	20.78	--	15	31170	卖盘
14:31:57	20.78	--	42	87276	卖盘
14:31:54	20.78	0.01	15	31170	中性盘
14:31:51	20.77	-0.02	109	226393	卖盘
14:31:48	20.79	0.01	1	2079	买盘
14:31:39	20.78	--	7	14546	买盘
14:31:36	20.78	--	9	18702	买盘
14:31:33	20.78	-0.02	134	278452	卖盘
14:31:30	20.8	--	22	45760	卖盘
14:31:27	20.8	--	81	168480	卖盘
14:31:24	20.8	--	24	49920	卖盘
14:31:21	20.8	-0.01	35	72800	卖盘
14:31:18	20.81	0.01	13	27053	买盘
14:31:15	20.8	-0.02	48	99840	卖盘
14:31:09	20.82	--	456	949392	买盘
14:31:06	20.82	0.01	7	14574	中性盘
14:31:03	20.81	--	350	728350	卖盘
14:31:00	20.81	-0.03	395	821995	卖盘
14:30:57	20.84	0.03	12	25008	买盘
14:30:54	20.81	--	919	1912438	卖盘
14:30:48	20.81	--	43	89483	卖盘
14:30:45	20.81	--	411	855291	卖盘
14:30:42	20.81	--	11	22891	卖盘
14:30:39	20.81	--	157	326717	卖盘
14:30:36	20.81	--	2	4162	卖盘
14:30:33	20.81	-0.02	150	312150	卖盘
14:30:24	20.83	--	5	10415	买盘
14:30:21	20.83	--	9	18747	买盘
14:30:18	20.83	-0.02	9	18747	卖盘
14:30:15	20.85	0.01	16	33360	买盘
14:30:06	20.84	-0.01	19	39596	卖盘
14:30:00	20.85	-0.02	16	33756	卖盘
14:29:57	20.87	--	5	10435	卖盘
14:29:51	20.87	0.01	110	229570	买盘
14:29:48	20.86	-0.01	2	4172	中性盘
14:29:45	20.87	0.01	309	644883	买盘
14:29:42	20.86	--	68	141848	卖盘
14:29:39	20.86	--	29	60494	卖盘
14:29:36	20.86	--	80	166880	卖盘
14:29:33	20.86	-0.01	90	187740	卖盘
14:29:30	20.87	0.01	74	154438	卖盘
14:29:27	20.86	--	10	20860	卖盘
14:29:24	20.86	--	11	22946	卖盘
14:29:15	20.86	--	10	20860	卖盘
14:29:12	20.86	--	265	552790	卖盘
14:29:06	20.86	--	150	312900	卖盘
14:29:03	20.86	--	150	312900	卖盘
14:29:00	20.86	--	100	208600	卖盘
14:28:57	20.86	--	10	20860	卖盘
14:28:54	20.86	-0.04	101	210686	卖盘
14:28:51	20.9	0.04	130	271700	买盘
14:28:45	20.86	--	10	20860	卖盘
14:28:42	20.86	--	90	187740	卖盘
14:28:39	20.86	--	22	45892	卖盘
14:28:36	20.86	--	80	166880	卖盘
14:28:33	20.86	--	35	73010	卖盘
14:28:30	20.86	--	26	54236	卖盘
14:28:27	20.86	--	80	166880	卖盘
14:28:24	20.86	--	94	196084	卖盘
14:28:21	20.86	--	150	312900	卖盘
14:28:12	20.86	--	113	235718	卖盘
14:28:06	20.86	--	100	208600	卖盘
14:28:03	20.86	-0.02	200	417200	卖盘
14:28:00	20.88	--	133	277704	卖盘
14:27:54	20.88	--	3	6264	卖盘
14:27:51	20.88	--	2	4176	卖盘
14:27:48	20.88	--	5	12131	买盘
14:27:45	20.88	--	25	52200	买盘
14:27:42	20.88	--	2	4176	买盘
14:27:33	20.88	--	39	81432	买盘
14:27:30	20.88	--	9	18792	买盘
14:27:27	20.88	0.02	9	18792	买盘
14:27:24	20.86	-0.02	21	43806	卖盘
14:27:15	20.88	--	20	41760	买盘
14:27:12	20.88	--	10	20880	买盘
14:27:09	20.88	--	39	81432	卖盘
14:27:06	20.88	--	50	104400	卖盘
14:27:03	20.88	--	122	254736	卖盘
14:26:57	20.88	--	10	20880	卖盘
14:26:54	20.88	--	428	893664	卖盘
14:26:51	20.88	--	190	396720	买盘
14:26:48	20.88	--	20	41760	买盘
14:26:42	20.88	0.02	101	210888	买盘
14:26:39	20.86	--	5	10430	买盘
14:26:36	20.86	-0.02	83	173138	卖盘
14:26:33	20.88	--	5	10440	买盘
14:26:18	20.88	-0.02	89	186333	卖盘
14:26:15	20.9	--	77	162518	买盘
14:26:06	20.9	--	2	4180	买盘
14:26:03	20.9	--	3	6270	买盘
14:26:00	20.9	--	1	2090	买盘
14:25:57	20.9	-0.02	61	127991	卖盘
14:25:51	20.92	0.03	31	64852	买盘
14:25:48	20.89	-0.01	115	240235	卖盘
14:25:45	20.9	0.01	21	45478	买盘
14:25:42	20.89	--	37	77293	卖盘
14:25:39	20.89	-0.01	7	14623	卖盘
14:25:36	20.9	--	11	22990	买盘
14:25:30	20.9	--	5	10450	买盘
14:25:27	20.9	-0.02	64	134261	卖盘
14:25:24	20.92	-0.02	11	24601	卖盘
14:25:21	20.94	0.04	20	41880	买盘
14:25:15	20.9	--	1	2090	买盘
14:25:12	20.9	-0.02	109	227809	卖盘
14:25:09	20.92	0.01	3	6276	买盘
14:25:06	20.91	--	137	286467	卖盘
14:25:03	20.91	-0.03	56	117096	卖盘
14:24:57	20.94	0.03	101	211494	买盘
14:24:54	20.91	--	75	156825	卖盘
14:24:51	20.91	-0.03	50	104550	卖盘
14:24:48	20.94	--	74	154956	买盘
14:24:45	20.94	0.02	100	209400	买盘
14:24:42	20.92	-0.01	29	60668	卖盘
14:24:39	20.93	--	5	10465	卖盘
14:24:36	20.93	--	28	58604	卖盘
14:24:33	20.93	--	50	104650	卖盘
14:24:24	20.93	-0.01	30	62790	卖盘
14:24:21	20.94	--	4	8376	买盘
14:24:18	20.94	--	55	115170	买盘
14:24:15	20.94	--	213	446022	卖盘
14:24:12	20.94	--	2	4188	卖盘
14:24:09	20.94	-0.01	30	62820	卖盘
14:24:06	20.95	0.01	63	131985	买盘
14:24:00	20.94	-0.01	18	37692	卖盘
14:23:51	20.95	--	2	4190	买盘
14:23:45	20.95	--	100	209500	买盘
14:23:42	20.95	--	12	25140	买盘
14:23:36	20.95	--	25	52375	卖盘
14:23:27	20.95	--	5	10475	卖盘
14:23:24	20.95	--	55	115225	卖盘
14:23:21	20.95	0.02	15	31425	中性盘
14:23:18	20.93	-0.01	50	104650	卖盘
14:23:15	20.94	--	85	177990	卖盘
14:23:12	20.94	-0.01	11	23034	卖盘
14:23:09	20.95	--	13	27235	卖盘
14:23:03	20.95	0.02	19	39805	买盘
14:23:00	20.93	-0.01	131	274183	卖盘
14:22:57	20.94	0.01	8	16752	中性盘
14:22:51	20.93	-0.01	62	129766	卖盘
14:22:45	20.94	--	99	207306	买盘
14:22:39	20.94	0.01	26	54444	买盘
14:22:36	20.93	--	10	20930	卖盘
14:22:33	20.93	--	50	104650	卖盘
14:22:24	20.93	-0.05	51	106743	卖盘
14:22:18	20.98	0.03	45	94410	买盘
14:22:15	20.95	--	139	291205	卖盘
14:22:12	20.95	-0.02	13	27235	卖盘
14:22:00	20.97	--	17	35649	买盘
14:21:57	20.97	-0.01	22	46134	买盘
14:21:48	20.98	--	19	39862	卖盘
14:21:45	20.98	0.02	81	169938	买盘
14:21:42	20.96	-0.01	39	81744	卖盘
14:21:39	20.97	-0.01	5	10485	卖盘
14:21:33	20.98	--	23	48254	买盘
14:21:27	20.98	--	35	73430	卖盘
14:21:21	20.98	--	8	16784	卖盘
14:21:18	20.98	-0.02	16	33568	卖盘
14:21:15	21.0	-0.02	78	163800	中性盘
14:21:09	21.02	0.04	30	63060	买盘
14:21:06	20.98	-0.02	211	442678	卖盘
14:21:03	21.0	--	4	8400	卖盘
14:21:00	21.0	-0.02	1	2100	卖盘
14:20:57	21.02	0.02	5	10510	买盘
14:20:54	21.0	--	100	210000	卖盘
14:20:51	21.0	-0.03	216	453600	卖盘
14:20:48	21.03	0.01	31	65193	买盘
14:20:42	21.02	-0.01	201	422502	中性盘
14:20:39	21.03	0.03	11	23133	买盘
14:20:36	21.0	-0.02	109	228900	卖盘
14:20:30	21.02	-0.01	21	44142	卖盘
14:20:27	21.03	--	5	10515	买盘
14:20:24	21.03	0.01	21	44163	买盘
14:20:21	21.02	--	10	21020	卖盘
14:20:18	21.02	--	36	75672	卖盘
14:20:15	21.02	--	3	6306	卖盘
14:20:12	21.02	--	20	42040	买盘
14:20:09	21.02	--	4	8408	卖盘
14:20:06	21.02	0.01	15	31530	买盘
14:20:03	21.01	--	30	63030	卖盘
14:20:00	21.01	-0.01	5	10505	卖盘
14:19:57	21.02	-0.01	7	14714	买盘
14:19:54	21.03	0.02	37	77811	买盘
14:19:48	21.01	-0.01	147	308847	卖盘
14:19:45	21.02	0.01	11	23122	买盘
14:19:42	21.01	-0.02	16	33616	卖盘
14:19:36	21.03	0.02	18	37854	买盘
14:19:33	21.01	--	20	42020	卖盘
14:19:30	21.01	0.01	65	136565	买盘
14:19:27	21.0	-0.03	7	14700	卖盘
14:19:24	21.03	0.03	24	50472	买盘
14:19:21	21.0	--	100	210000	卖盘
14:19:18	21.0	--	42	88200	卖盘
14:19:15	21.0	-0.03	39	81900	卖盘
14:19:12	21.03	0.02	423	889569	买盘
14:19:09	21.01	0.01	24	50424	买盘
14:19:03	21.0	--	4	8400	卖盘
14:19:00	21.0	--	2	4200	卖盘
14:18:54	21.0	0.01	337	707700	买盘
14:18:51	20.99	-0.01	152	319048	卖盘
14:18:48	21.0	--	117	245700	买盘
14:18:45	21.0	--	76	159600	买盘
14:18:42	21.0	--	54	113400	买盘
14:18:27	21.0	0.01	1	2100	买盘
14:18:24	20.99	--	13	27286	卖盘
14:18:18	20.99	0.01	57	119642	买盘
14:18:15	20.98	-0.01	1	2098	卖盘
14:18:12	20.99	0.01	160	335840	买盘
14:18:09	20.98	--	10	20980	卖盘
14:18:06	20.98	--	1	2098	卖盘
14:18:03	20.98	0.01	109	228682	买盘
14:18:00	20.97	-0.01	6	12582	卖盘
14:17:57	20.98	0.01	60	125880	买盘
14:17:48	20.97	0.01	3	6291	卖盘
14:17:45	20.96	-0.01	100	209600	卖盘
14:17:42	20.97	-0.01	20	41940	中性盘
14:17:36	20.98	0.01	45	94410	买盘
14:17:30	20.97	--	42	88074	卖盘
14:17:27	20.97	--	7	14679	卖盘
14:17:24	20.97	--	14	29358	买盘
14:17:21	20.97	--	87	182439	买盘
14:17:18	20.97	--	100	209700	买盘
14:17:15	20.97	0.01	9	18873	买盘
14:17:12	20.96	-0.01	6	12576	卖盘
14:17:00	20.97	--	64	134208	买盘
14:16:48	20.97	0.01	101	211797	买盘
14:16:42	20.96	-0.01	5	10480	卖盘
14:16:36	20.97	0.01	10	20970	买盘
14:16:30	20.96	-0.01	26	54496	卖盘
14:16:27	20.97	0.01	10	20970	买盘
14:16:24	20.96	-0.01	10	20960	卖盘
14:16:21	20.97	0.01	21	44037	买盘
14:16:18	20.96	--	1	2096	卖盘
14:16:15	20.96	--	135	282960	买盘
14:16:03	20.96	--	2	4192	买盘
14:15:57	20.96	--	2	4192	买盘
14:15:54	20.96	0.01	5	10480	买盘
14:15:51	20.95	--	10	20950	卖盘
14:15:48	20.95	--	2	4190	卖盘
14:15:42	20.95	--	13	27235	买盘
14:15:36	20.95	--	1	2095	买盘
14:15:27	20.95	--	7	14665	买盘
14:15:21	20.95	0.01	5	10475	买盘
14:15:15	20.94	0.01	129	270126	买盘
14:15:03	20.93	0.01	17	35581	买盘
14:14:57	20.92	0.01	1	2092	卖盘
14:14:54	20.91	-0.01	10	20910	卖盘
14:14:51	20.92	--	3	6276	卖盘
14:14:48	20.92	--	118	246856	买盘
14:14:45	20.92	0.01	76	158992	买盘
14:14:36	20.91	--	153	319923	买盘
14:14:33	20.91	0.01	52	108732	买盘
14:14:30	20.9	-0.01	3	6270	卖盘
14:14:27	20.91	0.01	5	10455	买盘
14:14:18	20.9	--	18	37620	买盘
14:14:09	20.9	-0.01	12	25080	卖盘
14:14:03	20.91	--	9	18819	卖盘
14:13:48	20.91	--	128	267648	买盘
14:13:39	20.91	0.01	25	52275	买盘
14:13:36	20.9	--	40	83600	卖盘
14:13:33	20.9	--	12	25080	卖盘
14:13:21	20.9	--	100	209000	卖盘
14:13:18	20.9	0.01	659	1377310	买盘
14:13:15	20.89	-0.01	122	254858	卖盘
14:13:12	20.9	--	4	8360	买盘
14:13:09	20.9	0.01	6	12540	买盘
14:13:03	20.89	-0.01	5	10445	卖盘
14:13:00	20.9	--	5	10450	买盘
14:12:57	20.9	0.01	2	4180	买盘
14:12:54	20.89	-0.01	5	10445	卖盘
14:12:48	20.9	--	100	209000	买盘
14:12:45	20.9	0.01	12	25080	买盘
14:12:42	20.89	-0.01	46	96094	卖盘
14:12:39	20.9	0.01	2	4180	买盘
14:12:36	20.89	--	9	18801	卖盘
14:12:33	20.89	--	57	119073	买盘
14:12:30	20.89	--	10	20890	买盘
14:12:24	20.89	--	43	89827	卖盘
14:12:21	20.89	--	25	52225	卖盘
14:12:18	20.89	--	7	14623	卖盘
14:12:15	20.89	0.01	30	62670	买盘
14:12:12	20.88	--	30	62640	卖盘
14:12:09	20.88	--	3	6264	卖盘
14:11:57	20.88	--	10	20880	卖盘
14:11:48	20.88	-0.01	75	156600	卖盘
14:11:45	20.89	--	340	710260	卖盘
14:11:42	20.89	--	25	52225	卖盘
14:11:36	20.89	--	1	2089	卖盘
14:11:33	20.89	--	5	10445	卖盘
14:11:30	20.89	-0.01	1	2089	卖盘
14:11:24	20.9	0.01	250	522499	买盘
14:11:18	20.89	--	1	2089	卖盘
14:11:15	20.89	--	100	208900	卖盘
14:11:09	20.89	--	21	43869	买盘
14:11:06	20.89	--	10	20890	买盘
14:11:03	20.89	0.01	1	2089	中性盘
14:11:00	20.88	--	3	6264	卖盘
14:10:54	20.88	-0.02	30	62640	卖盘
14:10:51	20.9	--	2	4180	买盘
14:10:45	20.9	0.01	119	248709	买盘
14:10:42	20.89	--	20	41780	买盘
14:10:36	20.89	--	3	6267	买盘
14:10:33	20.89	--	85	177565	卖盘
14:10:27	20.89	--	5	10445	卖盘
14:10:21	20.89	--	2	4178	卖盘
14:10:15	20.89	--	8	16712	买盘
14:10:12	20.89	--	11	22979	买盘
14:10:06	20.89	-0.01	1	2089	中性盘
14:09:57	20.9	0.02	1	2090	买盘
14:09:54	20.88	-0.02	7	14616	卖盘
14:09:45	20.9	-0.01	100	209000	中性盘
14:09:42	20.91	0.03	1	2091	买盘
14:09:33	20.88	-0.03	102	212976	卖盘
14:09:30	20.91	--	20	41820	卖盘
14:09:21	20.91	--	30	62730	卖盘
14:09:15	20.91	0.03	55	115005	买盘
14:09:12	20.88	--	100	208800	卖盘
14:09:06	20.88	-0.01	170	354960	卖盘
14:08:51	20.89	0.01	4	8356	买盘
14:08:48	20.88	-0.02	43	89784	卖盘
14:08:45	20.9	0.01	360	752400	买盘
14:08:42	20.89	--	2	4178	买盘
14:08:36	20.89	--	8	16712	买盘
14:08:33	20.89	--	13	27157	买盘
14:08:30	20.89	--	51	106539	卖盘
14:08:27	20.89	-0.01	5	10445	卖盘
14:08:24	20.9	--	43	89870	买盘
14:08:21	20.9	--	52	108679	买盘
14:08:18	20.9	--	6	12540	买盘
14:08:15	20.9	-0.02	338	706420	卖盘
14:08:03	20.92	--	48	100416	买盘
14:07:57	20.92	0.01	27	56484	买盘
14:07:48	20.91	--	1	2091	卖盘
14:07:45	20.91	0.02	22	46002	买盘
14:07:33	20.89	--	3	6267	卖盘
14:07:30	20.89	--	22	45958	买盘
14:07:27	20.89	-0.01	88	183832	卖盘
14:07:24	20.9	0.01	89	186010	买盘
14:07:18	20.89	--	41	85649	卖盘
14:07:09	20.89	0.01	2	4178	买盘
14:07:06	20.88	-0.01	19	39672	卖盘
14:07:00	20.89	--	4	8356	买盘
14:06:57	20.89	0.01	4	8356	买盘
14:06:51	20.88	--	4	8352	卖盘
14:06:45	20.88	--	140	293739	买盘
14:06:39	20.88	0.02	14	29232	买盘
14:06:36	20.86	--	53	110558	卖盘
14:06:27	20.86	--	10	20860	卖盘
14:06:18	20.86	--	5	10430	卖盘
14:06:09	20.86	--	85	177310	买盘
14:06:06	20.86	--	12	25032	买盘
14:06:00	20.86	--	1	2086	买盘
14:05:57	20.86	--	16	33376	买盘
14:05:51	20.86	--	2	4172	买盘
14:05:45	20.86	--	109	227374	卖盘
14:05:39	20.86	--	10	20860	卖盘
14:05:30	20.86	--	6	12516	买盘
14:05:27	20.86	0.02	23	47978	买盘
14:05:18	20.84	--	1	2084	买盘
14:05:15	20.84	--	45	93780	买盘
14:05:12	20.84	-0.02	89	185476	卖盘
14:05:09	20.86	--	9	18774	卖盘
14:05:03	20.86	--	28	58408	卖盘
14:04:57	20.86	-0.02	10	20860	卖盘
14:04:54	20.88	0.03	2	4176	买盘
14:04:51	20.85	-0.03	21	43785	卖盘
14:04:45	20.88	0.02	59	123192	买盘
14:04:42	20.86	-0.02	49	102214	卖盘
14:04:36	20.88	0.01	18	37584	买盘
14:04:33	20.87	-0.01	14	29218	卖盘
14:04:30	20.88	--	2	4176	买盘
14:04:24	20.88	-0.03	1456	3040796	卖盘
14:04:18	20.91	--	3	6273	卖盘
14:04:15	20.91	--	54	112914	卖盘
14:03:51	20.91	--	10	20910	卖盘
14:03:48	20.91	-0.01	20	41820	卖盘
14:03:45	20.92	0.03	95	200162	买盘
14:03:39	20.89	-0.01	15	31335	卖盘
14:03:33	20.9	0.01	2	4180	中性盘
14:03:30	20.89	-0.01	6	12534	卖盘
14:03:27	20.9	--	85	177650	卖盘
14:03:21	20.9	--	15	31349	卖盘
14:03:15	20.9	0.01	35	73150	买盘
14:03:12	20.89	--	172	359308	卖盘
14:03:09	20.89	--	30	62670	卖盘
14:03:06	20.89	--	106	221434	卖盘
14:03:03	20.89	-0.01	7	14623	卖盘
14:03:00	20.9	0.01	1	2090	买盘
14:02:57	20.89	--	38	79382	卖盘
14:02:54	20.89	--	8	16712	卖盘
14:02:48	20.89	-0.01	1	2089	卖盘
14:02:45	20.9	0.02	50	104500	买盘
14:02:42	20.88	-0.01	15	31320	卖盘
14:02:39	20.89	0.01	11	22979	买盘
14:02:36	20.88	-0.02	15	31320	卖盘
14:02:30	20.9	0.01	18	37620	买盘
14:02:24	20.89	-0.01	8	16712	卖盘
14:02:15	20.9	--	100	209000	买盘
14:02:09	20.9	-0.02	56	117708	卖盘
14:02:06	20.92	-0.03	25	52300	卖盘
14:02:03	20.95	0.03	262	550314	买盘
14:02:00	20.92	-0.01	12	25104	卖盘
14:01:57	20.93	--	51	106743	买盘
14:01:51	20.93	--	5	10465	买盘
14:01:45	20.93	-0.02	165	345345	卖盘
14:01:39	20.95	--	2	4190	买盘
14:01:36	20.95	--	20	41900	买盘
14:01:33	20.95	-0.02	513	1075405	卖盘
14:01:30	20.97	-0.01	25	52425	卖盘
14:01:18	20.98	--	42	88116	卖盘
14:01:15	20.98	-0.01	89	186722	卖盘
14:01:00	20.99	--	106	222493	卖盘
14:00:57	20.99	--	36	75564	卖盘
14:00:54	20.99	--	531	1114569	卖盘
14:00:51	20.99	--	58	121741	卖盘
14:00:48	20.99	--	1	2099	卖盘
14:00:45	20.99	--	135	283365	卖盘
14:00:39	20.99	--	10	20990	卖盘
14:00:36	20.99	--	17	35683	卖盘
14:00:27	20.99	--	3	6296	卖盘
14:00:24	20.99	--	5	10495	卖盘
14:00:18	20.99	--	5	10495	卖盘
14:00:15	20.99	0.01	72	151128	买盘
14:00:09	20.98	-0.01	11	23078	卖盘
14:00:06	20.99	--	6	12593	买盘
14:00:00	20.99	--	4	8396	买盘
13:59:57	20.99	0.01	2	4198	买盘
13:59:54	20.98	--	53	111194	卖盘
13:59:48	20.98	--	1	2098	卖盘
13:59:45	20.98	-0.01	101	211898	卖盘
13:59:39	20.99	0.01	29	60870	买盘
13:59:36	20.98	-0.01	60	125880	卖盘
13:59:30	20.99	0.01	220	461779	买盘
13:59:24	20.98	--	11	23078	卖盘
13:59:18	20.98	--	10	20980	卖盘
13:59:15	20.98	-0.01	112	234976	卖盘
13:59:09	20.99	0.01	8	16792	买盘
13:59:06	20.98	--	8	16784	卖盘
13:59:00	20.98	--	13	27274	卖盘
13:58:57	20.98	--	31	65038	买盘
13:58:54	20.98	0.01	4	8392	买盘
13:58:51	20.97	-0.02	41	85977	卖盘
13:58:48	20.99	0.01	58	121741	买盘
13:58:45	20.98	0.01	37	77626	买盘
13:58:36	20.97	--	2	4194	卖盘
13:58:33	20.97	-0.01	1	2097	卖盘
13:58:30	20.98	--	3	6294	卖盘
13:58:27	20.98	--	4	8392	卖盘
13:58:24	20.98	--	5	10490	卖盘
13:58:21	20.98	--	5	10490	卖盘
13:58:18	20.98	--	99	207702	买盘
13:58:12	20.98	0.01	100	209800	买盘
13:58:06	20.97	-0.01	5	10485	卖盘
13:58:03	20.98	0.01	1	2098	买盘
13:57:57	20.97	--	10	20970	卖盘
13:57:54	20.97	--	6	12582	卖盘
13:57:48	20.97	--	6	12582	卖盘
13:57:45	20.97	0.02	56	117432	买盘
13:57:39	20.95	-0.01	100	209500	卖盘
13:57:33	20.96	0.01	49	104129	买盘
13:57:30	20.95	-0.01	18	37710	卖盘
13:57:24	20.96	0.01	86	180256	买盘
13:57:18	20.95	-0.01	67	141035	卖盘
13:57:12	20.96	--	4	8384	卖盘
13:57:09	20.96	--	91	192161	买盘
13:57:00	20.96	-0.01	2	4192	卖盘
13:56:51	20.97	--	28	58716	卖盘
13:56:42	20.97	-0.01	3	6291	中性盘
13:56:36	20.98	0.01	20	41960	中性盘
13:56:27	20.97	--	50	104850	卖盘
13:56:24	20.97	--	10	20970	卖盘
13:56:21	20.97	-0.02	2	4194	卖盘
13:56:15	20.99	0.05	15	31484	买盘
13:56:12	20.94	-0.05	328	686832	卖盘
13:56:09	20.99	--	27	56672	卖盘
13:56:06	20.99	--	2	4198	卖盘
13:56:03	20.99	--	25	52474	卖盘
13:56:00	20.99	0.03	53	111246	买盘
13:55:57	20.96	-0.02	68	142528	卖盘
13:55:51	20.98	-0.02	20	41960	卖盘
13:55:48	21.0	--	1	2100	买盘
13:55:42	21.0	--	35	73500	买盘
13:55:39	21.0	--	312	655200	买盘
13:55:33	21.0	--	131	275772	卖盘
13:55:30	21.0	-0.01	29	62328	卖盘
13:55:27	21.01	0.01	30	63030	买盘
13:55:24	21.0	--	144	302400	买盘
13:55:21	21.0	--	24	50400	买盘
13:55:18	21.0	-0.01	147	308700	卖盘
13:55:12	21.01	--	1	2101	卖盘
13:55:09	21.01	0.01	36	75636	买盘
13:55:06	21.0	--	4	8400	买盘
13:55:03	21.0	-0.01	53	111300	卖盘
13:55:00	21.01	-0.02	30	63030	中性盘
13:54:54	21.03	0.03	303	637209	买盘
13:54:51	21.0	--	97	203700	卖盘
13:54:48	21.0	-0.03	69	144900	卖盘
13:54:42	21.03	0.02	19	39957	买盘
13:54:39	21.01	0.01	1	2101	卖盘
13:54:36	21.0	--	113	237300	买盘
13:54:33	21.0	--	60	126000	买盘
13:54:30	21.0	-0.04	78	163800	卖盘
13:54:27	21.04	0.04	78	164112	买盘
13:54:24	21.0	-0.03	252	529200	卖盘
13:54:21	21.03	-0.01	296	622488	卖盘
13:54:18	21.04	--	28	58912	买盘
13:54:15	21.04	0.02	69	145176	买盘
13:54:12	21.02	-0.02	37	77774	卖盘
13:54:09	21.04	0.01	17	35768	买盘
13:54:06	21.03	--	20	42060	卖盘
13:54:03	21.03	--	287	603561	卖盘
13:53:57	21.03	0.01	336	706608	买盘
13:53:54	21.02	0.02	56	117712	买盘
13:53:51	21.0	0.02	5	10500	中性盘
13:53:48	20.98	-0.03	278	583244	卖盘
13:53:45	21.01	0.01	84	176484	买盘
13:53:42	21.0	--	20	42000	买盘
13:53:39	21.0	0.02	2	4200	买盘
13:53:36	20.98	-0.03	15	31470	卖盘
13:53:33	21.01	0.01	10	21010	买盘
13:53:30	21.0	0.02	16	33600	买盘
13:53:24	20.98	-0.01	1	2098	卖盘
13:53:21	20.99	0.02	19	39881	中性盘
13:53:18	20.97	-0.03	7	14679	卖盘
13:53:15	21.0	0.03	1996	4191600	买盘
13:53:12	20.97	--	8	16776	买盘
13:53:09	20.97	--	28	58716	买盘
13:53:06	20.97	--	17	35649	买盘
13:53:03	20.97	--	211	442467	卖盘
13:52:57	20.97	-0.01	44	92268	卖盘
13:52:54	20.98	--	57	119586	买盘
13:52:51	20.98	--	126	264348	买盘
13:52:48	20.98	--	151	316798	买盘
13:52:45	20.98	0.01	252	528696	买盘
13:52:42	20.97	--	111	232767	卖盘
13:52:39	20.97	--	31	65007	卖盘
13:52:33	20.97	--	2	4194	卖盘
13:52:30	20.97	0.01	1507	3160179	买盘
13:52:27	20.96	--	30	62880	卖盘
13:52:24	20.96	--	18	37728	卖盘
13:52:21	20.96	--	82	171872	卖盘
13:52:18	20.96	--	1	2096	卖盘
13:52:12	20.96	--	3	6288	卖盘
13:52:06	20.96	--	9	18864	卖盘
13:52:03	20.96	--	80	167680	卖盘
13:52:00	20.96	--	11	23056	卖盘
13:51:57	20.96	--	6	12576	卖盘
13:51:51	20.96	0.01	41	85936	买盘
13:51:45	20.95	-0.01	2	4190	卖盘
13:51:36	20.96	0.01	9	18864	买盘
13:51:33	20.95	--	50	104750	卖盘
13:51:30	20.95	--	3	6285	卖盘
13:51:27	20.95	--	1	2095	卖盘
13:51:21	20.95	--	85	178075	卖盘
13:51:18	20.95	-0.01	50	104750	卖盘
13:51:12	20.96	0.01	5	10480	买盘
13:51:09	20.95	0.01	18	37710	买盘
13:51:06	20.94	-0.01	2	4188	卖盘
13:51:03	20.95	--	11	23045	买盘
13:51:00	20.95	-0.01	54	113130	中性盘
13:50:54	20.96	0.01	365	765040	买盘
13:50:51	20.95	-0.01	51	106845	卖盘
13:50:48	20.96	0.01	2	4192	买盘
13:50:45	20.95	--	8	16760	买盘
13:50:42	20.95	-0.01	5	10475	中性盘
13:50:33	20.96	0.01	42	88032	买盘
13:50:30	20.95	--	75	157125	卖盘
13:50:27	20.95	--	18	37710	卖盘
13:50:24	20.95	--	12	25140	卖盘
13:50:21	20.95	--	24	50280	买盘
13:50:18	20.95	--	40	83800	买盘
13:50:15	20.95	0.01	16	33520	买盘
13:50:09	20.94	-0.01	2	4188	卖盘
13:50:06	20.95	--	9	18855	买盘
13:49:57	20.95	-0.01	5	10475	卖盘
13:49:54	20.96	0.01	52	108992	买盘
13:49:51	20.95	--	77	161315	买盘
13:49:48	20.95	-0.01	10	20950	中性盘
13:49:45	20.96	--	13	27248	买盘
13:49:42	20.96	0.01	1	2096	买盘
13:49:39	20.95	--	1	2095	卖盘
13:49:33	20.95	--	7	14665	卖盘
13:49:30	20.95	--	42	87990	卖盘
13:49:21	20.95	0.01	40	83800	买盘
13:49:18	20.94	-0.01	12	25128	卖盘
13:49:15	20.95	--	7	14665	买盘
13:49:12	20.95	0.02	200	419000	买盘
13:49:06	20.93	--	30	62790	卖盘
13:49:00	20.93	--	271	567203	卖盘
13:48:57	20.93	--	3	6279	卖盘
13:48:51	20.93	--	5	10465	卖盘
13:48:48	20.93	--	14	29302	买盘
13:48:45	20.93	--	5	10465	买盘
13:48:42	20.93	--	6	12558	买盘
13:48:27	20.93	--	13	27209	买盘
13:48:24	20.93	-0.01	75	156975	卖盘
13:48:21	20.94	--	111	232434	卖盘
13:48:18	20.94	0.01	35	73290	买盘
13:48:15	20.93	-0.01	10	20930	卖盘
13:48:12	20.94	--	20	41880	买盘
13:48:09	20.94	0.01	16	33504	买盘
13:48:06	20.93	-0.01	6	12558	卖盘
13:48:03	20.94	--	14	29316	买盘
13:48:00	20.94	0.01	50	104700	买盘
13:47:57	20.93	-0.01	10	20930	卖盘
13:47:51	20.94	--	97	203118	买盘
13:47:45	20.94	0.01	31	64914	买盘
13:47:42	20.93	--	3	6279	卖盘
13:47:39	20.93	-0.01	20	41860	卖盘
13:47:36	20.94	--	9	18846	买盘
13:47:33	20.94	0.01	10	20940	买盘
13:47:30	20.93	--	3	6279	卖盘
13:47:27	20.93	-0.01	10	20930	卖盘
13:47:24	20.94	--	29	60726	买盘
13:47:21	20.94	0.01	10	20940	买盘
13:47:18	20.93	0.01	106	221858	买盘
13:47:15	20.92	-0.01	89	186188	卖盘
13:47:12	20.93	--	6	12558	买盘
13:47:09	20.93	0.01	53	110929	买盘
13:47:03	20.92	-0.01	1	2092	卖盘
13:47:00	20.93	0.03	47	98371	买盘
13:46:57	20.9	-0.02	265	553850	卖盘
13:46:54	20.92	-0.01	33	69036	卖盘
13:46:51	20.93	--	77	161161	卖盘
13:46:48	20.93	0.01	40	83720	买盘
13:46:45	20.92	-0.01	5	10460	卖盘
13:46:39	20.93	--	80	167440	卖盘
13:46:30	20.93	--	51	106743	卖盘
13:46:27	20.93	-0.01	11	23023	卖盘
13:46:21	20.94	0.01	11	23034	买盘
13:46:18	20.93	--	5	10465	买盘
13:46:15	20.93	-0.01	10	20930	中性盘
13:46:09	20.94	0.01	160	335040	买盘
13:46:03	20.93	--	25	52325	卖盘
13:46:00	20.93	--	21	43953	卖盘
13:45:54	20.93	--	1	2093	卖盘
13:45:51	20.93	0.02	38	79534	买盘
13:45:39	20.91	-0.02	70	146370	卖盘
13:45:36	20.93	--	22	46046	卖盘
13:45:30	20.93	--	13	27209	卖盘
13:45:24	20.93	--	15	31395	卖盘
13:45:21	20.93	--	26	54418	卖盘
13:45:18	20.93	--	54	113022	买盘
13:45:15	20.93	0.02	2	4186	买盘
13:45:06	20.91	-0.03	12	25092	卖盘
13:45:00	20.94	0.01	46	96324	买盘
13:44:54	20.93	--	11	23023	卖盘
13:44:51	20.93	-0.01	10	20930	卖盘
13:44:48	20.94	0.01	75	157050	买盘
13:44:42	20.93	0.01	1	2093	买盘
13:44:39	20.92	-0.01	18	37656	卖盘
13:44:33	20.93	--	9	18837	卖盘
13:44:30	20.93	--	11	23023	卖盘
13:44:27	20.93	-0.02	114	238602	卖盘
13:44:24	20.95	0.01	18	37710	买盘
13:44:21	20.94	--	4	8376	买盘
13:44:18	20.94	0.01	2	4188	买盘
13:44:15	20.93	--	30	62790	卖盘
13:44:09	20.93	-0.01	34	71162	卖盘
13:44:06	20.94	--	1	2094	中性盘
13:44:03	20.94	--	313	655422	买盘
13:43:57	20.94	0.01	40	83760	买盘
13:43:54	20.93	-0.01	8	16744	卖盘
13:43:48	20.94	0.03	76	159144	买盘
13:43:45	20.91	0.01	263	549933	卖盘
13:43:36	20.9	--	16	33440	卖盘
13:43:30	20.9	--	15	31349	卖盘
13:43:27	20.9	--	6	12540	卖盘
13:43:18	20.9	--	35	73150	买盘
13:43:12	20.9	--	22	45980	买盘
13:43:06	20.9	--	15	31349	买盘
13:42:57	20.9	--	8	16720	卖盘
13:42:45	20.9	0.02	43	89870	买盘
13:42:42	20.88	--	5	10440	买盘
13:42:39	20.88	-0.02	118	246384	卖盘
13:42:36	20.9	--	5	10450	买盘
13:42:33	20.9	0.02	17	35530	买盘
13:42:30	20.88	-0.02	3	6264	卖盘
13:42:21	20.9	--	10	20900	买盘
13:42:18	20.9	--	75	156750	买盘
13:42:15	20.9	--	16	33440	买盘
13:42:12	20.9	--	1	2090	买盘
13:42:03	20.9	--	6	12540	买盘
13:42:00	20.9	-0.05	11	22990	买盘
13:41:57	20.95	--	82	171790	卖盘
13:41:54	20.95	--	4	8380	卖盘
13:41:51	20.95	0.05	112	234640	买盘
13:41:48	20.9	--	101	211090	买盘
13:41:45	20.9	--	10	20900	买盘
13:41:42	20.9	--	65	135850	卖盘
13:41:36	20.9	--	33	68970	卖盘
13:41:33	20.9	--	230	480699	买盘
13:41:30	20.9	--	60	125399	卖盘
13:41:27	20.9	--	2	4180	买盘
13:41:24	20.9	--	2	4180	买盘
13:41:21	20.9	--	3	6270	买盘
13:41:18	20.9	--	86	179740	买盘
13:41:15	20.9	-0.05	159	332310	卖盘
13:41:09	20.95	-0.01	2	4190	中性盘
13:41:06	20.96	-0.01	36	75456	中性盘
13:41:03	20.97	0.01	177	371169	买盘
13:41:00	20.96	--	26	54496	买盘
13:40:57	20.96	--	258	540768	卖盘
13:40:54	20.96	--	14	29344	卖盘
13:40:51	20.96	--	17	35632	买盘
13:40:48	20.96	--	75	157200	买盘
13:40:45	20.96	--	30	62880	买盘
13:40:42	20.96	0.01	20	41920	买盘
13:40:39	20.95	-0.01	88	184360	卖盘
13:40:36	20.96	0.01	102	213792	买盘
13:40:33	20.95	-0.01	14	29330	卖盘
13:40:27	20.96	0.02	5	10480	买盘
13:40:24	20.94	--	30	62820	卖盘
13:40:21	20.94	-0.01	30	62820	卖盘
13:40:18	20.95	0.04	186	389670	买盘
13:40:15	20.91	--	2	4182	卖盘
13:40:12	20.91	--	4	8364	卖盘
13:40:06	20.91	--	7	14637	卖盘
13:40:03	20.91	0.01	20	41820	卖盘
13:39:54	20.9	--	25	52250	卖盘
13:39:51	20.9	--	54	112859	卖盘
13:39:48	20.9	--	70	146300	买盘
13:39:45	20.9	--	30	62699	买盘
13:39:42	20.9	--	10	20900	卖盘
13:39:36	20.9	-0.07	11	22990	卖盘
13:39:30	20.97	--	4	8388	买盘
13:39:27	20.97	0.01	37	77589	买盘
13:39:24	20.96	-0.01	1	2096	卖盘
13:39:21	20.97	--	6	12582	买盘
13:39:18	20.97	0.01	49	102753	买盘
13:39:15	20.96	--	2	4192	买盘
13:39:12	20.96	-0.02	3	6288	中性盘
13:39:06	20.98	0.02	27	56646	买盘
13:39:03	20.96	-0.02	6	12576	卖盘
13:39:00	20.98	--	53	111194	卖盘
13:38:57	20.98	--	37	77626	卖盘
13:38:54	20.98	--	68	142664	卖盘
13:38:51	20.98	-0.01	12	25176	卖盘
13:38:48	20.99	0.09	200	419799	买盘
13:38:45	20.9	-0.08	139	290510	卖盘
13:38:42	20.98	--	276	579048	卖盘
13:38:39	20.98	--	145	304210	买盘
13:38:36	20.98	--	334	700732	买盘
13:38:33	20.98	0.02	68	142664	买盘
13:38:30	20.96	-0.02	32	67072	买盘
13:38:27	20.98	--	294	616812	买盘
13:38:24	20.98	--	81	169938	买盘
13:38:18	20.98	0.01	364	763672	买盘
13:38:15	20.97	0.01	111	232767	买盘
13:38:12	20.96	--	14	29344	买盘
13:38:09	20.96	0.01	31	64976	买盘
13:38:06	20.95	--	1	2095	卖盘
13:38:00	20.95	--	19	39805	买盘
13:37:57	20.95	0.03	71	148745	买盘
13:37:51	20.92	-0.03	12	25104	中性盘
13:37:48	20.95	0.05	96	201120	买盘
13:37:45	20.9	-0.01	12	25080	卖盘
13:37:42	20.91	-0.04	10	20910	中性盘
13:37:39	20.95	0.03	2175	4556625	买盘
13:37:36	20.92	0.02	111	232212	买盘
13:37:33	20.9	--	47	98230	买盘
13:37:30	20.9	--	142	296780	买盘
13:37:27	20.9	--	3	6270	买盘
13:37:24	20.9	--	49	102410	买盘
13:37:21	20.9	0.01	4	8360	买盘
13:37:18	20.89	0.01	61	127429	买盘
13:37:15	20.88	-0.01	10	20880	卖盘
13:37:12	20.89	0.01	20	41780	买盘
13:37:09	20.88	--	13	27144	买盘
13:37:06	20.88	0.02	22	45936	买盘
13:37:03	20.86	--	12	25032	卖盘
13:37:00	20.86	--	5	10430	买盘
13:36:57	20.86	--	2	4172	买盘
13:36:54	20.86	0.01	1	2086	买盘
13:36:48	20.85	--	2323	4844497	买盘
13:36:45	20.85	0.01	209	435765	买盘
13:36:42	20.84	-0.01	12	25008	卖盘
13:36:39	20.85	--	2	4170	买盘
13:36:36	20.85	--	380	792300	买盘
13:36:33	20.85	--	3	6255	买盘
13:36:30	20.85	--	4	8340	买盘
13:36:27	20.85	0.01	15	31275	买盘
13:36:24	20.84	--	3	6252	卖盘
13:36:21	20.84	-0.01	225	468900	卖盘
13:36:18	20.85	0.01	86	179310	买盘
13:36:15	20.84	--	30	62520	卖盘
13:36:12	20.84	0.04	599	1248316	买盘
13:36:09	20.8	--	6	12480	卖盘
13:35:54	20.8	-0.02	60	124800	卖盘
13:35:51	20.82	-0.01	59	122838	卖盘
13:35:48	20.83	--	76	158308	买盘
13:35:45	20.83	--	7	14580	买盘
13:35:42	20.83	--	9	18747	买盘
13:35:39	20.83	--	16	33328	卖盘
13:35:33	20.83	-0.02	5	10415	卖盘
13:35:27	20.85	0.02	73	152205	买盘
13:35:24	20.83	-0.02	90	187469	卖盘
13:35:21	20.85	--	2	4170	买盘
13:35:18	20.85	--	83	173055	买盘
13:35:15	20.85	--	1	2085	买盘
13:35:12	20.85	--	114	237690	卖盘
13:35:09	20.85	--	15	31275	卖盘
13:35:03	20.85	--	7	14595	卖盘
13:34:48	20.85	--	21	43785	买盘
13:34:45	20.85	--	24	50040	买盘
13:34:42	20.85	0.01	8	16680	买盘
13:34:39	20.84	--	10	20840	卖盘
13:34:36	20.84	-0.01	10	20840	卖盘
13:34:33	20.85	0.02	1	2085	买盘
13:34:30	20.83	-0.01	19	39577	卖盘
13:34:27	20.84	--	7	14588	卖盘
13:34:21	20.84	0.01	203	423052	买盘
13:34:18	20.83	--	50	104149	买盘
13:34:15	20.83	0.01	1	2083	买盘
13:34:12	20.82	-0.01	120	249840	卖盘
13:34:06	20.83	--	3	6248	买盘
13:34:00	20.83	--	14	29161	买盘
13:33:54	20.83	0.01	3	6248	买盘
13:33:48	20.82	0.01	20	41640	买盘
13:33:39	20.81	--	6	12486	卖盘
13:33:36	20.81	--	100	208100	卖盘
13:33:27	20.81	--	5	10405	卖盘
13:33:21	20.81	0.01	59	122778	买盘
13:33:15	20.8	-0.01	2	4160	卖盘
13:33:09	20.81	0.01	8	16648	买盘
13:33:06	20.8	--	5	10400	卖盘
13:32:57	20.8	0.01	97	201760	买盘
13:32:51	20.79	-0.01	2	4158	卖盘
13:32:48	20.8	0.01	75	156000	买盘
13:32:42	20.79	-0.01	2	4158	卖盘
13:32:39	20.8	0.03	101	210080	买盘
13:32:36	20.77	-0.01	30	62310	卖盘
13:32:33	20.78	--	20	41560	买盘
13:32:21	20.78	--	64	132992	卖盘
13:32:18	20.78	-0.01	174	361572	卖盘
13:32:15	20.79	0.01	4	8316	买盘
13:32:12	20.78	-0.01	3	6234	卖盘
13:32:03	20.79	--	10	20790	买盘
13:31:57	20.79	--	5	10395	买盘
13:31:54	20.79	0.01	192	399168	买盘
13:31:51	20.78	-0.01	30	62340	卖盘
13:31:48	20.79	--	75	155925	买盘
13:31:45	20.79	--	10	20790	买盘
13:31:42	20.79	0.01	15	31185	买盘
13:31:33	20.78	-0.01	1	2078	卖盘
13:31:27	20.79	0.02	5	10395	买盘
13:31:15	20.77	--	56	116312	买盘
13:31:06	20.77	0.01	10	20770	买盘
13:30:48	20.76	0.03	43	89268	买盘
13:30:39	20.73	-0.04	17	35241	卖盘
13:30:30	20.77	0.02	5	10385	买盘
13:30:15	20.75	-0.02	1	2075	中性盘
13:30:12	20.77	0.02	50	103850	买盘
13:30:06	20.75	-0.02	8	16600	卖盘
13:30:03	20.77	0.05	100	207700	买盘
13:29:48	20.72	-0.03	16	33152	卖盘
13:29:45	20.75	0.03	6	12450	买盘
13:29:42	20.72	-0.03	30	62160	卖盘
13:29:36	20.75	0.03	2	4150	买盘
13:29:33	20.72	0.01	3	6216	中性盘
13:29:15	20.71	--	1	2071	卖盘
13:29:12	20.71	--	10	20710	买盘
13:29:09	20.71	--	20	41420	买盘
13:29:03	20.71	--	10	20710	买盘
13:29:00	20.71	0.01	1	2071	买盘
13:28:57	20.7	--	160	331200	卖盘
13:28:54	20.7	-0.01	30	62100	卖盘
13:28:45	20.71	0.01	12	24852	买盘
13:28:42	20.7	0.01	27	55890	买盘
13:28:39	20.69	-0.01	25	51725	卖盘
13:28:36	20.7	0.01	14	28980	买盘
13:28:33	20.69	-0.01	15	31035	卖盘
13:28:30	20.7	0.01	2	4140	买盘
13:28:27	20.69	--	49	101381	卖盘
13:28:24	20.69	-0.01	12	24828	卖盘
13:28:18	20.7	0.01	12	24840	中性盘
13:28:12	20.69	-0.01	85	175865	卖盘
13:28:06	20.7	--	43	89010	卖盘
13:28:00	20.7	--	9	18630	卖盘
13:27:57	20.7	--	8	16560	卖盘
13:27:54	20.7	--	20	41400	卖盘
13:27:51	20.7	-0.01	30	62100	卖盘
13:27:48	20.71	--	5	10355	买盘
13:27:42	20.71	-0.02	51	105621	买盘
13:27:39	20.73	0.03	19	39387	中性盘
13:27:33	20.7	-0.05	351	726570	卖盘
13:27:27	20.75	--	5	10375	卖盘
13:27:12	20.75	--	23	47725	买盘
13:27:09	20.75	--	1	2075	买盘
13:27:03	20.75	-0.01	76	157700	卖盘
13:27:00	20.76	--	3	6228	卖盘
13:26:57	20.76	--	9	18684	卖盘
13:26:51	20.76	--	5	10380	卖盘
13:26:48	20.76	0.01	1	2076	中性盘
13:26:42	20.75	-0.01	63	130725	卖盘
13:26:39	20.76	--	10	20760	买盘
13:26:36	20.76	0.01	2	4152	买盘
13:26:33	20.75	-0.01	6	12450	卖盘
13:26:18	20.76	--	2	4152	卖盘
13:26:15	20.76	-0.01	5	10380	卖盘
13:26:12	20.77	0.02	50	103850	买盘
13:26:00	20.75	-0.01	10	20750	卖盘
13:25:57	20.76	-0.01	2	4152	卖盘
13:25:54	20.77	--	1	2077	买盘
13:25:51	20.77	--	50	103850	买盘
13:25:42	20.77	--	50	103850	买盘
13:25:36	20.77	--	1	2077	买盘
13:25:27	20.77	0.02	1	2077	买盘
13:25:24	20.75	-0.01	12	24900	卖盘
13:25:21	20.76	--	2	4152	买盘
13:25:15	20.76	--	31	64356	买盘
13:25:12	20.76	--	50	103800	买盘
13:25:03	20.76	-0.01	17	35292	卖盘
13:24:54	20.77	--	5	10385	买盘
13:24:51	20.77	--	5	10385	买盘
13:24:45	20.77	--	3	6231	买盘
13:24:42	20.77	-0.01	70	145390	卖盘
13:24:39	20.78	0.01	3	6234	中性盘
13:24:33	20.77	--	5	10385	卖盘
13:24:30	20.77	--	5	10385	卖盘
13:24:24	20.77	--	1	2077	卖盘
13:24:15	20.77	--	9	18693	买盘
13:24:12	20.77	--	50	103850	买盘
13:24:09	20.77	0.02	13	27001	买盘
13:24:06	20.75	-0.02	8	16600	卖盘
13:24:03	20.77	0.01	12	24924	买盘
13:24:00	20.76	0.01	3	6228	卖盘
13:23:45	20.75	--	6	12450	买盘
13:23:42	20.75	0.01	51	105825	买盘
13:23:39	20.74	-0.01	10	20740	卖盘
13:23:36	20.75	0.01	10	20750	买盘
13:23:33	20.74	-0.01	10	20740	卖盘
13:23:27	20.75	--	30	62250	卖盘
13:23:18	20.75	-0.04	73	151475	卖盘
13:23:15	20.79	--	7	14553	卖盘
13:23:12	20.79	--	25	51975	买盘
13:23:09	20.79	0.04	2	4158	买盘
13:22:48	20.75	-0.02	50	103750	卖盘
13:22:42	20.77	--	46	95542	买盘
13:22:39	20.77	--	5	10385	买盘
13:22:36	20.77	--	23	47771	买盘
13:22:24	20.77	-0.02	126	261702	卖盘
13:22:21	20.79	-0.01	4	8316	卖盘
13:22:15	20.8	--	20	41600	买盘
13:22:12	20.8	0.01	64	133120	买盘
13:22:09	20.79	-0.01	15	31185	卖盘
13:22:06	20.8	0.01	2	4160	买盘
13:22:03	20.79	-0.01	56	116424	卖盘
13:21:54	20.8	--	10	20800	买盘
13:21:51	20.8	-0.01	34	70720	卖盘
13:21:48	20.81	0.01	20	41620	买盘
13:21:45	20.8	--	12	24960	卖盘
13:21:42	20.8	--	4	8320	买盘
13:21:39	20.8	--	50	104000	买盘
13:21:33	20.8	--	46	95680	卖盘
13:21:30	20.8	--	20	41600	卖盘
13:21:27	20.8	-0.01	3	6240	卖盘
13:21:24	20.81	--	11	22891	买盘
13:21:12	20.81	-0.02	135	280935	卖盘
13:21:09	20.83	--	79	164557	卖盘
13:21:03	20.83	--	20	41660	卖盘
13:21:00	20.83	-0.01	28	58323	卖盘
13:20:54	20.84	--	221	460564	买盘
13:20:48	20.84	-0.03	133	278214	卖盘
13:20:45	20.87	--	4	8348	卖盘
13:20:42	20.87	0.01	10	20870	买盘
13:20:27	20.86	0.01	10	20860	买盘
13:20:15	20.85	--	2	4170	卖盘
13:20:12	20.85	--	10	20850	卖盘
13:20:09	20.85	0.02	394	822532	买盘
13:20:03	20.83	-0.01	23	47908	卖盘
13:19:57	20.84	0.01	13	27092	买盘
13:19:54	20.83	--	1	2083	卖盘
13:19:48	20.83	--	9	18747	卖盘
13:19:42	20.83	0.01	17	35411	买盘
13:19:24	20.82	--	36	74952	买盘
13:19:12	20.82	--	54	112428	买盘
13:19:09	20.82	--	5	10410	卖盘
13:19:06	20.82	--	10	20820	卖盘
13:19:03	20.82	-0.01	5	10410	卖盘
13:19:00	20.83	--	44	91651	买盘
13:18:57	20.83	0.03	6	12497	买盘
13:18:54	20.8	-0.02	35	72800	卖盘
13:18:51	20.82	--	11	22902	卖盘
13:18:42	20.82	0.02	37	77034	买盘
13:18:27	20.8	-0.02	2	4160	卖盘
13:18:24	20.82	0.02	8	16656	买盘
13:18:18	20.8	-0.01	55	114400	卖盘
13:18:12	20.81	0.01	42	87402	买盘
13:18:09	20.8	--	2	4160	卖盘
13:18:06	20.8	--	3	6240	卖盘
13:18:03	20.8	--	7	14560	卖盘
13:17:57	20.8	--	5	10400	卖盘
13:17:54	20.8	--	49	101920	买盘
13:17:45	20.8	--	23	47840	买盘
13:17:42	20.8	--	44	91520	买盘
13:17:39	20.8	--	4	8320	买盘
13:17:36	20.8	-0.01	6	12480	卖盘
13:17:27	20.81	0.01	41	85321	买盘
13:17:24	20.8	--	71	147680	卖盘
13:17:15	20.8	--	2	4160	卖盘
13:17:12	20.8	--	33	68640	买盘
13:16:57	20.8	--	43	89440	买盘
13:16:54	20.8	-0.01	2	4160	买盘
13:16:42	20.81	0.01	77	160237	买盘
13:16:39	20.8	-0.01	15	31200	中性盘
13:16:36	20.81	0.03	6	12486	买盘
13:16:33	20.78	-0.03	33	68574	卖盘
13:16:30	20.81	0.01	30	62429	买盘
13:16:27	20.8	-0.01	6	12480	卖盘
13:16:24	20.81	0.01	8	16648	买盘
13:16:18	20.8	-0.01	7	14560	卖盘
13:16:12	20.81	0.01	43	89483	买盘
13:16:03	20.8	--	109	226720	卖盘
13:15:54	20.8	--	15	31200	卖盘
13:15:42	20.8	--	43	89440	买盘
13:15:36	20.8	--	1	2080	买盘
13:15:30	20.8	--	6	12480	买盘
13:15:21	20.8	--	6	12480	买盘
13:15:12	20.8	--	54	112320	买盘
13:15:09	20.8	--	70	145600	买盘
13:15:06	20.8	0.02	7	14560	买盘
13:15:03	20.78	-0.02	10	20780	卖盘
13:15:00	20.8	--	18	37440	买盘
13:14:54	20.8	--	60	124800	买盘
13:14:51	20.8	--	66	137280	买盘
13:14:42	20.8	--	148	307840	买盘
13:14:30	20.8	--	137	284960	卖盘
13:14:24	20.8	-0.01	4	8320	卖盘
13:14:18	20.81	--	133	276773	买盘
13:14:12	20.81	--	50	104050	买盘
13:14:09	20.81	-0.04	54	112374	卖盘
13:14:03	20.85	--	1	2085	买盘
13:13:57	20.85	--	5	10425	买盘
13:13:54	20.85	--	50	104250	买盘
13:13:51	20.85	--	2	4170	买盘
13:13:48	20.85	--	14	29190	买盘
13:13:42	20.85	--	246	512910	卖盘
13:13:33	20.85	-0.01	4	8340	卖盘
13:13:21	20.86	-0.01	2	4172	卖盘
13:13:12	20.87	--	55	114785	买盘
13:13:09	20.87	-0.02	30	62610	卖盘
13:13:06	20.89	0.02	1	2089	买盘
13:13:03	20.87	-0.02	10	20870	卖盘
13:12:54	20.89	--	5	10445	卖盘
13:12:51	20.89	-0.01	32	66848	卖盘
13:12:45	20.9	--	26	54339	买盘
13:12:42	20.9	--	187	390830	卖盘
13:12:39	20.9	-0.01	18	37620	卖盘
13:12:33	20.91	--	3	6273	买盘
13:12:30	20.91	--	1	2091	中性盘
13:12:27	20.91	--	7	14637	卖盘
13:12:21	20.91	-0.01	5	10455	卖盘
13:12:15	20.92	0.01	47	98324	买盘
13:12:12	20.91	-0.01	114	238374	卖盘
13:12:09	20.92	0.01	50	104600	买盘
13:12:06	20.91	-0.01	18	37638	卖盘
13:12:03	20.92	0.01	24	50208	买盘
13:12:00	20.91	--	29	60639	卖盘
13:11:57	20.91	0.01	11	23001	买盘
13:11:54	20.9	-0.01	113	236169	卖盘
13:11:51	20.91	--	66	138006	买盘
13:11:48	20.91	-0.01	2	4182	买盘
13:11:42	20.92	0.02	50	104600	买盘
13:11:36	20.9	-0.02	2	4180	中性盘
13:11:33	20.92	0.02	200	418400	买盘
13:11:30	20.9	0.01	44	91960	买盘
13:11:18	20.89	--	1	2089	卖盘
13:11:15	20.89	0.01	103	215167	买盘
13:11:12	20.88	--	12	25056	卖盘
13:11:09	20.88	--	7	14616	卖盘
13:11:03	20.88	0.01	36	75168	买盘
13:11:00	20.87	--	29	60523	卖盘
13:10:51	20.87	--	8	16696	买盘
13:10:48	20.87	0.01	2	4174	买盘
13:10:39	20.86	0.01	6	12516	买盘
13:10:36	20.85	-0.02	10	20850	卖盘
13:10:33	20.87	0.03	60	125220	买盘
13:10:30	20.84	-0.01	32	66688	卖盘
13:10:24	20.85	0.01	64	133440	买盘
13:10:21	20.84	--	10	20840	卖盘
13:10:18	20.84	--	25	52100	卖盘
13:10:15	20.84	--	50	104200	卖盘
13:10:09	20.84	--	10	20840	卖盘
13:10:03	20.84	0.02	45	93780	买盘
13:09:57	20.82	-0.02	10	20820	卖盘
13:09:54	20.84	0.02	10	20840	买盘
13:09:45	20.82	-0.03	1	2082	卖盘
13:09:36	20.85	0.01	88	183480	买盘
13:09:33	20.84	--	108	225072	卖盘
13:09:24	20.84	--	9	18756	卖盘
13:09:21	20.84	--	12	25008	卖盘
13:09:18	20.84	-0.01	2	4168	卖盘
13:09:15	20.85	0.01	10	20850	买盘
13:09:09	20.84	-0.01	17	35428	卖盘
13:09:03	20.85	--	104	216840	买盘
13:09:00	20.85	--	62	129270	买盘
13:08:54	20.85	--	10	20850	买盘
13:08:48	20.85	0.01	70	145950	买盘
13:08:39	20.84	0.01	133	277172	买盘
13:08:33	20.83	0.01	6	12497	买盘
13:08:30	20.82	0.01	10	20820	买盘
13:08:27	20.81	-0.01	10	20810	卖盘
13:08:24	20.82	--	2	4164	买盘
13:08:18	20.82	-0.01	32	66624	买盘
13:08:15	20.83	--	28	58323	买盘
13:08:03	20.83	0.01	25	52074	买盘
13:08:00	20.82	--	7	14574	买盘
13:07:57	20.82	0.01	37	77034	买盘
13:07:48	20.81	-0.01	35	72835	卖盘
13:07:45	20.82	--	53	110346	买盘
13:07:42	20.82	0.01	4	8328	买盘
13:07:33	20.81	0.01	6	12486	卖盘
13:07:27	20.8	--	5	10400	买盘
13:07:24	20.8	-0.02	7	14560	卖盘
13:07:21	20.82	--	1	2082	买盘
13:07:18	20.82	0.04	48	99936	买盘
13:07:12	20.78	-0.02	45	93510	卖盘
13:07:06	20.8	--	4	8320	卖盘
13:06:57	20.8	--	29	60320	买盘
13:06:51	20.8	--	13	27040	买盘
13:06:48	20.8	--	10	20800	买盘
13:06:45	20.8	--	4	8320	买盘
13:06:42	20.8	--	25	52000	买盘
13:06:36	20.8	--	30	62400	买盘
13:06:30	20.8	--	15	31200	买盘
13:06:24	20.8	--	24	49920	买盘
13:06:21	20.8	-0.01	64	133120	卖盘
13:06:12	20.81	0.01	31	64510	买盘
13:06:06	20.8	--	6	12480	买盘
13:06:03	20.8	--	5	10400	买盘
13:05:57	20.8	--	1	2080	买盘
13:05:54	20.8	-0.01	3	6240	买盘
13:05:51	20.81	0.04	25	52025	买盘
13:05:48	20.77	-0.04	12	24924	卖盘
13:05:36	20.81	0.01	11	22891	买盘
13:05:33	20.8	0.02	127	264160	买盘
13:05:30	20.78	0.01	13	27014	买盘
13:05:15	20.77	--	19	39463	买盘
13:05:09	20.77	0.01	21	43617	买盘
13:05:06	20.76	--	10	20760	卖盘
13:05:00	20.76	--	20	41520	卖盘
13:04:36	20.76	0.01	24	49824	买盘
13:04:24	20.75	--	12	24900	买盘
13:04:18	20.75	--	9	18675	买盘
13:04:06	20.75	-0.01	1	2075	中性盘
13:03:48	20.76	--	20	41520	买盘
13:03:45	20.76	--	3	6228	买盘
13:03:39	20.76	--	139	288564	买盘
13:03:36	20.76	0.06	1	2076	买盘
13:03:12	20.7	--	61	126270	买盘
13:02:57	20.7	--	11	22770	买盘
13:02:54	20.7	--	5	10350	卖盘
13:02:30	20.7	--	1	2070	卖盘
13:02:24	20.7	--	10	20700	卖盘
13:02:21	20.7	--	30	62100	卖盘
13:02:18	20.7	--	50	103500	卖盘
13:02:12	20.7	--	15	31050	买盘
13:02:09	20.7	0.01	11	22770	买盘
13:02:06	20.69	-0.01	12	24828	卖盘
13:02:00	20.7	--	3	6210	买盘
13:01:57	20.7	--	10	20700	买盘
13:01:48	20.7	--	1	2070	买盘
13:01:39	20.7	0.01	34	70380	买盘
13:01:36	20.69	--	21	43449	买盘
13:01:27	20.69	-0.01	35	72415	卖盘
13:01:21	20.7	0.01	10	20700	买盘
13:01:09	20.69	-0.01	1	2069	卖盘
13:01:06	20.7	0.01	3	6210	买盘
13:01:03	20.69	--	7	14483	卖盘
13:00:51	20.69	--	6	12414	买盘
13:00:45	20.69	--	7	14483	买盘
13:00:36	20.69	0.01	12	24828	买盘
13:00:15	20.68	--	10	20680	卖盘
13:00:12	20.68	-0.01	8	16544	卖盘
13:00:09	20.69	0.01	101	208969	买盘
13:00:06	20.68	--	308	636944	买盘
13:00:03	20.68	--	0	0	买盘
11:30:03	20.68	--	0	0	买盘
11:30:00	20.68	-0.01	25	51700	买盘
11:29:51	20.69	-0.01	57	117933	卖盘
11:29:48	20.7	--	2	4140	买盘
11:29:45	20.7	0.02	16	33120	买盘
11:29:36	20.68	-0.01	6	12408	卖盘
11:29:33	20.69	--	5	10345	买盘
11:29:30	20.69	--	18	37242	买盘
11:29:21	20.69	0.02	5	10345	买盘
11:29:18	20.67	-0.02	6	12402	卖盘
11:29:12	20.69	--	4	8276	买盘
11:29:09	20.69	--	5	10345	买盘
11:29:06	20.69	0.03	26	53794	买盘
11:29:03	20.66	-0.03	25	51650	卖盘
11:29:00	20.69	--	28	57932	买盘
11:28:54	20.69	-0.07	64	132416	卖盘
11:28:51	20.76	0.07	36	74736	买盘
11:28:48	20.69	--	1	2069	卖盘
11:28:42	20.69	--	3	6207	买盘
11:28:30	20.69	--	6	12414	卖盘
11:28:24	20.69	-0.09	1	2069	卖盘
11:28:15	20.78	0.18	22	45716	买盘
11:28:09	20.6	-0.16	500	1030000	卖盘
11:28:06	20.76	--	2	4152	卖盘
11:28:00	20.76	0.1	2	4152	买盘
11:27:57	20.66	-0.03	350	723100	卖盘
11:27:51	20.69	-0.02	350	724150	卖盘
11:27:45	20.71	-0.01	500	1035500	卖盘
11:27:36	20.72	--	3	6216	卖盘
11:27:33	20.72	--	19	39368	卖盘
11:27:24	20.72	--	9	18648	买盘
11:27:21	20.72	--	10	20720	买盘
11:27:12	20.72	0.02	4	8288	中性盘
11:27:03	20.7	-0.01	94	194580	卖盘
11:26:51	20.71	--	2	4142	卖盘
11:26:39	20.71	--	40	82840	卖盘
11:26:30	20.71	0.01	50	103550	中性盘
11:26:15	20.7	-0.09	1	2070	卖盘
11:26:06	20.79	--	6	12474	卖盘
11:26:03	20.79	0.09	10	20790	买盘
11:25:57	20.7	--	1	2070	卖盘
11:25:54	20.7	-0.13	20	41400	中性盘
11:25:42	20.83	0.14	159	331197	买盘
11:25:33	20.69	-0.01	500	1034500	卖盘
11:25:27	20.7	-0.1	500	1035000	卖盘
11:25:24	20.8	--	3	6240	买盘
11:25:21	20.8	0.07	53	110240	买盘
11:25:18	20.73	-0.06	530	1098690	卖盘
11:25:09	20.79	-0.01	601	1249479	卖盘
11:25:06	20.8	0.07	77	160160	买盘
11:25:03	20.73	-0.06	500	1036500	卖盘
11:24:48	20.79	--	30	62370	买盘
11:24:42	20.79	--	1	2079	买盘
11:24:39	20.79	0.01	9	18711	买盘
11:24:36	20.78	--	50	103900	卖盘
11:24:30	20.78	0.01	16	33248	买盘
11:24:21	20.77	--	10	20770	卖盘
11:24:18	20.77	--	4	8308	卖盘
11:24:15	20.77	0.02	38	78926	买盘
11:24:12	20.75	--	4	8300	买盘
11:24:09	20.75	--	1	2075	卖盘
11:24:03	20.75	--	2	4150	卖盘
11:24:00	20.75	0.01	1	2075	中性盘
11:23:57	20.74	--	9	18666	买盘
11:23:54	20.74	-0.01	12	24887	卖盘
11:23:51	20.75	0.01	34	70550	买盘
11:23:48	20.74	--	2	4148	买盘
11:23:45	20.74	--	44	91256	买盘
11:23:42	20.74	0.01	4	8296	卖盘
11:23:39	20.73	-0.01	50	103650	卖盘
11:23:36	20.74	-0.01	17	35258	中性盘
11:23:27	20.75	0.02	11	22825	买盘
11:23:24	20.73	--	36	74628	卖盘
11:23:12	20.73	0.01	60	124380	买盘
11:23:00	20.72	-0.01	6	12432	中性盘
11:22:57	20.73	0.01	25	51825	买盘
11:22:54	20.72	0.01	10	20720	买盘
11:22:51	20.71	--	57	118047	中性盘
11:22:48	20.71	0.01	34	70414	买盘
11:22:45	20.7	-0.01	15	31050	卖盘
11:22:42	20.71	--	15	31065	买盘
11:22:39	20.71	--	20	41420	买盘
11:22:36	20.71	--	49	101479	买盘
11:22:30	20.71	--	20	41420	买盘
11:22:27	20.71	--	23	47633	买盘
11:22:24	20.71	-0.02	307	635797	卖盘
11:22:21	20.73	--	130	269490	卖盘
11:22:18	20.73	--	7	14511	卖盘
11:22:15	20.73	0.01	36	74628	买盘
11:22:12	20.72	-0.01	51	105672	卖盘
11:22:09	20.73	0.01	16	33168	买盘
11:22:06	20.72	-0.01	10	20720	卖盘
11:22:03	20.73	0.01	8	16584	买盘
11:22:00	20.72	--	27	55944	卖盘
11:21:57	20.72	--	17	35224	卖盘
11:21:51	20.72	-0.01	59	122248	卖盘
11:21:48	20.73	0.01	13	26949	买盘
11:21:45	20.72	-0.01	13	26936	卖盘
11:21:42	20.73	--	17	35241	买盘
11:21:33	20.73	-0.01	14	29022	卖盘
11:21:30	20.74	0.01	44	91256	买盘
11:21:27	20.73	-0.01	36	74628	卖盘
11:21:21	20.74	--	65	134810	卖盘
11:21:15	20.74	--	35	72590	卖盘
11:21:12	20.74	--	24	49775	卖盘
11:21:09	20.74	--	4	8296	卖盘
11:21:06	20.74	--	65	134810	卖盘
11:21:03	20.74	--	24	49775	卖盘
11:21:00	20.74	--	16	33184	卖盘
11:20:57	20.74	0.01	13	26961	卖盘
11:20:51	20.73	--	55	114015	买盘
11:20:45	20.73	--	135	279855	买盘
11:20:42	20.73	-0.03	111	230103	卖盘
11:20:39	20.76	--	31	64356	买盘
11:20:36	20.76	-0.01	21	43596	卖盘
11:20:33	20.77	--	3	6231	买盘
11:20:30	20.77	-0.01	4	8308	卖盘
11:20:27	20.78	0.01	27	56106	买盘
11:20:18	20.77	--	6	12462	卖盘
11:20:15	20.77	--	31	64387	卖盘
11:20:12	20.77	-0.01	3	6231	卖盘
11:20:06	20.78	0.01	5	10390	买盘
11:20:03	20.77	--	6	12462	买盘
11:20:00	20.77	-0.01	86	178622	卖盘
11:19:51	20.78	--	42	87276	卖盘
11:19:48	20.78	-0.01	19	39482	卖盘
11:19:42	20.79	--	9	18711	买盘
11:19:39	20.79	0.01	5	10395	买盘
11:19:36	20.78	-0.01	5	10390	卖盘
11:19:30	20.79	--	1	2079	买盘
11:19:27	20.79	--	3	6237	买盘
11:19:09	20.79	--	137	284823	卖盘
11:18:48	20.79	-0.01	3	6237	卖盘
11:18:24	20.8	--	1	2080	买盘
11:18:21	20.8	--	107	222560	卖盘
11:18:18	20.8	-0.02	10	20800	卖盘
11:18:09	20.82	--	70	145740	卖盘
11:18:06	20.82	--	2	4164	卖盘
11:18:03	20.82	--	1	2082	卖盘
11:18:00	20.82	--	4	8328	卖盘
11:17:54	20.82	--	1	2082	卖盘
11:17:48	20.82	--	10	20820	卖盘
11:17:39	20.82	--	4	8328	买盘
11:17:33	20.82	0.02	1	2082	买盘
11:17:27	20.8	-0.01	28	58240	卖盘
11:17:15	20.81	-0.02	10	20810	卖盘
11:17:09	20.83	--	1	2083	买盘
11:17:03	20.83	--	16	33328	买盘
11:17:00	20.83	--	13	27078	买盘
11:16:57	20.83	--	1	2083	买盘
11:16:54	20.83	0.01	2	4166	买盘
11:16:51	20.82	--	50	104100	卖盘
11:16:39	20.82	-0.01	9	18738	卖盘
11:16:36	20.83	--	3	6248	卖盘
11:16:33	20.83	--	1	2083	卖盘
11:16:30	20.83	0.01	10	20830	中性盘
11:16:24	20.82	--	20	41640	卖盘
11:16:21	20.82	--	10	20820	卖盘
11:16:12	20.82	--	1	2082	卖盘
11:16:09	20.82	--	33	68706	买盘
11:15:57	20.82	--	5	10410	买盘
11:15:48	20.82	--	10	20820	卖盘
11:15:39	20.82	--	11	22902	卖盘
11:15:33	20.82	0.03	15	31230	中性盘
11:15:24	20.79	-0.03	273	567567	卖盘
11:15:18	20.82	--	1	2082	卖盘
11:15:15	20.82	--	10	20820	卖盘
11:15:09	20.82	--	64	133248	买盘
11:14:54	20.82	--	31	64542	卖盘
11:14:42	20.82	--	8	16656	买盘
11:14:36	20.82	0.02	10	20820	买盘
11:14:33	20.8	--	2	4160	卖盘
11:14:30	20.8	-0.02	11	22880	卖盘
11:14:27	20.82	--	5	10410	买盘
11:14:21	20.82	--	5	10410	买盘
11:14:18	20.82	--	37	77034	买盘
11:14:12	20.82	--	2	4164	买盘
11:14:03	20.82	--	41	85362	买盘
11:13:57	20.82	--	41	85362	买盘
11:13:54	20.82	0.02	11	22902	买盘
11:13:51	20.8	-0.02	96	199680	卖盘
11:13:45	20.82	--	10	20820	买盘
11:13:42	20.82	-0.02	11	22902	卖盘
11:13:39	20.84	--	1	2084	买盘
11:13:30	20.84	--	52	108368	买盘
11:13:27	20.84	-0.01	19	39596	卖盘
11:13:24	20.85	0.01	15	31275	买盘
11:13:21	20.84	-0.01	28	58352	卖盘
11:13:15	20.85	0.01	27	56295	买盘
11:13:06	20.84	--	12	25008	卖盘
11:12:54	20.84	--	10	20840	买盘
11:12:51	20.84	0.04	14	29176	买盘
11:12:48	20.8	-0.04	86	178880	卖盘
11:12:45	20.84	0.02	8	16672	买盘
11:12:39	20.82	-0.02	10	20820	卖盘
11:12:33	20.84	--	14	29176	买盘
11:12:30	20.84	--	10	20840	买盘
11:12:27	20.84	0.02	59	122956	买盘
11:12:24	20.82	-0.02	40	83280	卖盘
11:12:15	20.84	0.03	35	72940	买盘
11:12:06	20.81	-0.03	13	27053	卖盘
11:12:03	20.84	0.02	26	54184	买盘
11:12:00	20.82	0.02	13	27066	买盘
11:11:48	20.8	-0.02	10	20800	卖盘
11:11:45	20.82	0.02	12	24984	卖盘
11:11:42	20.8	0.01	30	62400	买盘
11:11:39	20.79	-0.01	41	85239	卖盘
11:11:36	20.8	--	13	27040	买盘
11:11:33	20.8	--	40	83200	买盘
11:11:30	20.8	0.01	16	33280	买盘
11:11:27	20.79	--	2	4158	卖盘
11:11:24	20.79	--	21	43659	卖盘
11:11:18	20.79	--	33	68607	买盘
11:11:15	20.79	--	27	56133	买盘
11:11:09	20.79	0.01	43	89397	买盘
11:11:06	20.78	-0.01	1	2078	卖盘
11:11:03	20.79	0.01	53	110187	买盘
11:11:00	20.78	--	42	87276	卖盘
11:10:54	20.78	--	5	10390	卖盘
11:10:51	20.78	0.01	16	33248	买盘
11:10:48	20.77	-0.01	47	97619	卖盘
11:10:42	20.78	-0.01	15	31170	卖盘
11:10:39	20.79	--	2	4158	买盘
11:10:33	20.79	0.01	1	2079	买盘
11:10:30	20.78	-0.01	5	10390	卖盘
11:10:24	20.79	--	2	4158	买盘
11:10:21	20.79	-0.01	85	176715	卖盘
11:10:18	20.8	0.01	10	20800	买盘
11:10:12	20.79	--	108	224532	卖盘
11:10:09	20.79	-0.01	27	56133	卖盘
11:10:06	20.8	0.01	102	212160	买盘
11:10:00	20.79	-0.01	20	41580	卖盘
11:09:57	20.8	--	2	4160	买盘
11:09:51	20.8	--	2	4160	买盘
11:09:45	20.8	-0.03	145	301600	卖盘
11:09:42	20.83	0.03	5	10415	买盘
11:09:39	20.8	-0.02	41	85280	卖盘
11:09:30	20.82	-0.01	55	114697	卖盘
11:09:24	20.83	--	13	28974	买盘
11:09:18	20.83	0.03	1	2083	买盘
11:09:12	20.8	-0.03	4	8320	中性盘
11:09:06	20.83	0.03	96	199967	买盘
11:09:03	20.8	--	5	10400	买盘
11:09:00	20.8	-0.01	28	59280	卖盘
11:08:57	20.81	0.01	10	20810	买盘
11:08:54	20.8	--	34	71760	买盘
11:08:51	20.8	--	36	75920	卖盘
11:08:48	20.8	--	57	118560	卖盘
11:08:42	20.8	--	3	6240	卖盘
11:08:33	20.8	--	152	317200	买盘
11:08:27	20.8	--	3	6240	买盘
11:08:24	20.8	--	2	4160	买盘
11:08:21	20.8	--	65	135200	买盘
11:08:18	20.8	--	21	43680	买盘
11:08:06	20.8	--	26	54080	买盘
11:08:03	20.8	-0.02	264	549120	卖盘
11:08:00	20.82	0.01	20	41640	买盘
11:07:57	20.81	--	10	20810	卖盘
11:07:54	20.81	--	5	10405	卖盘
11:07:51	20.81	--	1	2081	卖盘
11:07:48	20.81	0.01	5	10405	中性盘
11:07:42	20.8	--	74	153920	卖盘
11:07:39	20.8	--	5	10400	卖盘
11:07:36	20.8	--	3	6240	卖盘
11:07:27	20.8	0.02	45	93600	买盘
11:07:24	20.78	--	5	10390	卖盘
11:07:21	20.78	-0.01	20	41560	卖盘
11:07:18	20.79	0.01	8	16632	中性盘
11:07:12	20.78	-0.01	524	1088872	卖盘
11:07:09	20.79	--	1	2079	买盘
11:07:06	20.79	--	14	29106	买盘
11:07:00	20.79	-0.01	15	31185	卖盘
11:06:57	20.8	0.01	18	37440	买盘
11:06:54	20.79	--	10	20790	卖盘
11:06:51	20.79	--	13	27027	卖盘
11:06:48	20.79	-0.01	56	116424	卖盘
11:06:45	20.8	0.01	11	22880	买盘
11:06:42	20.79	-0.01	10	20790	卖盘
11:06:33	20.8	--	3	6240	买盘
11:06:30	20.8	--	15	31200	买盘
11:06:24	20.8	--	6	12480	买盘
11:06:21	20.8	0.02	1	2080	买盘
11:06:18	20.78	-0.02	6	12468	卖盘
11:06:09	20.8	0.03	101	210080	买盘
11:06:06	20.77	-0.01	66	137082	卖盘
11:06:00	20.78	--	20	41560	买盘
11:05:57	20.78	--	11	22858	买盘
11:05:54	20.78	-0.02	6	12468	卖盘
11:05:48	20.8	0.02	1	2080	买盘
11:05:39	20.78	-0.02	2	4156	卖盘
11:05:33	20.8	0.03	50	104000	买盘
11:05:30	20.77	-0.03	3	6231	卖盘
11:05:27	20.8	0.02	50	104000	买盘
11:05:18	20.78	--	15	32209	卖盘
11:05:15	20.78	-0.02	25	51950	卖盘
11:05:12	20.8	--	1	2080	买盘
11:05:06	20.8	--	1	2080	买盘
11:05:03	20.8	--	6	12480	买盘
11:05:00	20.8	0.02	25	52000	买盘
11:04:57	20.78	--	1	2078	卖盘
11:04:54	20.78	--	15	31170	卖盘
11:04:48	20.78	--	1	2078	卖盘
11:04:45	20.78	--	4	8312	卖盘
11:04:42	20.78	--	3	6234	卖盘
11:04:39	20.78	0.01	521	1082638	买盘
11:04:36	20.77	-0.01	1	2077	中性盘
11:04:33	20.78	0.02	14	29092	买盘
11:04:30	20.76	--	2	4152	卖盘
11:04:21	20.76	-0.04	51	105876	卖盘
11:04:18	20.8	0.01	93	193440	买盘
11:04:15	20.79	0.01	9	18711	买盘
11:04:12	20.78	-0.01	2	4156	中性盘
11:04:09	20.79	0.01	47	97713	中性盘
11:04:03	20.78	-0.02	4	8312	卖盘
11:03:54	20.8	0.01	90	187200	买盘
11:03:51	20.79	--	1	2079	买盘
11:03:48	20.79	--	7	14553	卖盘
11:03:45	20.79	-0.01	6	12474	卖盘
11:03:39	20.8	--	6	12480	买盘
11:03:36	20.8	--	10	20800	买盘
11:03:33	20.8	--	1	2080	买盘
11:03:30	20.8	--	30	63627	卖盘
11:03:21	20.8	-0.01	12	24960	卖盘
11:03:18	20.81	0.01	6	12486	买盘
11:03:15	20.8	--	25	52000	卖盘
11:03:12	20.8	-0.01	30	62400	卖盘
11:03:06	20.81	0.01	139	290112	买盘
11:03:00	20.8	--	12	24960	卖盘
11:02:57	20.8	--	2	4160	卖盘
11:02:54	20.8	-0.01	26	54080	卖盘
11:02:51	20.81	--	5	10405	买盘
11:02:45	20.81	--	53	110293	卖盘
11:02:42	20.81	-0.01	22	45782	卖盘
11:02:36	20.82	--	14	29148	买盘
11:02:33	20.82	--	7	14574	卖盘
11:02:24	20.82	--	18	37476	卖盘
11:02:21	20.82	--	10	20820	卖盘
11:02:09	20.82	--	2	4164	卖盘
11:02:03	20.82	--	3	6246	卖盘
11:02:00	20.82	-0.01	7	14574	卖盘
11:01:57	20.83	0.01	3	6248	买盘
11:01:54	20.82	--	2	4164	卖盘
11:01:51	20.82	-0.01	20	41640	中性盘
11:01:48	20.83	0.02	10	20830	买盘
11:01:45	20.81	-0.01	100	208100	卖盘
11:01:36	20.82	--	1	2082	卖盘
11:01:33	20.82	-0.03	28	58296	卖盘
11:01:27	20.85	0.03	10	20850	买盘
11:01:24	20.82	-0.03	8	16656	卖盘
11:01:18	20.85	0.02	18	37530	买盘
11:01:15	20.83	--	40	83320	卖盘
11:01:12	20.83	--	1	2083	卖盘
11:01:09	20.83	--	10	20830	卖盘
11:01:00	20.83	--	70	145810	买盘
11:00:54	20.83	0.01	10	20830	中性盘
11:00:45	20.82	-0.01	20	41640	卖盘
11:00:33	20.83	-0.02	26	54157	卖盘
11:00:27	20.85	--	10	20850	买盘
11:00:24	20.85	--	20	41700	买盘
11:00:21	20.85	--	11	22935	买盘
11:00:09	20.85	--	9	18765	卖盘
11:00:03	20.85	-0.01	72	150120	卖盘
11:00:00	20.86	0.01	1	2086	买盘
10:59:54	20.85	-0.01	25	52125	卖盘
10:59:48	20.86	0.01	7	14602	买盘
10:59:45	20.85	-0.01	10	20850	卖盘
10:59:42	20.86	--	23	47978	买盘
10:59:39	20.86	0.01	2	4172	买盘
10:59:30	20.85	--	14	29190	卖盘
10:59:21	20.85	-0.01	1	2085	卖盘
10:59:18	20.86	--	10	20860	买盘
10:59:12	20.86	--	8	16688	买盘
10:59:09	20.86	-0.02	94	196084	卖盘
10:59:03	20.88	-0.01	5	10440	买盘
10:59:00	20.89	--	8	16712	卖盘
10:58:54	20.89	0.03	3	6267	买盘
10:58:51	20.86	-0.03	8	16688	卖盘
10:58:48	20.89	0.02	8	16712	买盘
10:58:45	20.87	--	11	22957	买盘
10:58:42	20.87	--	8	16696	卖盘
10:58:36	20.87	-0.02	17	35479	卖盘
10:58:33	20.89	0.02	13	27157	买盘
10:58:30	20.87	-0.02	10	20870	卖盘
10:58:27	20.89	--	8	16712	买盘
10:58:15	20.89	0.02	20	41780	买盘
10:58:09	20.87	--	13	27131	卖盘
10:58:06	20.87	--	5	10435	卖盘
10:57:51	20.87	0.01	3	6261	卖盘
10:57:48	20.86	-0.01	4	8344	卖盘
10:57:42	20.87	0.02	2	4174	中性盘
10:57:21	20.85	-0.02	20	41700	卖盘
10:57:15	20.87	--	1	2087	卖盘
10:57:12	20.87	0.02	20	41740	买盘
10:57:09	20.85	-0.01	1	2085	买盘
10:56:57	20.86	-0.01	118	246148	卖盘
10:56:54	20.87	--	3	6261	卖盘
10:56:51	20.87	0.01	4	8348	中性盘
10:56:45	20.86	-0.01	27	56322	卖盘
10:56:42	20.87	0.01	3	6261	买盘
10:56:39	20.86	--	7	14602	卖盘
10:56:36	20.86	0.01	108	225288	中性盘
10:56:30	20.85	--	10	20850	卖盘
10:56:24	20.85	-0.02	100	208500	卖盘
10:56:21	20.87	0.01	2	4174	买盘
10:56:12	20.86	--	3	6258	买盘
10:56:06	20.86	-0.01	2	4172	卖盘
10:55:57	20.87	0.01	9	18783	买盘
10:55:51	20.86	--	3	6258	卖盘
10:55:48	20.86	-0.02	35	73010	卖盘
10:55:45	20.88	--	21	43848	买盘
10:55:42	20.88	-0.02	18	37584	卖盘
10:55:36	20.9	--	17	35530	买盘
10:55:33	20.9	-0.02	230	480699	中性盘
10:55:24	20.92	0.01	26	54392	买盘
10:55:21	20.91	--	4	8364	卖盘
10:55:18	20.91	0.01	12	25092	买盘
10:55:15	20.9	-0.02	1	2090	中性盘
10:55:12	20.92	0.01	19	39748	买盘
10:55:09	20.91	--	49	102459	卖盘
10:55:06	20.91	--	50	104550	卖盘
10:55:03	20.91	0.01	32	66912	买盘
10:54:57	20.9	--	20	41800	买盘
10:54:54	20.9	-0.01	65	135850	卖盘
10:54:51	20.91	0.01	51	106641	买盘
10:54:48	20.9	--	2	4180	卖盘
10:54:42	20.9	--	5	10450	卖盘
10:54:36	20.9	-0.01	10	20900	中性盘
10:54:24	20.91	0.02	30	62730	买盘
10:54:15	20.89	0.03	25	52225	卖盘
10:54:12	20.86	-0.04	66	137676	卖盘
10:54:00	20.9	--	16	33440	买盘
10:53:57	20.9	0.01	200	418000	买盘
10:53:54	20.89	--	25	52225	买盘
10:53:51	20.89	--	5	10445	买盘
10:53:48	20.89	0.02	20	41780	买盘
10:53:45	20.87	-0.02	2	4174	卖盘
10:53:39	20.89	--	5	10445	买盘
10:53:33	20.89	0.01	2	4178	买盘
10:53:30	20.88	0.01	5	10440	买盘
10:53:27	20.87	-0.02	2	4174	中性盘
10:53:18	20.89	0.04	41	85649	买盘
10:53:12	20.85	--	2	4170	卖盘
10:53:00	20.85	0.04	53	110505	买盘
10:52:57	20.81	--	34	70754	卖盘
10:52:42	20.81	0.01	24	49944	买盘
10:52:39	20.8	--	174	361920	卖盘
10:52:36	20.8	--	4	8320	卖盘
10:52:30	20.8	--	1	2080	卖盘
10:52:24	20.8	--	16	33280	卖盘
10:52:21	20.8	-0.01	3	6240	卖盘
10:52:18	20.81	0.01	5	10405	买盘
10:52:06	20.8	--	1	2080	卖盘
10:52:03	20.8	--	10	20800	卖盘
10:52:00	20.8	-0.01	20	41600	卖盘
10:51:57	20.81	--	13	27053	买盘
10:51:54	20.81	0.01	5	10405	买盘
10:51:51	20.8	-0.02	7	14560	卖盘
10:51:45	20.82	--	3	6246	买盘
10:51:42	20.82	0.01	14	29148	买盘
10:51:36	20.81	-0.03	12	24972	卖盘
10:51:30	20.84	--	21	43764	买盘
10:51:27	20.84	0.02	52	108368	买盘
10:51:21	20.82	0.01	14	29148	卖盘
10:51:03	20.81	--	6	12486	买盘
10:51:00	20.81	-0.03	10	20810	卖盘
10:50:57	20.84	0.04	17	35428	买盘
10:50:48	20.8	-0.04	5	10400	卖盘
10:50:45	20.84	-0.01	15	31260	卖盘
10:50:42	20.85	--	3	6255	买盘
10:50:27	20.85	--	2	4170	卖盘
10:50:24	20.85	-0.05	11	22935	卖盘
10:50:21	20.9	0.05	29	60609	买盘
10:50:18	20.85	--	3	6255	卖盘
10:50:09	20.85	-0.03	10	20850	卖盘
10:50:06	20.88	0.03	31	64728	买盘
10:49:57	20.85	--	4	8340	卖盘
10:49:45	20.85	--	5	10425	卖盘
10:49:42	20.85	0.05	86	179310	买盘
10:49:39	20.8	0.01	30	62400	中性盘
10:49:36	20.79	--	42	87318	卖盘
10:49:30	20.79	--	15	31185	卖盘
10:49:27	20.79	-0.01	28	58212	卖盘
10:49:24	20.8	--	6	13520	买盘
10:49:21	20.8	-0.05	305	634400	卖盘
10:49:18	20.85	--	1	2085	买盘
10:49:06	20.85	-0.03	159	332557	卖盘
10:49:03	20.88	--	6	12528	卖盘
10:49:00	20.88	0.02	62	130500	买盘
10:48:54	20.86	--	123	256578	卖盘
10:48:48	20.86	--	88	183568	买盘
10:48:45	20.86	0.01	16	33376	买盘
10:48:42	20.85	--	6	12510	卖盘
10:48:39	20.85	--	4	8340	卖盘
10:48:36	20.85	--	6	12510	卖盘
10:48:30	20.85	--	14	29190	卖盘
10:48:27	20.85	0.03	106	221010	买盘
10:48:24	20.82	--	7	14574	卖盘
10:48:21	20.82	-0.01	4	8328	卖盘
10:48:15	20.83	--	4	8332	买盘
10:48:12	20.83	-0.03	5	10415	中性盘
10:48:09	20.86	0.04	42	87612	买盘
10:48:06	20.82	-0.04	20	41640	卖盘
10:47:57	20.86	0.05	11	22946	买盘
10:47:51	20.81	-0.07	20	41620	卖盘
10:47:45	20.88	0.06	500	1044000	买盘
10:47:42	20.82	-0.04	13	27066	卖盘
10:47:33	20.86	0.04	12	25032	买盘
10:47:30	20.82	-0.04	20	41640	卖盘
10:47:27	20.86	-0.02	149	310814	卖盘
10:47:24	20.88	--	5	10440	买盘
10:47:18	20.88	--	9	18792	买盘
10:47:15	20.88	--	8	16704	买盘
10:47:09	20.88	--	20	41760	买盘
10:47:06	20.88	--	4	8352	卖盘
10:47:03	20.88	-0.02	3	6264	卖盘
10:46:54	20.9	--	5	10450	买盘
10:46:48	20.9	--	57	119129	买盘
10:46:36	20.9	--	2	4180	买盘
10:46:33	20.9	--	45	94050	买盘
10:46:30	20.9	--	3	6270	买盘
10:46:27	20.9	-0.01	29	60609	卖盘
10:46:18	20.91	-0.04	14	29274	中性盘
10:46:03	20.95	0.04	304	636880	买盘
10:46:00	20.91	0.01	15	31365	卖盘
10:45:54	20.9	--	15	31349	买盘
10:45:51	20.9	0.01	6	12540	买盘
10:45:48	20.89	--	8	16712	买盘
10:45:45	20.89	-0.03	199	415711	卖盘
10:45:42	20.92	0.02	2	4184	买盘
10:45:36	20.9	--	3	6270	卖盘
10:45:33	20.9	--	3	6270	买盘
10:45:30	20.9	--	44	91960	卖盘
10:45:27	20.9	-0.05	60	125399	卖盘
10:45:21	20.95	0.05	55	115225	买盘
10:45:15	20.9	-0.02	39	81510	卖盘
10:45:12	20.92	--	6	12552	卖盘
10:45:09	20.92	--	194	405848	卖盘
10:45:06	20.92	-0.01	13	27196	卖盘
10:45:03	20.93	0.01	10	20930	中性盘
10:44:54	20.92	--	9	18828	卖盘
10:44:51	20.92	-0.01	20	41840	卖盘
10:44:48	20.93	0.01	1	2093	买盘
10:44:42	20.92	-0.03	15	31380	卖盘
10:44:39	20.95	0.02	200	419000	买盘
10:44:36	20.93	--	16	33488	卖盘
10:44:33	20.93	--	48	100464	卖盘
10:44:24	20.93	-0.02	25	52325	卖盘
10:44:21	20.95	0.01	141	295395	买盘
10:44:18	20.94	0.02	9	18846	买盘
10:44:15	20.92	--	35	73220	卖盘
10:44:09	20.92	--	5	10460	卖盘
10:44:06	20.92	--	19	39748	卖盘
10:44:03	20.92	--	30	62760	买盘
10:44:00	20.92	--	98	205016	卖盘
10:43:57	20.92	--	1	2092	卖盘
10:43:51	20.92	--	2	4184	卖盘
10:43:48	20.92	-0.01	49	102508	卖盘
10:43:45	20.93	0.01	12	25116	买盘
10:43:42	20.92	0.02	73	152716	买盘
10:43:39	20.9	--	27	56429	卖盘
10:43:36	20.9	--	11	22990	卖盘
10:43:33	20.9	-0.02	11	22990	卖盘
10:43:27	20.92	0.02	1	2092	买盘
10:43:24	20.9	--	1	2090	卖盘
10:43:21	20.9	--	65	135850	卖盘
10:43:18	20.9	--	5	10450	卖盘
10:43:15	20.9	0.04	196	409640	买盘
10:43:12	20.86	--	100	208600	卖盘
10:43:09	20.86	--	28	58408	卖盘
10:43:06	20.86	--	30	62580	卖盘
10:43:03	20.86	--	6	12516	卖盘
10:42:54	20.86	--	1	2086	卖盘
10:42:48	20.86	--	2	4172	卖盘
10:42:42	20.86	--	20	41720	卖盘
10:42:39	20.86	--	201	419286	买盘
10:42:36	20.86	--	10	20860	买盘
10:42:33	20.86	--	13	27118	买盘
10:42:30	20.86	--	9	18774	买盘
10:42:27	20.86	--	2	4172	买盘
10:42:21	20.86	--	9	18774	买盘
10:42:18	20.86	-0.04	3	6258	卖盘
10:42:15	20.9	--	10	20900	买盘
10:42:12	20.9	0.04	1	2090	卖盘
10:42:09	20.86	--	3	6258	卖盘
10:42:06	20.86	-0.04	5	10430	卖盘
10:42:00	20.9	-0.02	23	48070	卖盘
10:41:54	20.92	--	30	62760	卖盘
10:41:51	20.92	0.02	135	282420	买盘
10:41:45	20.9	--	151	315590	卖盘
10:41:39	20.9	--	102	213180	买盘
10:41:33	20.9	--	15	31349	买盘
10:41:30	20.9	--	5	10450	买盘
10:41:27	20.9	--	22	45980	买盘
10:41:24	20.9	--	30	62699	买盘
10:41:21	20.9	--	5	10450	买盘
10:41:18	20.9	--	2	4180	买盘
10:41:15	20.9	--	11	22990	买盘
10:41:12	20.9	-0.02	7	14629	卖盘
10:41:00	20.92	-0.01	213	445596	卖盘
10:40:57	20.93	--	16	33488	买盘
10:40:54	20.93	0.01	10	20930	买盘
10:40:48	20.92	--	19	39748	卖盘
10:40:45	20.92	0.02	5	10460	买盘
10:40:42	20.9	--	9	18810	卖盘
10:40:36	20.9	--	16	33440	卖盘
10:40:33	20.9	--	10	20900	卖盘
10:40:30	20.9	0.04	262	547580	买盘
10:40:24	20.86	--	2	4172	买盘
10:40:15	20.86	-0.01	18	37548	中性盘
10:40:09	20.87	--	4	8348	买盘
10:40:06	20.87	0.08	2	4174	买盘
10:40:03	20.79	-0.08	15	31185	卖盘
10:39:54	20.87	--	3	6261	买盘
10:39:51	20.87	-0.03	3	6261	中性盘
10:39:42	20.9	--	160	334400	卖盘
10:39:36	20.9	--	15	31349	买盘
10:39:33	20.9	--	11	22990	买盘
10:39:30	20.9	--	10	20900	买盘
10:39:27	20.9	--	50	104500	买盘
10:39:24	20.9	--	60	125399	买盘
10:39:21	20.9	--	159	332310	买盘
10:39:18	20.9	--	18	37620	买盘
10:39:15	20.9	-0.06	11	22990	卖盘
10:39:12	20.96	-0.03	32	67072	卖盘
10:39:06	20.99	0.03	695	1459812	买盘
10:39:00	20.96	0.06	26	54496	买盘
10:38:57	20.9	-0.08	555	1159950	卖盘
10:38:54	20.98	--	30	62940	卖盘
10:38:51	20.98	0.02	294	616812	买盘
10:38:48	20.96	0.01	63	132048	买盘
10:38:45	20.95	--	62	129890	卖盘
10:38:42	20.95	--	20	41900	卖盘
10:38:39	20.95	--	5	10475	卖盘
10:38:36	20.95	--	7	14665	买盘
10:38:33	20.95	0.04	20	41900	买盘
10:38:30	20.91	--	50	104550	卖盘
10:38:27	20.91	-0.02	94	196554	卖盘
10:38:24	20.93	0.02	12	25116	买盘
10:38:21	20.91	0.01	50	104550	买盘
10:38:12	20.9	--	59	123309	卖盘
10:38:09	20.9	--	206	432525	买盘
10:38:06	20.9	0.02	30	62699	买盘
10:38:03	20.88	0.02	13	27144	卖盘
10:38:00	20.86	--	70	146020	买盘
10:37:57	20.86	--	6	12516	买盘
10:37:54	20.86	--	12	25032	买盘
10:37:51	20.86	--	410	855260	买盘
10:37:48	20.86	-0.04	6	12516	卖盘
10:37:45	20.9	--	8	16720	买盘
10:37:42	20.9	--	30	62699	买盘
10:37:33	20.9	--	1	2194	卖盘
10:37:30	20.9	0.05	503	1053255	买盘
10:37:27	20.85	0.04	11	22935	买盘
10:37:24	20.81	-0.05	10	20810	卖盘
10:37:21	20.86	0.01	10	20860	买盘
10:37:18	20.85	0.01	5	10425	中性盘
10:37:09	20.84	-0.04	38	79192	卖盘
10:37:06	20.88	0.02	16	33408	买盘
10:37:03	20.86	--	4	8344	买盘
10:37:00	20.86	0.06	27	57406	买盘
10:36:57	20.8	--	9	18720	买盘
10:36:54	20.8	-0.08	15	31200	卖盘
10:36:51	20.88	0.04	72	150336	买盘
10:36:45	20.84	0.04	30	62520	买盘
10:36:42	20.8	-0.05	28	58344	卖盘
10:36:39	20.85	--	103	214755	卖盘
10:36:36	20.85	0.07	210	439830	买盘
10:36:33	20.78	-0.01	4	8312	卖盘
10:36:30	20.79	-0.01	17	35343	卖盘
10:36:24	20.8	--	37	76960	买盘
10:36:21	20.8	--	8	16640	买盘
10:36:18	20.8	0.03	14	29120	买盘
10:36:15	20.77	-0.01	305	633485	卖盘
10:36:12	20.78	-0.02	9	18702	卖盘
10:36:09	20.8	--	38	79040	买盘
10:36:06	20.8	--	5	10400	买盘
10:36:03	20.8	--	35	72904	卖盘
10:35:57	20.8	-0.04	14	29120	卖盘
10:35:54	20.84	0.04	5	10420	买盘
10:35:51	20.8	0.01	0	1976	买盘
10:35:48	20.79	-0.01	15	31185	卖盘
10:35:45	20.8	0.01	4	8320	买盘
10:35:42	20.79	-0.04	36	74947	卖盘
10:35:39	20.83	0.04	297	620629	买盘
10:35:36	20.79	0.09	6	12474	买盘
10:35:33	20.7	-0.08	41	84870	卖盘
10:35:30	20.78	0.08	21	43638	买盘
10:35:27	20.7	-0.05	35	72450	卖盘
10:35:21	20.75	0.05	1	2075	买盘
10:35:18	20.7	--	1	2070	卖盘
10:35:15	20.7	--	38	78660	卖盘
10:35:12	20.7	-0.01	24	49680	卖盘
10:35:09	20.71	0.02	16	33136	中性盘
10:35:06	20.69	-0.01	69	142761	卖盘
10:35:03	20.7	--	20	41400	卖盘
10:35:00	20.7	--	21	43470	卖盘
10:34:54	20.7	0.01	5	10350	中性盘
10:34:51	20.69	-0.01	87	180003	卖盘
10:34:48	20.7	0.01	23	47610	中性盘
10:34:45	20.69	-0.09	123	254487	卖盘
10:34:42	20.78	0.09	347	721066	买盘
10:34:39	20.69	-0.01	74	153106	卖盘
10:34:36	20.7	--	7	14490	买盘
10:34:33	20.7	--	22	45540	买盘
10:34:30	20.7	--	45	93150	买盘
10:34:27	20.7	--	64	132480	买盘
10:34:24	20.7	--	17	35190	买盘
10:34:21	20.7	--	60	124200	买盘
10:34:15	20.7	-0.01	159	329130	卖盘
10:34:12	20.71	-0.03	14	28994	卖盘
10:34:09	20.74	0.02	174	360876	买盘
10:34:06	20.72	0.02	10	20720	中性盘
10:34:03	20.7	-0.01	29	60030	卖盘
10:34:00	20.71	0.01	15	31065	卖盘
10:33:57	20.7	-0.02	65	134550	卖盘
10:33:54	20.72	0.01	20	41440	中性盘
10:33:51	20.71	0.01	1	2071	中性盘
10:33:48	20.7	--	21	43470	卖盘
10:33:45	20.7	-0.01	118	244260	卖盘
10:33:42	20.71	0.01	21	43491	卖盘
10:33:39	20.7	-0.05	14	28980	卖盘
10:33:36	20.75	0.05	15	31125	中性盘
10:33:24	20.7	-0.1	501	1037070	卖盘
10:33:21	20.8	--	555	1154400	买盘
10:33:15	20.8	-0.04	673	1399944	卖盘
10:33:12	20.84	0.01	2	4168	中性盘
10:33:09	20.83	-0.02	99	206216	卖盘
10:33:06	20.85	--	2	4170	买盘
10:33:03	20.85	0.01	3	6255	买盘
10:33:00	20.84	-0.01	21	43764	卖盘
10:32:57	20.85	-0.01	3	6255	卖盘
10:32:51	20.86	0.01	5	10430	买盘
10:32:48	20.85	--	40	83400	买盘
10:32:45	20.85	-0.02	260	542100	卖盘
10:32:42	20.87	-0.02	8	16696	卖盘
10:32:39	20.89	--	24	50136	买盘
10:32:36	20.89	--	31	64759	买盘
10:32:30	20.89	--	2	4178	买盘
10:32:27	20.89	0.03	14	29246	中性盘
10:32:24	20.86	-0.03	35	73010	卖盘
10:32:21	20.89	-0.01	15	31335	卖盘
10:32:18	20.9	--	42	87780	买盘
10:32:15	20.9	--	15	31349	买盘
10:32:12	20.9	0.01	4	8360	买盘
10:32:06	20.89	0.01	65	135785	买盘
10:32:03	20.88	-0.01	4	8352	卖盘
10:32:00	20.89	--	8	16712	买盘
10:31:57	20.89	--	4	8356	买盘
10:31:51	20.89	0.03	282	589098	买盘
10:31:45	20.86	-0.04	5	10430	卖盘
10:31:39	20.9	0.02	11	22990	买盘
10:31:36	20.88	-0.02	22	45936	中性盘
10:31:30	20.9	0.05	67	140030	买盘
10:31:24	20.85	-0.05	4	8340	买盘
10:31:21	20.9	0.07	200	418000	买盘
10:31:18	20.83	-0.02	10	20830	卖盘
10:31:15	20.85	-0.03	34	70890	卖盘
10:31:12	20.88	0.03	30	62640	买盘
10:31:09	20.85	-0.05	20	41700	中性盘
10:31:00	20.9	0.07	251	524590	买盘
10:30:54	20.83	0.01	2	4166	卖盘
10:30:51	20.82	-0.04	2	4164	卖盘
10:30:45	20.86	-0.04	79	164794	卖盘
10:30:42	20.9	0.05	381	796290	买盘
10:30:39	20.85	0.03	22	45870	卖盘
10:30:36	20.82	-0.03	110	229020	卖盘
10:30:33	20.85	--	33	68805	买盘
10:30:27	20.85	--	25	52125	买盘
10:30:21	20.85	-0.01	2	4170	买盘
10:30:18	20.86	0.06	10	20860	卖盘
10:30:15	20.8	-0.05	526	1096056	卖盘
10:30:12	20.85	0.04	54	112590	买盘
10:30:09	20.81	-0.04	382	794942	卖盘
10:30:06	20.85	0.02	42	87570	买盘
10:30:03	20.83	-0.02	84	174972	卖盘
10:30:00	20.85	-0.03	332	692324	卖盘
10:29:57	20.88	0.02	6	12528	买盘
10:29:54	20.86	-0.02	4	8344	卖盘
10:29:51	20.88	0.02	17	35496	买盘
10:29:48	20.86	--	15	31290	买盘
10:29:45	20.86	0.01	21	43806	买盘
10:29:42	20.85	-0.01	1	2085	卖盘
10:29:39	20.86	0.01	131	275247	买盘
10:29:36	20.85	--	23	47955	买盘
10:29:33	20.85	--	60	125100	买盘
10:29:30	20.85	--	181	377385	买盘
10:29:27	20.85	--	120	250200	买盘
10:29:24	20.85	--	4	8340	买盘
10:29:21	20.85	--	10	20850	买盘
10:29:18	20.85	--	4	8340	买盘
10:29:15	20.85	0.02	50	104250	买盘
10:29:12	20.83	-0.06	132	274956	卖盘
10:29:09	20.89	--	7	14623	卖盘
10:29:06	20.89	-0.01	1	2089	买盘
10:29:03	20.9	0.1	30	62699	买盘
10:29:00	20.8	--	91	189280	买盘
10:28:57	20.8	--	103	214240	买盘
10:28:54	20.8	-0.09	337	700960	卖盘
10:28:51	20.89	-0.01	21	43869	卖盘
10:28:48	20.9	0.1	85	177650	买盘
10:28:42	20.8	-0.05	500	1040000	卖盘
10:28:39	20.85	--	15	31275	卖盘
10:28:36	20.85	0.05	24	50040	卖盘
10:28:33	20.8	-0.07	504	1048320	卖盘
10:28:30	20.87	--	45	93915	卖盘
10:28:27	20.87	0.06	345	720015	买盘
10:28:24	20.81	-0.04	523	1088363	卖盘
10:28:21	20.85	-0.02	26	54210	卖盘
10:28:18	20.87	--	604	1260548	买盘
10:28:15	20.87	--	77	160699	买盘
10:28:12	20.87	0.02	10	20870	买盘
10:28:09	20.85	-0.02	12	25020	卖盘
10:28:06	20.87	-0.02	44	91828	卖盘
10:28:03	20.89	--	6	12534	卖盘
10:28:00	20.89	0.08	64	133696	买盘
10:27:57	20.81	-0.08	12	24972	卖盘
10:27:54	20.89	--	57	119073	买盘
10:27:51	20.89	--	54	112806	买盘
10:27:48	20.89	--	20	41780	买盘
10:27:45	20.89	--	1042	2176738	买盘
10:27:42	20.89	0.08	26	54314	买盘
10:27:39	20.81	-0.08	6	12486	卖盘
10:27:36	20.89	--	18	37602	买盘
10:27:33	20.89	0.09	26	54314	买盘
10:27:30	20.8	--	88	183040	卖盘
10:27:27	20.8	-0.09	7	14560	卖盘
10:27:24	20.89	-0.03	1	2089	中性盘
10:27:18	20.92	0.13	76	158992	买盘
10:27:15	20.79	-0.06	265	550935	卖盘
10:27:06	20.85	0.05	145	302325	买盘
10:27:03	20.8	--	59	122720	买盘
10:27:00	20.8	-0.09	307	638560	卖盘
10:26:57	20.89	-0.09	13	27157	中性盘
10:26:45	20.98	-0.02	506	1061588	中性盘
10:26:42	21.0	--	20	42000	买盘
10:26:39	21.0	0.16	5	10500	买盘
10:26:36	20.84	-0.16	610	1271240	卖盘
10:26:33	21.0	-0.01	68	142800	中性盘
10:26:27	21.01	--	535	1124035	买盘
10:26:24	21.01	0.01	15	31515	买盘
10:26:21	21.0	--	608	1276800	买盘
10:26:18	21.0	0.09	29	60900	买盘
10:26:15	20.91	-0.14	505	1055955	卖盘
10:26:12	21.05	0.04	204	429420	买盘
10:26:09	21.01	-0.01	22	46222	卖盘
10:26:06	21.02	0.07	67	140834	买盘
10:26:03	20.95	-0.07	510	1068450	卖盘
10:25:57	21.02	0.02	25	52550	买盘
10:25:54	21.0	-0.02	93	195300	卖盘
10:25:51	21.02	--	29	60958	买盘
10:25:48	21.02	--	111	233322	买盘
10:25:45	21.02	0.02	51	107202	买盘
10:25:42	21.0	-0.02	32	67200	卖盘
10:25:39	21.02	0.02	74	155548	买盘
10:25:36	21.0	-0.02	124	260400	卖盘
10:25:33	21.02	--	8	16816	买盘
10:25:30	21.02	0.04	10	21020	买盘
10:25:27	20.98	--	12	25176	买盘
10:25:24	20.98	-0.04	42	88116	卖盘
10:25:21	21.02	0.04	89	187078	买盘
10:25:18	20.98	-0.05	2	4196	卖盘
10:25:12	21.03	0.05	100	210300	买盘
10:25:09	20.98	--	2	4196	卖盘
10:25:06	20.98	--	15	31470	卖盘
10:25:03	20.98	0.02	571	1197958	买盘
10:25:00	20.96	0.01	13	27248	中性盘
10:24:54	20.95	--	10	20950	卖盘
10:24:51	20.95	-0.03	35	73325	卖盘
10:24:48	20.98	0.03	33	69234	买盘
10:24:45	20.95	0.02	75	157125	买盘
10:24:42	20.93	-0.02	22	46046	卖盘
10:24:39	20.95	--	55	115225	买盘
10:24:36	20.95	--	142	297490	买盘
10:24:33	20.95	--	99	207405	买盘
10:24:30	20.95	--	125	261875	买盘
10:24:27	20.95	-0.05	501	1049595	卖盘
10:24:24	21.0	--	36	75600	买盘
10:24:21	21.0	--	75	157500	买盘
10:24:18	21.0	--	62	130200	买盘
10:24:15	21.0	0.02	36	75600	买盘
10:24:12	20.98	--	3	6294	中性盘
10:24:09	20.98	0.02	36	75528	买盘
10:24:06	20.96	-0.04	83	173968	卖盘
10:24:03	21.0	0.02	23	48300	买盘
10:24:00	20.98	--	63	132174	买盘
10:23:57	20.98	-0.02	13	27274	中性盘
10:23:54	21.0	--	7	14700	买盘
10:23:51	21.0	0.02	122	256200	买盘
10:23:48	20.98	--	47	98606	卖盘
10:23:45	20.98	-0.02	35	73430	卖盘
10:23:42	21.0	0.02	48	100800	买盘
10:23:39	20.98	-0.02	30	62940	卖盘
10:23:36	21.0	--	182	382200	买盘
10:23:33	21.0	--	14	29400	买盘
10:23:30	21.0	-0.06	158	333438	卖盘
10:23:27	21.06	-0.02	7	14742	卖盘
10:23:24	21.08	--	9	18972	买盘
10:23:21	21.08	0.08	39	82212	买盘
10:23:18	21.0	-0.08	1044	2192400	卖盘
10:23:15	21.08	0.01	91	191827	买盘
10:23:09	21.07	0.02	26	54782	中性盘
10:23:06	21.05	--	27	56835	卖盘
10:23:03	21.05	-0.03	68	143140	中性盘
10:23:00	21.08	-0.01	43	90643	中性盘
10:22:57	21.09	0.04	285	601065	中性盘
10:22:54	21.05	-0.05	167	351535	卖盘
10:22:51	21.1	0.01	20	42200	买盘
10:22:48	21.09	--	20	42180	买盘
10:22:45	21.09	--	22	46398	买盘
10:22:42	21.09	0.07	217	457653	买盘
10:22:36	21.02	-0.07	36	75672	卖盘
10:22:30	21.09	-0.01	38	80142	买盘
10:22:27	21.1	0.01	169	356590	买盘
10:22:24	21.09	--	12	25308	买盘
10:22:21	21.09	-0.01	210	442890	卖盘
10:22:18	21.1	--	261	550710	买盘
10:22:15	21.1	-0.01	178	375580	卖盘
10:22:12	21.11	0.01	331	698741	买盘
10:22:09	21.1	--	291	614010	卖盘
10:22:06	21.1	--	45	94950	卖盘
10:22:03	21.1	--	552	1164720	卖盘
10:22:00	21.1	-0.03	44	92840	卖盘
10:21:57	21.13	-0.03	10	21130	买盘
10:21:54	21.16	--	20	42320	买盘
10:21:51	21.16	0.06	36	76176	买盘
10:21:48	21.1	--	203	428330	买盘
10:21:45	21.1	0.01	510	1076100	买盘
10:21:42	21.09	-0.01	19	40071	中性盘
10:21:39	21.1	--	93	196230	买盘
10:21:36	21.1	0.01	228	481080	买盘
10:21:33	21.09	-0.09	424	894216	卖盘
10:21:30	21.18	-0.02	168	355824	卖盘
10:21:27	21.2	--	613	1299560	买盘
10:21:24	21.2	--	327	693240	买盘
10:21:21	21.2	--	134	284080	买盘
10:21:18	21.2	0.01	636	1348320	买盘
10:21:15	21.19	-0.06	576	1220544	卖盘
10:21:12	21.25	0.05	121	257125	买盘
10:21:09	21.2	--	523	1108760	卖盘
10:21:06	21.2	--	423	896760	卖盘
10:21:03	21.2	--	532	1127840	卖盘
10:21:00	21.2	0.02	378	801360	买盘
10:20:57	21.18	--	497	1052646	卖盘
10:20:54	21.18	-0.01	569	1205142	卖盘
10:20:51	21.19	0.01	153	324207	买盘
10:20:48	21.18	0.03	723	1531314	买盘
10:20:45	21.15	-0.02	614	1298610	卖盘
10:20:42	21.17	--	83	175711	买盘
10:20:39	21.17	0.03	81	171477	买盘
10:20:36	21.14	-0.01	129	272706	卖盘
10:20:33	21.15	--	79	167085	买盘
10:20:30	21.15	0.03	37	78255	买盘
10:20:27	21.12	--	51	107712	卖盘
10:20:24	21.12	-0.02	39	82368	卖盘
10:20:21	21.14	0.02	56	118384	买盘
10:20:18	21.12	0.02	716	1512192	买盘
10:20:15	21.1	0.01	91	192010	买盘
10:20:12	21.09	0.01	166	350094	中性盘
10:20:09	21.08	-0.01	57	120155	卖盘
10:20:06	21.09	0.01	171	360639	买盘
10:20:03	21.08	0.03	321	676668	买盘
10:20:00	21.05	--	195	410475	卖盘
10:19:57	21.05	-0.01	442	930410	卖盘
10:19:54	21.06	0.01	72	151632	买盘
10:19:51	21.05	0.01	273	574665	买盘
10:19:48	21.04	0.01	52	109408	买盘
10:19:45	21.03	0.02	60	126180	买盘
10:19:42	21.01	--	218	458018	卖盘
10:19:39	21.01	-0.01	156	327756	卖盘
10:19:36	21.02	0.02	52	109304	买盘
10:19:33	21.0	-0.02	35	73500	卖盘
10:19:30	21.02	0.01	30	63060	买盘
10:19:27	21.01	0.01	42	88242	中性盘
10:19:24	21.0	-0.02	38	79800	卖盘
10:19:21	21.02	0.02	119	250138	买盘
10:19:18	21.0	--	58	121800	卖盘
10:19:15	21.0	0.01	641	1346100	买盘
10:19:12	20.99	--	16	33584	卖盘
10:19:09	20.99	-0.01	54	113345	卖盘
10:19:06	21.0	0.01	110	231000	买盘
10:19:03	20.99	--	86	180514	卖盘
10:19:00	20.99	0.02	71	149490	买盘
10:18:57	20.97	-0.02	13	27261	卖盘
10:18:54	20.99	0.01	77	161623	买盘
10:18:51	20.98	--	49	102802	买盘
10:18:48	20.98	--	16	33568	买盘
10:18:45	20.98	0.02	114	239172	买盘
10:18:42	20.96	-0.02	76	159296	卖盘
10:18:39	20.98	0.02	20	41960	买盘
10:18:36	20.96	-0.01	77	161392	卖盘
10:18:33	20.97	--	53	111141	卖盘
10:18:30	20.97	--	14	29358	卖盘
10:18:27	20.97	0.02	1	2097	卖盘
10:18:24	20.95	--	50	104750	卖盘
10:18:21	20.95	0.01	255	534225	买盘
10:18:18	20.94	-0.01	31	64914	卖盘
10:18:15	20.95	--	67	140365	买盘
10:18:12	20.95	--	136	284920	买盘
10:18:09	20.95	-0.03	5	10475	中性盘
10:18:06	20.98	0.03	241	505618	买盘
10:18:00	20.95	0.01	10	20950	买盘
10:17:57	20.94	-0.04	33	69102	卖盘
10:17:54	20.98	0.04	53	111194	买盘
10:17:51	20.94	-0.01	20	41880	卖盘
10:17:48	20.95	-0.01	59	123605	中性盘
10:17:45	20.96	0.01	192	402432	买盘
10:17:42	20.95	-0.03	4	8380	卖盘
10:17:39	20.98	0.02	109	228682	买盘
10:17:36	20.96	-0.02	35	73360	中性盘
10:17:33	20.98	0.02	2	4196	买盘
10:17:30	20.96	--	25	54034	卖盘
10:17:27	20.96	-0.02	34	71264	卖盘
10:17:24	20.98	-0.02	10	20980	卖盘
10:17:21	21.0	0.02	31	65100	买盘
10:17:18	20.98	--	35	73430	卖盘
10:17:15	20.98	--	20	42421	买盘
10:17:12	20.98	--	64	134272	买盘
10:17:09	20.98	--	15	31470	买盘
10:17:06	20.98	--	39	81822	买盘
10:17:00	20.98	--	119	249662	买盘
10:16:57	20.98	--	6	12588	买盘
10:16:54	20.98	--	31	65038	买盘
10:16:51	20.98	-0.02	160	337316	卖盘
10:16:48	21.0	--	17	35700	卖盘
10:16:45	21.0	-0.02	41	86100	买盘
10:16:42	21.02	0.01	47	98794	中性盘
10:16:39	21.01	0.01	9	18909	买盘
10:16:36	21.0	-0.01	96	201600	卖盘
10:16:33	21.01	-0.01	25	52525	卖盘
10:16:30	21.02	--	92	193384	中性盘
10:16:27	21.02	-0.01	65	136630	中性盘
10:16:24	21.03	0.02	110	231330	买盘
10:16:21	21.01	0.01	41	86141	买盘
10:16:18	21.0	--	96	201600	卖盘
10:16:15	21.0	--	121	254100	卖盘
10:16:12	21.0	--	500	1050000	买盘
10:16:09	21.0	0.01	106	222600	买盘
10:16:06	20.99	-0.01	37	77663	卖盘
10:16:03	21.0	0.01	104	218400	买盘
10:16:00	20.99	-0.01	212	444987	卖盘
10:15:57	21.0	0.03	61	128100	买盘
10:15:54	20.97	-0.02	313	656361	卖盘
10:15:51	20.99	--	247	518452	买盘
10:15:48	20.99	0.01	77	161623	买盘
10:15:45	20.98	0.01	69	144762	买盘
10:15:42	20.97	--	20	41940	卖盘
10:15:39	20.97	--	2	4194	卖盘
10:15:36	20.97	0.03	227	476480	买盘
10:15:33	20.94	-0.01	179	374826	买盘
10:15:30	20.95	--	165	347309	卖盘
10:15:27	20.95	--	1	2095	卖盘
10:15:24	20.95	0.03	224	469740	买盘
10:15:21	20.92	-0.01	16	33472	卖盘
10:15:18	20.93	0.01	38	79534	中性盘
10:15:15	20.92	-0.01	210	439320	中性盘
10:15:12	20.93	--	81	169533	买盘
10:15:09	20.93	0.01	41	85813	买盘
10:15:06	20.92	-0.01	23	48116	卖盘
10:15:03	20.93	0.02	42	87906	买盘
10:15:00	20.91	-0.01	90	188190	卖盘
10:14:57	20.92	0.01	72	150624	买盘
10:14:54	20.91	--	42	87822	卖盘
10:14:51	20.91	--	134	280194	卖盘
10:14:48	20.91	-0.02	16	33456	卖盘
10:14:45	20.93	0.02	32	66976	买盘
10:14:42	20.91	0.01	3	6273	中性盘
10:14:39	20.9	-0.01	18	37620	卖盘
10:14:36	20.91	-0.03	10	20910	卖盘
10:14:33	20.94	0.01	67	140298	买盘
10:14:30	20.93	-0.01	8	16744	卖盘
10:14:27	20.94	0.04	95	198930	买盘
10:14:24	20.9	--	23	48070	卖盘
10:14:21	20.9	-0.01	24	50160	卖盘
10:14:18	20.91	--	1	2091	买盘
10:14:15	20.91	-0.04	117	244647	卖盘
10:14:12	20.95	--	6	12570	买盘
10:14:09	20.95	--	47	98465	买盘
10:14:06	20.95	-0.02	32	68674	卖盘
10:14:03	20.97	0.02	169	354393	买盘
10:14:00	20.95	-0.02	33	69135	卖盘
10:13:57	20.97	--	28	58716	买盘
10:13:54	20.97	-0.01	17	35649	卖盘
10:13:51	20.98	0.03	13	27274	卖盘
10:13:48	20.95	-0.04	73	152935	卖盘
10:13:45	20.99	--	16	33584	买盘
10:13:42	20.99	0.02	34	71366	买盘
10:13:39	20.97	-0.02	80	167760	卖盘
10:13:36	20.99	-0.01	50	104949	卖盘
10:13:33	21.0	-0.01	53	111300	卖盘
10:13:30	21.01	0.01	258	542058	中性盘
10:13:27	21.0	--	611	1283100	买盘
10:13:24	21.0	--	110	231000	卖盘
10:13:21	21.0	--	126	264600	卖盘
10:13:18	21.0	--	134	281400	卖盘
10:13:15	21.0	--	13	27300	卖盘
10:13:12	21.0	--	570	1197000	卖盘
10:13:09	21.0	--	55	115500	卖盘
10:13:06	21.0	--	354	743400	买盘
10:13:03	21.0	0.02	232	487200	买盘
10:13:00	20.98	-0.02	128	268544	卖盘
10:12:57	21.0	--	77	161700	买盘
10:12:54	21.0	--	54	113400	买盘
10:12:51	21.0	0.03	18	37800	卖盘
10:12:48	20.97	-0.03	603	1264491	卖盘
10:12:45	21.0	--	112	235200	卖盘
10:12:42	21.0	--	53	111300	卖盘
10:12:39	21.0	--	69	144900	卖盘
10:12:36	21.0	0.01	118	247800	买盘
10:12:33	20.99	--	114	239747	买盘
10:12:30	20.99	0.02	41	86059	买盘
10:12:27	20.97	-0.02	3	6291	卖盘
10:12:24	20.99	0.02	19	39881	买盘
10:12:21	20.97	0.02	1722	3611034	买盘
10:12:18	20.95	--	40	83800	买盘
10:12:15	20.95	-0.03	405	848475	卖盘
10:12:12	20.98	0.02	685	1437130	买盘
10:12:09	20.96	0.01	93	194928	买盘
10:12:06	20.95	--	171	358245	买盘
10:12:00	20.95	--	43	90085	买盘
10:11:57	20.95	0.01	163	341485	买盘
10:11:54	20.94	0.01	5	10470	买盘
10:11:51	20.93	-0.01	2	4186	中性盘
10:11:48	20.94	0.01	63	131922	买盘
10:11:45	20.93	0.01	20	41860	买盘
10:11:42	20.92	--	45	94140	买盘
10:11:39	20.92	0.01	42	87864	买盘
10:11:36	20.91	-0.01	45	94095	卖盘
10:11:33	20.92	0.02	14	29288	买盘
10:11:30	20.9	--	11	22990	卖盘
10:11:27	20.9	0.01	2	4180	卖盘
10:11:24	20.89	0.01	63	131607	买盘
10:11:21	20.88	0.02	85	177480	买盘
10:11:18	20.86	-0.04	557	1161902	卖盘
10:11:15	20.9	0.04	92	192280	买盘
10:11:12	20.86	-0.02	81	168966	卖盘
10:11:09	20.88	-0.02	9	18792	卖盘
10:11:06	20.9	0.03	136	284240	买盘
10:11:03	20.87	-0.01	20	41740	中性盘
10:11:00	20.88	--	26	54288	买盘
10:10:57	20.88	--	34	70992	买盘
10:10:54	20.88	-0.01	463	966744	卖盘
10:10:51	20.89	-0.03	30	62670	卖盘
10:10:48	20.92	-0.02	15	31380	中性盘
10:10:45	20.94	0.04	16	33504	中性盘
10:10:42	20.9	-0.04	144	300960	卖盘
10:10:39	20.94	-0.01	63	131922	卖盘
10:10:36	20.95	--	1	2095	买盘
10:10:33	20.95	--	7	14665	买盘
10:10:30	20.95	--	68	142460	卖盘
10:10:27	20.95	-0.04	18	37710	卖盘
10:10:24	20.99	--	423	887876	买盘
10:10:21	20.99	-0.01	384	806015	卖盘
10:10:18	21.0	-0.01	168	352800	卖盘
10:10:15	21.01	-0.01	64	134464	中性盘
10:10:12	21.02	-0.03	76	159752	中性盘
10:10:09	21.05	--	627	1319835	卖盘
10:10:06	21.05	--	53	111565	买盘
10:10:03	21.05	--	102	214710	买盘
10:10:00	21.05	0.01	119	250495	买盘
10:09:57	21.04	-0.01	66	138864	卖盘
10:09:54	21.05	--	76	159980	买盘
10:09:51	21.05	-0.01	295	620975	卖盘
10:09:48	21.06	0.06	85	179010	买盘
10:09:45	21.0	-0.05	108	226800	卖盘
10:09:42	21.05	0.05	46	96830	买盘
10:09:39	21.0	-0.03	66	138600	卖盘
10:09:36	21.03	0.02	140	294420	买盘
10:09:33	21.01	0.01	255	535755	买盘
10:09:30	21.0	--	783	1644300	买盘
10:09:27	21.0	0.01	132	277200	买盘
10:09:24	20.99	-0.01	284	596116	卖盘
10:09:21	21.0	0.01	535	1123500	买盘
10:09:18	20.99	0.03	86	180514	买盘
10:09:15	20.96	-0.03	143	299728	卖盘
10:09:12	20.99	--	46	96554	买盘
10:09:09	20.99	0.05	333	698967	买盘
10:09:06	20.94	-0.03	105	219870	卖盘
10:09:03	20.97	0.04	615	1289655	买盘
10:09:00	20.93	0.01	45	94185	买盘
10:08:57	20.92	-0.01	187	391204	卖盘
10:08:54	20.93	0.01	94	196742	买盘
10:08:51	20.92	0.01	99	207108	买盘
10:08:48	20.91	0.01	62	129642	卖盘
10:08:45	20.9	--	57	119129	买盘
10:08:42	20.9	0.01	257	537130	买盘
10:08:39	20.89	0.02	148	309172	买盘
10:08:36	20.87	-0.01	2	4174	卖盘
10:08:33	20.88	0.01	181	377928	买盘
10:08:30	20.87	0.01	230	480010	买盘
10:08:27	20.86	0.01	231	482470	买盘
10:08:24	20.85	0.02	309	644265	买盘
10:08:21	20.83	0.01	41	85403	买盘
10:08:18	20.82	--	141	293562	卖盘
10:08:15	20.82	0.01	21	43722	买盘
10:08:12	20.81	-0.01	51	106131	卖盘
10:08:09	20.82	--	55	114510	买盘
10:08:06	20.82	0.02	64	133248	买盘
10:08:03	20.8	-0.01	75	156000	卖盘
10:08:00	20.81	--	65	135265	买盘
10:07:57	20.81	0.01	101	210181	买盘
10:07:54	20.8	--	307	638560	买盘
10:07:51	20.8	0.01	122	253760	买盘
10:07:48	20.79	--	100	207900	卖盘
10:07:45	20.79	-0.01	114	237006	卖盘
10:07:42	20.8	--	30	62400	买盘
10:07:39	20.8	--	64	133120	买盘
10:07:36	20.8	--	92	191360	买盘
10:07:33	20.8	0.01	46	95680	买盘
10:07:30	20.79	--	16	33264	卖盘
10:07:27	20.79	-0.01	70	145530	卖盘
10:07:24	20.8	0.02	120	249600	买盘
10:07:21	20.78	--	11	22858	买盘
10:07:18	20.78	0.01	16	33248	中性盘
10:07:15	20.77	-0.01	63	130851	卖盘
10:07:12	20.78	--	65	135070	卖盘
10:07:09	20.78	--	27	56106	卖盘
10:07:06	20.78	--	140	290920	买盘
10:07:03	20.78	--	15	31170	买盘
10:06:57	20.78	--	10	20780	买盘
10:06:54	20.78	--	43	89354	买盘
10:06:51	20.78	0.02	25	51950	买盘
10:06:48	20.76	-0.02	220	456720	卖盘
10:06:45	20.78	--	127	263906	买盘
10:06:42	20.78	-0.01	1	2078	买盘
10:06:39	20.79	--	44	91476	买盘
10:06:36	20.79	--	37	76923	买盘
10:06:33	20.79	0.01	25	51975	买盘
10:06:30	20.78	-0.01	95	197410	卖盘
10:06:27	20.79	--	60	124740	卖盘
10:06:24	20.79	--	232	482328	买盘
10:06:21	20.79	--	16	33264	卖盘
10:06:18	20.79	--	166	345114	卖盘
10:06:15	20.79	--	280	582120	买盘
10:06:12	20.79	--	144	299376	买盘
10:06:09	20.79	0.01	14	29106	买盘
10:06:06	20.78	-0.01	106	220268	卖盘
10:06:03	20.79	--	42	87318	卖盘
10:06:00	20.79	--	15	31185	卖盘
10:05:57	20.79	--	22	45738	卖盘
10:05:54	20.79	0.04	489	1016631	买盘
10:05:51	20.75	-0.03	134	278050	卖盘
10:05:48	20.78	0.04	40	83120	中性盘
10:05:45	20.74	-0.04	23	47702	卖盘
10:05:42	20.78	-0.02	26	54028	买盘
10:05:39	20.8	0.02	41	85280	买盘
10:05:36	20.78	0.04	117	243126	买盘
10:05:33	20.74	-0.04	152	315248	卖盘
10:05:30	20.78	--	207	430146	卖盘
10:05:27	20.78	-0.02	65	135070	中性盘
10:05:24	20.8	0.02	54	112320	买盘
10:05:21	20.78	-0.03	55	114290	卖盘
10:05:18	20.81	0.02	319	663839	买盘
10:05:15	20.79	0.01	33	68607	买盘
10:05:12	20.78	-0.02	60	124680	中性盘
10:05:09	20.8	0.04	275	572000	买盘
10:05:06	20.76	-0.02	81	168156	中性盘
10:05:03	20.78	-0.03	729	1514862	卖盘
10:05:00	20.81	-0.01	224	466144	中性盘
10:04:57	20.82	--	49	102018	买盘
10:04:54	20.82	--	172	358104	买盘
10:04:51	20.82	0.1	23	47886	买盘
10:04:48	20.72	-0.08	49	101528	卖盘
10:04:45	20.8	--	149	309920	买盘
10:04:42	20.8	-0.03	226	470080	卖盘
10:04:39	20.83	0.01	319	665955	买盘
10:04:36	20.82	0.1	692	1441347	买盘
10:04:33	20.72	-0.05	584	1210048	卖盘
10:04:30	20.77	-0.03	226	469402	卖盘
10:04:27	20.8	-0.02	107	222560	中性盘
10:04:24	20.82	0.04	197	410154	买盘
10:04:21	20.78	-0.05	420	872760	卖盘
10:04:18	20.83	-0.01	43	89568	中性盘
10:04:15	20.84	0.04	75	156300	买盘
10:04:12	20.8	-0.02	148	307840	卖盘
10:04:09	20.82	0.05	113	235266	买盘
10:04:06	20.77	-0.01	127	263779	卖盘
10:04:03	20.78	--	44	91432	卖盘
10:04:00	20.78	0.03	171	355338	买盘
10:03:57	20.75	--	9	18675	卖盘
10:03:54	20.75	--	70	145250	卖盘
10:03:51	20.75	0.04	46	95450	买盘
10:03:48	20.71	0.01	179	370709	买盘
10:03:45	20.7	--	136	281520	买盘
10:03:42	20.7	0.01	143	296010	买盘
10:03:39	20.69	-0.01	399	825531	卖盘
10:03:36	20.7	0.01	62	128340	买盘
10:03:33	20.69	0.01	85	175865	买盘
10:03:30	20.68	--	86	177848	卖盘
10:03:27	20.68	--	56	115808	卖盘
10:03:24	20.68	0.02	124	256432	买盘
10:03:21	20.66	-0.01	70	144620	卖盘
10:03:18	20.67	-0.01	45	93015	卖盘
10:03:15	20.68	0.04	156	322608	买盘
10:03:12	20.64	-0.01	16	33024	买盘
10:03:09	20.65	--	11	22715	卖盘
10:03:06	20.65	-0.01	100	206500	卖盘
10:03:03	20.66	0.06	129	266514	买盘
10:03:00	20.6	--	19	39140	卖盘
10:02:57	20.6	--	13	26780	卖盘
10:02:54	20.6	--	32	65920	买盘
10:02:51	20.6	0.01	20	41200	买盘
10:02:48	20.59	-0.01	87	179133	卖盘
10:02:45	20.6	0.01	49	100940	买盘
10:02:42	20.59	0.01	35	72065	买盘
10:02:39	20.58	0.01	136	279888	中性盘
10:02:36	20.57	--	50	102850	卖盘
10:02:33	20.57	-0.01	523	1075811	卖盘
10:02:30	20.58	0.01	76	156408	买盘
10:02:27	20.57	0.01	20	41140	买盘
10:02:24	20.56	--	13	26728	卖盘
10:02:21	20.56	--	31	63735	卖盘
10:02:18	20.56	--	107	219992	买盘
10:02:15	20.56	--	77	158312	买盘
10:02:12	20.56	0.01	13	26728	买盘
10:02:09	20.55	--	10	20550	卖盘
10:02:06	20.55	--	39	80145	买盘
10:02:03	20.55	0.01	41	84255	买盘
10:02:00	20.54	0.01	6	12324	中性盘
10:01:57	20.53	0.01	36	73908	买盘
10:01:54	20.52	--	46	94392	卖盘
10:01:51	20.52	0.01	88	180576	买盘
10:01:48	20.51	--	35	71785	卖盘
10:01:45	20.51	0.01	26	53326	买盘
10:01:42	20.5	--	29	59450	卖盘
10:01:39	20.5	--	37	75850	卖盘
10:01:36	20.5	--	33	67650	卖盘
10:01:33	20.5	0.01	552	1131600	买盘
10:01:30	20.49	0.02	175	358575	买盘
10:01:27	20.47	--	9	18423	买盘
10:01:24	20.47	-0.01	295	603865	卖盘
10:01:21	20.48	-0.01	28	57344	卖盘
10:01:18	20.49	--	14	28685	买盘
10:01:15	20.49	0.01	50	102449	买盘
10:01:12	20.48	--	52	106496	卖盘
10:01:09	20.48	-0.02	67	137216	卖盘
10:01:06	20.5	0.02	21	43050	买盘
10:01:03	20.48	--	23	47104	卖盘
10:01:00	20.48	-0.01	222	454656	卖盘
10:00:57	20.49	0.01	21	43029	买盘
10:00:54	20.48	--	260	532480	卖盘
10:00:51	20.48	--	122	249856	卖盘
10:00:48	20.48	0.02	26	53248	卖盘
10:00:45	20.46	--	1085	2219910	买盘
10:00:42	20.46	-0.01	65	132990	卖盘
10:00:39	20.47	--	197	403259	卖盘
10:00:36	20.47	0.01	51	104397	中性盘
10:00:33	20.46	--	105	214830	卖盘
10:00:30	20.46	--	20	40920	卖盘
10:00:27	20.46	--	37	75702	卖盘
10:00:24	20.46	--	20	40920	卖盘
10:00:21	20.46	--	23	47058	卖盘
10:00:18	20.46	--	41	83886	买盘
10:00:15	20.46	0.01	5	10230	买盘
10:00:06	20.45	0.02	45	92025	买盘
10:00:03	20.43	0.01	21	42903	买盘
10:00:00	20.42	--	25	51050	卖盘
09:59:57	20.42	--	18	36756	买盘
09:59:45	20.42	0.02	22	44924	买盘
09:59:42	20.4	0.01	40	81600	买盘
09:59:39	20.39	-0.01	14	28546	卖盘
09:59:36	20.4	--	20	40800	买盘
09:59:33	20.4	0.01	60	122399	买盘
09:59:27	20.39	--	73	148847	买盘
09:59:24	20.39	0.01	19	38741	买盘
09:59:21	20.38	--	15	30570	卖盘
09:59:18	20.38	--	1	2038	卖盘
09:59:15	20.38	--	63	128394	卖盘
09:59:12	20.38	--	94	191572	买盘
09:59:09	20.38	--	43	87634	买盘
09:59:06	20.38	0.01	3	6114	买盘
09:58:57	20.37	0.01	278	566286	买盘
09:58:54	20.36	--	19	38684	买盘
09:58:51	20.36	--	18	36648	买盘
09:58:48	20.36	--	34	69224	买盘
09:58:45	20.36	0.01	9	18324	买盘
09:58:36	20.35	--	226	459910	买盘
09:58:33	20.35	0.01	83	168905	买盘
09:58:30	20.34	--	128	260352	卖盘
09:58:27	20.34	0.01	104	211536	卖盘
09:58:24	20.33	--	69	140277	卖盘
09:58:21	20.33	-0.01	15	30494	卖盘
09:58:15	20.34	0.02	152	309168	买盘
09:58:12	20.32	-0.01	10	20320	卖盘
09:58:09	20.33	0.01	38	77254	买盘
09:58:06	20.32	--	15	30480	卖盘
09:58:03	20.32	--	4	8128	卖盘
09:57:54	20.32	--	84	170688	买盘
09:57:51	20.32	--	15	30480	买盘
09:57:45	20.32	--	3	6096	买盘
09:57:39	20.32	-0.01	192	390144	卖盘
09:57:33	20.33	0.01	2	4065	中性盘
09:57:27	20.32	--	12	24384	卖盘
09:57:24	20.32	-0.01	50	101600	卖盘
09:57:18	20.33	0.02	130	264290	买盘
09:57:15	20.31	--	12	24372	买盘
09:57:12	20.31	--	13	26403	买盘
09:57:09	20.31	0.01	18	36558	中性盘
09:56:57	20.3	0.01	107	217210	卖盘
09:56:54	20.29	-0.01	51	103479	卖盘
09:56:51	20.3	--	21	42630	卖盘
09:56:48	20.3	--	76	154280	买盘
09:56:45	20.3	0.01	400	812000	买盘
09:56:42	20.29	--	23	46667	买盘
09:56:39	20.29	0.01	17	34493	买盘
09:56:33	20.28	--	50	101400	卖盘
09:56:30	20.28	-0.01	24	48672	卖盘
09:56:24	20.29	0.03	52	105508	买盘
09:56:21	20.26	--	4	8104	卖盘
09:56:18	20.26	--	3	6078	卖盘
09:56:15	20.26	--	7	14182	卖盘
09:56:12	20.26	0.01	347	703022	买盘
09:56:09	20.25	--	136	275400	卖盘
09:56:06	20.25	-0.01	52	105300	卖盘
09:56:03	20.26	0.01	55	111430	买盘
09:56:00	20.25	--	20	40500	卖盘
09:55:57	20.25	-0.02	1	2025	卖盘
09:55:54	20.27	0.01	183	370941	买盘
09:55:51	20.26	0.01	5	10130	卖盘
09:55:48	20.25	--	30	60750	卖盘
09:55:45	20.25	-0.01	25	50625	卖盘
09:55:42	20.26	--	47	95222	卖盘
09:55:39	20.26	--	16	32416	买盘
09:55:30	20.26	-0.01	80	162080	卖盘
09:55:27	20.27	--	16	32432	买盘
09:55:24	20.27	0.01	157	318239	买盘
09:55:21	20.26	--	47	95222	卖盘
09:55:18	20.26	-0.01	6	12156	卖盘
09:55:15	20.27	0.01	19	38513	买盘
09:55:09	20.26	-0.01	50	101300	卖盘
09:55:00	20.27	--	127	257429	卖盘
09:54:57	20.27	--	15	30405	卖盘
09:54:54	20.27	--	33	66891	卖盘
09:54:51	20.27	--	6	12162	卖盘
09:54:48	20.27	0.01	52	105404	买盘
09:54:45	20.26	--	3	6078	卖盘
09:54:42	20.26	-0.01	33	66858	卖盘
09:54:39	20.27	-0.01	6	12162	中性盘
09:54:36	20.28	0.01	70	141960	买盘
09:54:33	20.27	--	33	66891	卖盘
09:54:30	20.27	--	30	60810	卖盘
09:54:27	20.27	--	8	16216	卖盘
09:54:24	20.27	--	50	101350	买盘
09:54:21	20.27	--	3	6081	买盘
09:54:15	20.27	-0.01	1	2027	买盘
09:54:12	20.28	--	2	4056	卖盘
09:54:06	20.28	-0.01	33	66924	卖盘
09:54:03	20.29	--	3	6087	卖盘
09:54:00	20.29	--	14	28406	卖盘
09:53:57	20.29	--	2	4058	卖盘
09:53:54	20.29	0.02	166	336814	买盘
09:53:51	20.27	--	50	101350	卖盘
09:53:48	20.27	-0.02	7	14189	卖盘
09:53:45	20.29	0.02	22	44638	买盘
09:53:42	20.27	--	6	12162	卖盘
09:53:39	20.27	-0.02	22	44594	卖盘
09:53:30	20.29	--	72	146088	卖盘
09:53:27	20.29	-0.01	8	16232	卖盘
09:53:24	20.3	--	219	444570	买盘
09:53:21	20.3	--	69	140070	买盘
09:53:12	20.3	--	82	166460	买盘
09:53:09	20.3	--	64	129920	卖盘
09:53:06	20.3	--	42	85260	卖盘
09:53:03	20.3	--	2	4060	卖盘
09:53:00	20.3	--	4	8120	卖盘
09:52:57	20.3	-0.01	203	412090	卖盘
09:52:54	20.31	0.01	85	172635	买盘
09:52:51	20.3	--	20	40600	卖盘
09:52:48	20.3	-0.01	15	30450	卖盘
09:52:42	20.31	0.01	1	2030	买盘
09:52:39	20.3	-0.02	3	6090	卖盘
09:52:30	20.32	--	48	97536	卖盘
09:52:27	20.32	--	1	2032	卖盘
09:52:24	20.32	0.01	142	288544	买盘
09:52:21	20.31	--	221	448851	卖盘
09:52:18	20.31	--	1	2030	卖盘
09:52:15	20.31	-0.01	10	20310	卖盘
09:52:12	20.32	--	13	26416	买盘
09:52:09	20.32	0.01	6	12192	买盘
09:52:06	20.31	-0.02	10	20310	卖盘
09:52:03	20.33	0.01	34	69122	买盘
09:52:00	20.32	--	47	95504	卖盘
09:51:57	20.32	-0.01	13	26416	卖盘
09:51:54	20.33	0.01	150	304950	中性盘
09:51:51	20.32	--	15	30480	卖盘
09:51:48	20.32	-0.01	53	107696	卖盘
09:51:42	20.33	0.01	2	4065	买盘
09:51:39	20.32	-0.01	10	20320	卖盘
09:51:36	20.33	0.01	5	10165	买盘
09:51:33	20.32	--	3	6096	卖盘
09:51:30	20.32	-0.01	10	20320	卖盘
09:51:24	20.33	0.01	64	130111	买盘
09:51:21	20.32	--	102	207264	买盘
09:51:18	20.32	--	19	38608	买盘
09:51:15	20.32	0.01	20	40640	买盘
09:51:12	20.31	--	23	46713	买盘
09:51:09	20.31	-0.01	111	225441	卖盘
09:51:06	20.32	--	91	184912	买盘
09:51:03	20.32	--	10	20320	买盘
09:51:00	20.32	--	94	191008	买盘
09:50:57	20.32	-0.01	86	174752	卖盘
09:50:54	20.33	0.01	163	331379	买盘
09:50:51	20.32	--	24	48768	卖盘
09:50:48	20.32	--	20	40640	卖盘
09:50:45	20.32	--	13	26416	卖盘
09:50:42	20.32	0.01	173	351536	买盘
09:50:39	20.31	--	33	67023	卖盘
09:50:36	20.31	--	7	14217	卖盘
09:50:33	20.31	--	11	22341	卖盘
09:50:30	20.31	-0.01	59	119828	卖盘
09:50:27	20.32	0.01	57	115824	买盘
09:50:24	20.31	0.01	138	280278	买盘
09:50:21	20.3	-0.01	13	26390	卖盘
09:50:18	20.31	0.01	10	20310	买盘
09:50:12	20.3	--	31	62930	卖盘
09:50:09	20.3	-0.02	148	300440	卖盘
09:50:06	20.32	0.01	7	14224	买盘
09:50:03	20.31	0.01	1	2030	中性盘
09:50:00	20.3	-0.01	300	609000	卖盘
09:49:57	20.31	--	10	20310	卖盘
09:49:54	20.31	-0.01	2	4061	中性盘
09:49:51	20.32	0.01	26	52832	买盘
09:49:45	20.31	0.01	10	20310	买盘
09:49:39	20.3	-0.01	4	8120	卖盘
09:49:36	20.31	-0.01	27	54837	买盘
09:49:33	20.32	0.01	20	40640	买盘
09:49:30	20.31	--	14	28434	卖盘
09:49:27	20.31	--	3	6093	卖盘
09:49:24	20.31	--	38	77178	卖盘
09:49:21	20.31	0.01	185	375735	买盘
09:49:15	20.3	-0.02	18	36540	中性盘
09:49:06	20.32	0.01	55	111760	买盘
09:49:03	20.31	0.02	1	2030	买盘
09:49:00	20.29	-0.02	5	10145	卖盘
09:48:57	20.31	-0.01	5	10155	卖盘
09:48:54	20.32	--	40	81280	卖盘
09:48:51	20.32	--	2	4064	卖盘
09:48:48	20.32	0.03	48	97536	买盘
09:48:45	20.29	-0.02	122	247538	卖盘
09:48:42	20.31	0.01	37	75147	卖盘
09:48:36	20.3	0.01	4	8120	买盘
09:48:33	20.29	-0.02	67	135943	卖盘
09:48:30	20.31	--	31	62960	买盘
09:48:27	20.31	0.01	91	184821	买盘
09:48:24	20.3	-0.01	74	150220	买盘
09:48:21	20.31	0.01	76	154356	买盘
09:48:18	20.3	--	8	16240	买盘
09:48:15	20.3	--	7	14210	卖盘
09:48:12	20.3	--	15	30450	卖盘
09:48:09	20.3	--	6	12180	卖盘
09:48:06	20.3	--	4	8120	卖盘
09:48:03	20.3	--	15	30450	卖盘
09:48:00	20.3	0.01	28	56840	中性盘
09:47:54	20.29	-0.01	155	314495	卖盘
09:47:51	20.3	0.02	4	8120	买盘
09:47:48	20.28	-0.01	65	131820	卖盘
09:47:45	20.29	-0.01	102	206958	卖盘
09:47:39	20.3	--	5	10150	卖盘
09:47:36	20.3	0.01	86	174580	买盘
09:47:27	20.29	0.01	115	233335	买盘
09:47:24	20.28	-0.02	160	324480	卖盘
09:47:21	20.3	--	4	8120	买盘
09:47:18	20.3	0.01	5	10150	买盘
09:47:15	20.29	0.01	38	77102	中性盘
09:47:12	20.28	-0.02	29	58812	卖盘
09:47:09	20.3	0.01	25	50750	买盘
09:47:03	20.29	0.01	5	10145	买盘
09:46:51	20.28	--	116	235248	买盘
09:46:48	20.28	0.01	14	28392	买盘
09:46:45	20.27	--	2	4054	卖盘
09:46:36	20.27	-0.01	3	6081	卖盘
09:46:33	20.28	--	3	6084	买盘
09:46:30	20.28	0.02	10	20280	买盘
09:46:27	20.26	-0.02	61	123586	卖盘
09:46:24	20.28	0.01	20	40560	买盘
09:46:21	20.27	--	43	87161	买盘
09:46:18	20.27	0.01	2	4054	买盘
09:46:15	20.26	-0.01	103	208678	卖盘
09:46:12	20.27	-0.01	79	160133	卖盘
09:46:06	20.28	0.01	14	28392	卖盘
09:46:00	20.27	--	12	24324	卖盘
09:45:57	20.27	--	10	20270	卖盘
09:45:51	20.27	--	38	77026	买盘
09:45:45	20.27	--	15	30405	卖盘
09:45:39	20.27	--	3	6081	卖盘
09:45:36	20.27	--	1	2027	卖盘
09:45:33	20.27	-0.03	13	26351	卖盘
09:45:30	20.3	--	51	103530	买盘
09:45:27	20.3	--	14	28420	卖盘
09:45:24	20.3	0.04	4	8120	买盘
09:45:21	20.26	-0.01	5	10130	卖盘
09:45:06	20.27	-0.04	73	147971	卖盘
09:44:57	20.31	-0.01	2	4061	买盘
09:44:54	20.32	-0.01	202	410464	卖盘
09:44:51	20.33	--	12	24395	买盘
09:44:48	20.33	--	1	2032	买盘
09:44:39	20.33	--	49	99616	卖盘
09:44:36	20.33	--	19	38627	卖盘
09:44:33	20.33	--	8	16263	卖盘
09:44:30	20.33	--	10	20330	卖盘
09:44:27	20.33	-0.01	55	111814	卖盘
09:44:24	20.34	0.01	7	14238	买盘
09:44:21	20.33	0.01	93	189068	买盘
09:44:18	20.32	-0.01	2	4064	卖盘
09:44:12	20.33	--	76	154508	买盘
09:44:09	20.33	--	70	142310	卖盘
09:44:06	20.33	-0.01	31	63022	卖盘
09:44:03	20.34	0.01	11	22374	买盘
09:44:00	20.33	-0.01	5	10165	卖盘
09:43:57	20.34	--	28	56952	买盘
09:43:54	20.34	--	284	577656	中性盘
09:43:51	20.34	--	46	93564	卖盘
09:43:48	20.34	--	11	22374	卖盘
