成交时间	成交价	价格变动	成交量(手)	成交额(元)	性质
15:00:03	60.07	-0.01	194	1165358	卖盘
14:57:03	60.08	--	8	48064	买盘
14:56:54	60.08	-0.07	1	6008	卖盘
14:56:51	60.15	--	10	60150	买盘
14:56:45	60.15	--	4	24060	卖盘
14:56:42	60.15	--	1	6015	卖盘
14:56:33	60.15	0.05	5	30075	买盘
14:56:30	60.1	-0.08	10	60100	中性盘
14:56:06	60.18	--	2	12036	买盘
14:56:03	60.18	0.13	10	60180	买盘
14:56:00	60.05	-0.13	40	240200	卖盘
14:55:54	60.18	--	26	156468	卖盘
14:55:45	60.18	0.13	40	240720	买盘
14:55:36	60.05	0.01	5	30025	买盘
14:55:33	60.04	0.01	3	18012	买盘
14:55:30	60.03	0.01	1	6003	中性盘
14:55:03	60.02	0.02	1	6002	买盘
14:55:00	60.0	--	10	60000	卖盘
14:54:39	60.0	0.01	13	81000	买盘
14:54:36	59.99	-0.01	5	29995	卖盘
14:54:30	60.0	--	26	156000	买盘
14:54:27	60.0	--	5	30000	买盘
14:54:24	60.0	--	1	6000	买盘
14:54:18	60.0	0.01	4	24000	买盘
14:54:06	59.99	-0.06	73	440926	卖盘
14:53:54	60.05	0.03	1	6005	买盘
14:53:48	60.02	-0.01	9	54018	卖盘
14:53:42	60.03	0.01	6	36018	买盘
14:53:36	60.02	-0.01	3	18006	卖盘
14:53:33	60.03	--	2	12006	买盘
14:53:30	60.03	--	1	6003	买盘
14:53:27	60.03	0.01	2	12006	中性盘
14:53:15	60.02	-0.03	26	156052	卖盘
14:53:09	60.05	--	3	18015	卖盘
14:53:06	60.05	0.03	2	12010	买盘
14:52:48	60.02	-0.03	7	42014	买盘
14:52:39	60.05	--	5	30025	买盘
14:52:36	60.05	0.03	4	24020	买盘
14:52:33	60.02	--	3	18006	卖盘
14:52:30	60.02	-0.03	1	6002	卖盘
14:52:27	60.05	--	5	30025	买盘
14:52:21	60.05	--	5	30025	买盘
14:52:09	60.05	0.05	4	24020	买盘
14:51:54	60.0	--	0	3000	买盘
14:51:48	60.0	0.01	10	60000	买盘
14:51:30	59.99	--	37	221963	买盘
14:51:21	59.99	0.07	10	59990	买盘
14:51:18	59.92	-0.01	6	35952	卖盘
14:51:12	59.93	--	7	41951	卖盘
14:51:09	59.93	--	16	95888	买盘
14:51:06	59.93	--	4	23972	卖盘
14:51:03	59.93	--	1	5993	卖盘
14:51:00	59.93	--	1	5993	买盘
14:50:54	59.93	--	15	89895	买盘
14:50:48	59.93	0.03	5	29965	买盘
14:50:45	59.9	-0.03	13	77870	卖盘
14:50:42	59.93	--	2	11986	买盘
14:50:39	59.93	--	16	95888	买盘
14:50:36	59.93	--	10	59930	买盘
14:50:33	59.93	--	42	251706	卖盘
14:50:30	59.93	--	1	5993	卖盘
14:50:18	59.93	--	2	11986	买盘
14:50:15	59.93	--	2	11986	买盘
14:50:12	59.93	--	7	41951	卖盘
14:50:00	59.93	--	5	29965	卖盘
14:49:54	59.93	0.04	2	11986	买盘
14:49:51	59.89	-0.04	3	17967	卖盘
14:49:42	59.93	0.05	1	5993	买盘
14:49:39	59.88	-0.05	175	1047900	卖盘
14:49:30	59.93	-0.03	4	23972	卖盘
14:49:21	59.96	0.03	5	29980	中性盘
14:49:12	59.93	-0.05	16	95888	卖盘
14:49:03	59.98	-0.04	1	5998	卖盘
14:49:00	60.02	-0.05	2	12004	中性盘
14:48:54	60.07	0.07	5	30035	买盘
14:48:48	60.0	--	34	204000	买盘
14:48:45	60.0	--	10	60000	买盘
14:48:42	60.0	-0.02	95	570000	卖盘
14:48:27	60.02	--	5	30010	买盘
14:48:24	60.02	--	2	12004	买盘
14:48:21	60.02	-0.03	106	636212	卖盘
14:48:18	60.05	-0.02	20	120100	卖盘
14:48:06	60.07	0.02	3	18021	卖盘
14:48:03	60.05	-0.04	33	198165	卖盘
14:47:54	60.09	--	6	36054	买盘
14:47:51	60.09	0.02	10	60090	买盘
14:47:48	60.07	-0.02	3	18021	中性盘
14:47:42	60.09	0.03	2	12018	买盘
14:47:36	60.06	0.01	2	12012	中性盘
14:47:24	60.05	-0.04	20	120100	卖盘
14:47:21	60.09	0.02	20	120180	买盘
14:47:12	60.07	0.01	1	6007	中性盘
14:47:09	60.06	-0.01	28	168168	卖盘
14:46:48	60.07	-0.02	35	210245	卖盘
14:46:45	60.09	-0.01	10	60090	卖盘
14:46:33	60.1	-0.01	29	174290	卖盘
14:46:30	60.11	--	81	486891	买盘
14:46:24	60.11	--	11	66121	买盘
14:46:21	60.11	--	1	6011	买盘
14:46:18	60.11	--	5	30055	买盘
14:46:09	60.11	0.02	2	12022	买盘
14:46:06	60.09	-0.06	11	66099	卖盘
14:46:00	60.15	--	1	6015	买盘
14:45:51	60.15	0.02	16	96240	买盘
14:45:48	60.13	--	1	6013	买盘
14:45:36	60.13	--	1	6013	买盘
14:45:30	60.13	--	3	18039	卖盘
14:45:24	60.13	0.05	2	12026	买盘
14:45:18	60.08	--	33	198264	卖盘
14:45:03	60.08	--	45	270360	卖盘
14:45:00	60.08	0.01	38	228304	卖盘
14:44:57	60.07	0.02	12	72084	买盘
14:44:54	60.05	-0.02	13	78065	卖盘
14:44:45	60.07	--	11	66077	买盘
14:44:36	60.07	--	5	30035	买盘
14:44:33	60.07	-0.01	6	36042	中性盘
14:44:30	60.08	0.03	4	24032	买盘
14:44:27	60.05	-0.02	20	120100	卖盘
14:44:24	60.07	--	12	72084	卖盘
14:43:54	60.07	-0.01	1	6007	卖盘
14:43:51	60.08	--	20	120160	买盘
14:43:48	60.08	--	5	30040	买盘
14:43:39	60.08	-0.02	41	249332	卖盘
14:43:36	60.1	--	18	108180	卖盘
14:43:12	60.1	--	37	222370	卖盘
14:43:09	60.1	0.01	0	3005	买盘
14:43:06	60.09	-0.01	1	6009	卖盘
14:42:51	60.1	--	9	57095	卖盘
14:42:48	60.1	--	8	48080	卖盘
14:42:33	60.1	--	1	6010	卖盘
14:42:30	60.1	-0.05	28	168280	卖盘
14:42:27	60.15	--	5	30075	买盘
14:42:24	60.15	0.05	2	12030	买盘
14:42:15	60.1	-0.05	6	36060	卖盘
14:42:03	60.15	0.05	16	96240	买盘
14:41:57	60.1	--	5	30050	卖盘
14:41:39	60.1	--	4	24040	卖盘
14:41:30	60.1	-0.07	6	39065	卖盘
14:41:18	60.17	0.07	5	30085	买盘
14:41:15	60.1	0.01	6	36060	卖盘
14:40:51	60.09	-0.09	7	42063	卖盘
14:40:48	60.18	0.1	5	30090	中性盘
14:40:27	60.08	-0.01	11	66088	卖盘
14:40:21	60.09	--	3	18027	卖盘
14:40:15	60.09	--	5	30045	买盘
14:40:12	60.09	--	20	120180	买盘
14:39:54	60.09	-0.1	79	474711	卖盘
14:39:45	60.19	--	5	30095	卖盘
14:39:27	60.19	0.03	1	6019	买盘
14:39:12	60.16	0.06	10	60160	中性盘
14:38:57	60.1	-0.09	13	78130	卖盘
14:38:42	60.19	0.09	2	12038	中性盘
14:38:36	60.1	-0.14	60	360600	卖盘
14:38:30	60.24	-0.01	5	30120	中性盘
14:38:09	60.25	0.1	10	60250	买盘
14:38:03	60.15	--	2	12030	买盘
14:38:00	60.15	-0.1	5	30075	卖盘
14:37:51	60.25	0.1	10	60250	买盘
14:37:48	60.15	0.03	2	12030	中性盘
14:37:30	60.12	0.02	7	42084	买盘
14:37:15	60.1	0.02	3	18030	买盘
14:37:09	60.08	-0.02	2	12016	卖盘
14:37:06	60.1	--	8	48080	买盘
14:37:03	60.1	0.04	1	6010	买盘
14:36:54	60.06	-0.04	3	18018	卖盘
14:36:51	60.1	--	2	12020	买盘
14:36:45	60.1	--	11	66110	卖盘
14:36:39	60.1	-0.15	2	12020	中性盘
14:35:51	60.25	0.24	3	18075	卖盘
14:35:48	60.01	-0.28	353	2118353	卖盘
14:35:27	60.29	0.01	5	30145	买盘
14:35:24	60.28	-0.01	9	54252	卖盘
14:35:21	60.29	--	1	6029	买盘
14:35:15	60.29	0.01	1	6029	买盘
14:35:09	60.28	-0.01	4	24112	卖盘
14:34:57	60.29	-0.01	10	60290	卖盘
14:34:48	60.3	--	3	18090	买盘
14:34:45	60.3	-0.01	1	9045	卖盘
14:34:21	60.31	0.01	1	6031	买盘
14:34:12	60.3	0.01	12	75375	买盘
14:34:00	60.29	0.06	2	12058	买盘
14:33:51	60.23	--	10	60230	卖盘
14:33:48	60.23	-0.05	4	24092	卖盘
14:33:42	60.28	--	38	229064	买盘
14:33:36	60.28	--	10	60280	买盘
14:33:33	60.28	0.04	20	120560	买盘
14:33:30	60.24	--	15	90360	卖盘
14:33:27	60.24	--	5	30120	卖盘
14:33:24	60.24	-0.04	10	60240	卖盘
14:33:18	60.28	0.03	6	36168	买盘
14:33:09	60.25	--	24	144600	卖盘
14:33:06	60.25	-0.03	2	12050	卖盘
14:32:57	60.28	-0.01	2	12056	卖盘
14:32:51	60.29	-0.01	21	126609	卖盘
14:32:33	60.3	-0.01	44	268335	卖盘
14:32:18	60.31	-0.07	3	18093	卖盘
14:32:06	60.38	--	4	24152	卖盘
14:31:45	60.38	-0.01	5	30190	卖盘
14:31:27	60.39	-0.01	1	6039	卖盘
14:31:21	60.4	--	5	30200	买盘
14:31:15	60.4	--	2	12080	买盘
14:31:12	60.4	-0.03	1	6040	买盘
14:30:48	60.43	-0.02	7	42301	卖盘
14:30:33	60.45	0.02	5	30225	买盘
14:30:21	60.43	--	1	6043	卖盘
14:29:24	60.43	-0.02	5	30215	卖盘
14:29:06	60.45	-0.03	51	308295	卖盘
14:28:54	60.48	-0.01	1	6048	买盘
14:28:45	60.49	--	4	24196	卖盘
14:28:42	60.49	0.01	20	120980	买盘
14:28:39	60.48	--	25	151200	卖盘
14:28:33	60.48	-0.01	5	30240	卖盘
14:28:30	60.49	0.02	1	6049	买盘
14:28:18	60.47	-0.03	8	48376	卖盘
14:27:42	60.5	--	1	6050	卖盘
14:27:24	60.5	--	3	18150	卖盘
14:27:18	60.5	0.01	16	96800	买盘
14:27:15	60.49	--	4	24196	卖盘
14:27:09	60.49	-0.01	2	12098	卖盘
14:26:45	60.5	--	7	42350	买盘
14:26:39	60.5	--	5	30250	买盘
14:26:18	60.5	--	4	24200	买盘
14:26:15	60.5	--	25	151250	卖盘
14:25:54	60.5	--	15	90750	买盘
14:25:51	60.5	-0.01	8	48400	卖盘
14:25:39	60.51	0.01	10	60510	买盘
14:25:36	60.5	0.01	27	163350	买盘
14:25:30	60.49	-0.01	9	54441	卖盘
14:25:24	60.5	-0.01	4	24200	卖盘
14:25:21	60.51	0.01	7	42357	买盘
14:25:18	60.5	--	1	6050	卖盘
14:25:15	60.5	--	3	18150	卖盘
14:25:03	60.5	--	11	66550	买盘
14:24:57	60.5	--	6	36300	卖盘
14:24:45	60.5	0.01	4	24200	中性盘
14:24:39	60.49	--	1	6049	卖盘
14:24:33	60.49	--	20	120980	卖盘
14:24:27	60.49	--	3	18147	卖盘
14:24:18	60.49	-0.03	1	6049	卖盘
14:24:09	60.52	--	5	30260	买盘
14:24:06	60.52	--	10	60520	买盘
14:24:03	60.52	--	67	405484	卖盘
14:23:54	60.52	--	23	139196	卖盘
14:23:48	60.52	-0.01	4	24208	卖盘
14:23:36	60.53	0.01	1	6053	中性盘
14:23:33	60.52	-0.04	47	284444	卖盘
14:23:27	60.56	-0.01	54	327024	卖盘
14:23:21	60.57	0.01	3	18171	买盘
14:23:09	60.56	--	1	6056	卖盘
14:22:57	60.56	--	1	6056	卖盘
14:22:51	60.56	0.03	12	72672	买盘
14:22:48	60.53	-0.03	5	30265	卖盘
14:22:45	60.56	--	30	181680	买盘
14:22:42	60.56	0.04	15	90840	买盘
14:22:27	60.52	-0.01	8	48416	卖盘
14:22:24	60.53	--	1	6053	卖盘
14:22:21	60.53	0.01	46	278438	买盘
14:22:18	60.52	-0.01	11	66572	卖盘
14:22:09	60.53	--	20	121060	买盘
14:22:03	60.53	-0.03	9	54477	卖盘
14:22:00	60.56	--	5	30280	买盘
14:21:57	60.56	--	16	96896	买盘
14:21:48	60.56	--	2	12112	买盘
14:21:39	60.56	0.04	2	12112	买盘
14:21:24	60.52	--	14	84728	买盘
14:21:15	60.52	0.07	5	30260	买盘
14:21:06	60.45	-0.07	3	18135	卖盘
14:21:03	60.52	-0.05	5	30260	卖盘
14:20:51	60.57	-0.02	1	6057	中性盘
14:20:09	60.59	-0.01	4	24236	中性盘
14:20:00	60.6	0.01	11	66660	买盘
14:19:57	60.59	--	3	18177	卖盘
14:19:54	60.59	--	15	90885	卖盘
14:19:48	60.59	--	3	18177	卖盘
14:19:42	60.59	0.02	46	278714	买盘
14:19:30	60.57	-0.02	1	6057	中性盘
14:19:24	60.59	0.14	2	12118	中性盘
14:18:57	60.45	-0.07	248	1499160	卖盘
14:18:39	60.52	-0.07	20	121040	卖盘
14:18:24	60.59	--	4	24236	卖盘
14:18:21	60.59	--	1	6059	买盘
14:18:15	60.59	--	2	12118	买盘
14:18:09	60.59	--	1	6059	买盘
14:17:54	60.59	--	1	6059	买盘
14:17:51	60.59	0.07	5	30295	中性盘
14:17:12	60.52	--	5	30260	卖盘
14:17:09	60.52	--	15	90780	买盘
14:17:06	60.52	--	11	66572	买盘
14:17:00	60.52	--	74	447848	卖盘
14:16:48	60.52	-0.28	4	24208	卖盘
14:16:42	60.8	0.28	51	310080	买盘
14:16:39	60.52	-0.01	3	18156	中性盘
14:16:30	60.53	0.04	11	66583	买盘
14:16:24	60.49	0.02	2	12098	中性盘
14:16:12	60.47	-0.01	2	12094	中性盘
14:16:09	60.48	0.02	20	120960	买盘
14:15:57	60.46	0.06	10	60460	买盘
14:15:45	60.4	0.01	10	60400	买盘
14:15:42	60.39	--	7	42273	买盘
14:15:36	60.39	--	3	18117	买盘
14:15:24	60.39	0.07	10	60390	买盘
14:15:12	60.32	0.02	1	6032	卖盘
14:15:06	60.3	--	2	15075	买盘
14:15:03	60.3	--	13	78390	买盘
14:14:57	60.3	--	13	78390	买盘
14:14:54	60.3	-0.09	18	108540	卖盘
14:14:51	60.39	0.11	5	30195	买盘
14:14:36	60.28	--	2	12056	买盘
14:14:33	60.28	--	13	78364	买盘
14:14:30	60.28	--	15	90420	买盘
14:14:21	60.28	0.05	1	6028	中性盘
14:14:00	60.23	-0.23	4	24092	中性盘
14:13:27	60.46	0.26	10	60460	买盘
14:13:21	60.2	-0.26	333	2004660	卖盘
14:13:09	60.46	--	1	6046	卖盘
14:13:06	60.46	-0.02	1	6046	卖盘
14:13:03	60.48	--	3	18144	买盘
14:12:51	60.48	--	6	36288	卖盘
14:12:36	60.48	-0.1	2	12096	卖盘
14:12:30	60.58	0.13	2	12116	买盘
14:12:21	60.45	0.01	1	6045	中性盘
14:12:09	60.44	-0.04	1	6044	中性盘
14:11:48	60.48	0.04	13	78624	买盘
14:11:42	60.44	--	3	18132	买盘
14:11:33	60.44	--	9	54396	卖盘
14:11:21	60.44	--	1	6044	买盘
14:11:09	60.44	0.03	4	24176	买盘
14:11:00	60.41	--	2	12082	卖盘
14:10:57	60.41	0.01	1	6041	买盘
14:10:42	60.4	-0.01	5	30200	卖盘
14:10:27	60.41	0.01	1	6041	买盘
14:10:18	60.4	--	7	42280	卖盘
14:10:12	60.4	0.03	5	30200	买盘
14:09:42	60.37	0.01	2	12074	中性盘
14:09:39	60.36	--	1	6036	卖盘
14:09:36	60.36	--	3	18108	买盘
14:09:30	60.36	--	13	78468	买盘
14:09:24	60.36	--	15	90540	卖盘
14:09:18	60.36	--	5	30180	卖盘
14:09:12	60.36	--	10	60360	卖盘
14:08:51	60.36	-0.03	4	24144	卖盘
14:08:42	60.39	0.02	2	12078	中性盘
14:08:36	60.37	-0.05	3	18111	中性盘
14:08:18	60.42	0.1	5	30210	买盘
14:07:48	60.32	-0.12	2	12064	中性盘
14:07:39	60.44	0.13	4	24176	买盘
14:07:33	60.31	-0.13	1	6031	中性盘
14:07:15	60.44	--	1	6044	买盘
14:07:12	60.44	--	20	120880	卖盘
14:07:09	60.44	--	3	18132	卖盘
14:07:06	60.44	--	2	12088	卖盘
14:07:03	60.44	--	1	6044	卖盘
14:06:57	60.44	0.18	28	169232	买盘
14:06:54	60.26	-0.14	27	162702	卖盘
14:06:45	60.4	0.1	1	6040	中性盘
14:06:39	60.3	-0.02	3	18090	卖盘
14:06:33	60.32	0.02	4	24128	买盘
14:06:30	60.3	--	1	6030	中性盘
14:06:24	60.3	-0.18	20	120600	卖盘
14:06:06	60.48	0.02	10	60480	买盘
14:06:00	60.46	--	1	6046	买盘
14:05:48	60.46	0.26	1	6046	买盘
14:05:45	60.2	0.04	2	12040	中性盘
14:05:39	60.16	-0.02	13	78208	卖盘
14:05:33	60.18	-0.32	13	78234	中性盘
14:05:18	60.5	-0.25	1	6050	中性盘
14:05:03	60.75	0.75	2	12150	买盘
14:04:54	60.0	--	127	762000	买盘
14:04:51	60.0	--	615	3690000	买盘
14:04:48	60.0	--	136	816000	买盘
14:04:45	60.0	--	684	4104000	买盘
14:04:42	60.0	--	20	120000	买盘
14:04:39	60.0	--	18	108000	买盘
14:04:36	60.0	--	30	180000	买盘
14:04:33	60.0	--	1	6000	买盘
14:04:30	60.0	-0.75	581	3486000	卖盘
14:04:12	60.75	--	48	291600	卖盘
14:04:03	60.75	--	1	6075	卖盘
14:03:39	60.75	-0.01	5	30375	卖盘
14:03:33	60.76	0.01	6	36456	买盘
14:03:03	60.75	-0.01	5	30375	卖盘
14:03:00	60.76	--	1	6076	买盘
14:02:51	60.76	-0.04	10	60760	卖盘
14:02:39	60.8	--	66	401280	卖盘
14:02:33	60.8	-0.01	5	30400	卖盘
14:02:27	60.81	0.01	5	30405	买盘
14:02:21	60.8	-0.01	1	6080	卖盘
14:02:00	60.81	--	2	12162	卖盘
14:01:24	60.81	--	2	12162	卖盘
14:01:09	60.81	--	1	6081	卖盘
14:01:06	60.81	0.01	1	6081	卖盘
14:01:03	60.8	--	3	18240	卖盘
14:00:24	60.8	--	26	158080	卖盘
14:00:21	60.8	--	19	115520	买盘
14:00:09	60.8	--	3	18240	买盘
14:00:06	60.8	--	8	48640	卖盘
13:59:45	60.8	--	2	12160	卖盘
13:59:30	60.8	--	4	24320	卖盘
13:59:24	60.8	--	10	60800	卖盘
13:59:21	60.8	--	1	6080	卖盘
13:59:18	60.8	--	75	456000	买盘
13:59:00	60.8	--	25	152000	卖盘
13:58:57	60.8	--	5	30400	卖盘
13:58:36	60.8	-0.08	30	182400	中性盘
13:58:06	60.88	0.12	10	60880	买盘
13:58:03	60.76	-0.11	56	340256	卖盘
13:58:00	60.87	--	1	6087	卖盘
13:57:54	60.87	--	1	6087	买盘
13:57:24	60.87	0.07	10	60870	买盘
13:57:18	60.8	-0.02	28	170240	卖盘
13:57:09	60.82	0.01	3	18246	买盘
13:57:00	60.81	0.01	2	12162	买盘
13:56:54	60.8	--	22	133760	买盘
13:56:33	60.8	--	45	273600	卖盘
13:56:24	60.8	--	1	6080	卖盘
13:56:21	60.8	--	54	328320	买盘
13:55:15	60.8	--	1	6080	卖盘
13:55:12	60.8	--	5	30400	卖盘
13:54:12	60.8	--	5	30400	中性盘
13:53:54	60.8	0.03	10	60800	买盘
13:53:39	60.77	0.06	5	30385	买盘
13:53:21	60.71	--	1	6071	卖盘
13:53:03	60.71	0.01	5	30355	买盘
13:53:00	60.7	--	19	115330	买盘
13:52:51	60.7	-0.01	18	109260	卖盘
13:52:48	60.71	-0.09	25	151775	卖盘
13:52:45	60.8	0.08	42	255360	买盘
13:52:30	60.72	0.01	5	30360	中性盘
13:52:24	60.71	-0.08	20	121420	卖盘
13:51:51	60.79	--	2	12158	买盘
13:51:42	60.79	0.08	1	6079	买盘
13:51:30	60.71	0.01	2	12142	买盘
13:51:27	60.7	-0.01	1	6070	卖盘
13:51:03	60.71	--	7	42497	卖盘
13:50:57	60.71	--	9	54639	卖盘
13:50:54	60.71	0.01	52	315692	买盘
13:50:48	60.7	--	1	6070	卖盘
13:50:42	60.7	--	26	157820	卖盘
13:50:39	60.7	--	2	12140	卖盘
13:50:36	60.7	--	37	224590	卖盘
13:50:33	60.7	--	5	30350	卖盘
13:50:30	60.7	0.03	11	66770	买盘
13:50:24	60.67	--	10	60670	买盘
13:50:12	60.67	--	3	18201	卖盘
13:50:06	60.67	-0.03	26	157742	卖盘
13:49:54	60.7	-0.01	27	163890	卖盘
13:49:48	60.71	--	14	84994	卖盘
13:49:42	60.71	-0.09	10	60710	卖盘
13:49:24	60.8	--	3	18240	卖盘
13:49:15	60.8	--	1	6080	卖盘
13:49:12	60.8	0.1	1	6080	买盘
13:48:57	60.7	--	10	60700	买盘
13:48:51	60.7	--	3	18210	买盘
13:48:48	60.7	--	2	12140	买盘
13:48:45	60.7	0.03	1	6070	买盘
13:48:27	60.67	--	1	6067	卖盘
13:48:12	60.67	--	10	60670	买盘
13:48:06	60.67	0.02	5	30335	买盘
13:48:03	60.65	-0.02	27	163755	卖盘
13:47:54	60.67	0.02	10	60670	买盘
13:47:48	60.65	--	3	18195	买盘
13:47:45	60.65	0.01	5	30325	买盘
13:47:30	60.64	0.01	4	24256	买盘
13:47:18	60.63	-0.01	5	30315	卖盘
13:47:15	60.64	--	2	12128	买盘
13:47:09	60.64	-0.01	5	30320	买盘
13:47:03	60.65	0.02	1	6065	中性盘
13:46:45	60.63	--	13	78819	买盘
13:46:42	60.63	--	4	24252	买盘
13:46:39	60.63	--	10	60630	买盘
13:46:36	60.63	--	2	12126	买盘
13:46:33	60.63	--	10	60630	买盘
13:46:30	60.63	-0.01	71	430473	卖盘
13:46:24	60.64	--	4	24256	买盘
13:46:21	60.64	--	8	48512	买盘
13:46:18	60.64	--	5	30320	买盘
13:46:09	60.64	--	12	72768	卖盘
13:46:00	60.64	--	3	18192	买盘
13:45:57	60.64	--	2	12128	买盘
13:45:54	60.64	-0.03	8	48512	卖盘
13:45:48	60.67	0.03	5	30335	买盘
13:45:45	60.64	0.01	2	12128	中性盘
13:45:36	60.63	--	12	72756	卖盘
13:45:30	60.63	--	2	12126	卖盘
13:45:27	60.63	--	4	24252	中性盘
13:45:15	60.63	0.01	10	60630	买盘
13:45:12	60.62	-0.01	5	30310	卖盘
13:45:06	60.63	-0.04	7	42441	卖盘
13:44:57	60.67	--	1	6067	卖盘
13:44:51	60.67	0.07	1	6067	卖盘
13:44:48	60.6	-0.07	39	236340	卖盘
13:44:39	60.67	0.06	93	564231	买盘
13:44:33	60.61	0.01	8	48488	中性盘
13:44:27	60.6	-0.08	10	60600	卖盘
13:44:21	60.68	--	27	163836	卖盘
13:44:18	60.68	0.01	103	625004	买盘
13:44:15	60.67	-0.01	10	60670	卖盘
13:44:06	60.68	-0.03	20	121360	卖盘
13:43:57	60.71	-0.04	3	18213	卖盘
13:43:48	60.75	-0.03	11	66825	卖盘
13:43:45	60.78	--	5	30390	买盘
13:43:33	60.78	--	12	72936	卖盘
13:43:30	60.78	-0.02	30	182340	卖盘
13:43:21	60.8	--	1	6080	买盘
13:43:15	60.8	--	3	18240	卖盘
13:43:03	60.8	-0.02	2	12160	中性盘
13:42:51	60.82	0.04	12	72984	买盘
13:42:33	60.78	-0.02	10	60780	卖盘
13:42:30	60.8	0.01	3	18240	买盘
13:42:21	60.79	-0.01	5	30395	卖盘
13:42:09	60.8	-0.02	20	121600	卖盘
13:42:06	60.82	0.01	10	60820	卖盘
13:41:54	60.81	--	5	30405	买盘
13:41:51	60.81	--	26	158106	卖盘
13:41:45	60.81	--	7	42567	卖盘
13:41:39	60.81	--	1	6081	卖盘
13:41:36	60.81	0.01	12	72972	卖盘
13:41:33	60.8	--	4	24320	买盘
13:41:27	60.8	--	11	66880	卖盘
13:41:24	60.8	--	2	12160	卖盘
13:41:12	60.8	-0.03	10	60800	卖盘
13:41:00	60.83	-0.02	2	12166	卖盘
13:40:51	60.85	--	2	12170	买盘
13:40:48	60.85	--	7	42595	卖盘
13:40:39	60.85	0.02	7	42595	卖盘
13:40:33	60.83	--	16	97328	卖盘
13:40:24	60.83	--	5	30415	卖盘
13:39:21	60.83	--	10	60830	卖盘
13:39:09	60.83	--	3	18249	卖盘
13:38:54	60.83	-0.06	5	30415	卖盘
13:38:45	60.89	0.06	10	60890	买盘
13:38:33	60.83	-0.02	3	18249	卖盘
13:38:24	60.85	--	1	6085	买盘
13:38:09	60.85	--	9	54765	卖盘
13:37:57	60.85	--	20	121700	卖盘
13:37:36	60.85	0.02	4	24340	买盘
13:37:21	60.83	-0.02	2	12166	中性盘
13:36:57	60.85	0.02	20	121700	买盘
13:36:48	60.83	--	5	30415	买盘
13:36:45	60.83	--	1	6083	买盘
13:36:39	60.83	--	4	24332	卖盘
13:36:21	60.83	--	2	12166	卖盘
13:36:15	60.83	--	7	42581	卖盘
13:36:06	60.83	--	2	12166	卖盘
13:35:48	60.83	0.02	35	212905	买盘
13:35:39	60.81	-0.01	11	66891	卖盘
13:35:21	60.82	--	6	36492	卖盘
13:35:18	60.82	-0.01	3	18246	卖盘
13:35:15	60.83	--	2	12166	买盘
13:34:45	60.83	-0.02	4	24332	卖盘
13:34:42	60.85	0.02	4	24340	买盘
13:34:30	60.83	-0.02	1	6083	卖盘
13:34:18	60.85	--	1	6085	买盘
13:34:03	60.85	--	9	54765	卖盘
13:33:36	60.85	--	22	133870	买盘
13:33:33	60.85	--	5	30425	买盘
13:33:30	60.85	--	10	60850	买盘
13:32:54	60.85	--	2	12170	买盘
13:32:39	60.85	-0.01	10	60850	买盘
13:32:24	60.86	0.04	5	30430	买盘
13:32:15	60.82	-0.03	50	304100	卖盘
13:31:57	60.85	-0.05	80	486800	卖盘
13:30:42	60.9	--	3	18270	卖盘
13:30:12	60.9	--	5	30450	卖盘
13:30:03	60.9	--	3	18270	卖盘
13:30:00	60.9	--	1	6090	卖盘
13:29:57	60.9	-0.01	5	30450	卖盘
13:29:09	60.91	-0.07	1	6091	中性盘
13:28:15	60.98	--	1	6098	中性盘
13:27:54	60.98	--	5	30490	卖盘
13:27:45	60.98	--	3	18294	买盘
13:27:39	60.98	--	10	60980	买盘
13:27:27	60.98	0.08	4	24392	买盘
13:27:24	60.9	-0.08	5	30450	卖盘
13:27:18	60.98	0.08	7	42686	买盘
13:27:12	60.9	-0.08	4	24360	卖盘
13:26:42	60.98	--	14	85372	买盘
13:26:15	60.98	0.04	8	48784	买盘
13:25:45	60.94	0.11	30	182820	买盘
13:25:18	60.83	--	9	54747	卖盘
13:25:03	60.83	-0.02	1	6083	卖盘
13:24:12	60.85	-0.04	3	18255	卖盘
13:23:21	60.89	--	2	12178	买盘
13:23:15	60.89	0.04	1	6089	买盘
13:23:12	60.85	--	1	6085	卖盘
13:23:09	60.85	-0.04	11	66935	卖盘
13:22:57	60.89	--	3	18267	买盘
13:22:54	60.89	--	19	115691	卖盘
13:22:51	60.89	--	10	60890	卖盘
13:22:39	60.89	-0.05	6	36534	卖盘
13:22:06	60.94	--	3	18282	卖盘
13:22:03	60.94	--	15	91410	卖盘
13:22:00	60.94	--	3	18282	卖盘
13:21:57	60.94	0.05	1	6094	中性盘
13:21:36	60.89	--	1	6089	卖盘
13:21:24	60.89	--	15	91335	卖盘
13:21:18	60.89	-0.06	2	12178	卖盘
13:20:36	60.95	-0.01	1	6095	中性盘
13:20:24	60.96	--	14	85344	买盘
13:20:21	60.96	--	20	121920	买盘
13:19:39	60.96	0.08	2	12192	买盘
13:19:36	60.88	--	5	30440	卖盘
13:19:24	60.88	0.02	8	48704	中性盘
13:19:06	60.86	--	14	85204	卖盘
13:18:48	60.86	-0.12	3	18258	中性盘
13:17:39	60.98	0.13	30	182940	买盘
13:17:27	60.85	0.03	5	30425	买盘
13:17:24	60.82	--	1	6082	卖盘
13:17:12	60.82	--	2	12164	卖盘
13:16:54	60.82	-0.03	1	6082	卖盘
13:16:33	60.85	--	3	18255	中性盘
13:15:57	60.85	--	4	24340	买盘
13:15:54	60.85	--	1	6085	买盘
13:15:42	60.85	-0.05	25	152125	卖盘
13:15:12	60.9	--	1	6090	买盘
13:15:06	60.9	-0.1	4	24360	卖盘
13:14:30	61.0	0.14	2	12200	买盘
13:14:12	60.86	-0.04	27	164322	卖盘
13:14:03	60.9	--	3	18270	买盘
13:13:51	60.9	--	10	60900	买盘
13:13:42	60.9	-0.1	32	194880	卖盘
13:13:39	61.0	--	1	6100	中性盘
13:13:21	61.0	--	6	36600	卖盘
13:13:18	61.0	-0.01	13	79300	卖盘
13:12:54	61.01	-0.01	1	6101	中性盘
13:11:54	61.02	--	2	12204	卖盘
13:11:45	61.02	--	10	61020	卖盘
13:11:21	61.02	--	1	6102	卖盘
13:10:36	61.02	0.02	12	73224	买盘
13:10:30	61.0	--	5	30500	卖盘
13:10:27	61.0	-0.02	10	61000	卖盘
13:10:15	61.02	0.02	4	24408	买盘
13:10:12	61.0	-0.01	20	122000	卖盘
13:10:09	61.01	-0.01	20	122020	卖盘
13:09:51	61.02	-0.01	34	207468	卖盘
13:09:42	61.03	--	1	6103	中性盘
13:09:21	61.03	-0.09	5	30515	卖盘
13:09:18	61.12	0.06	64	391168	买盘
13:09:15	61.06	--	2	12212	买盘
13:08:30	61.06	--	10	61060	买盘
13:08:21	61.06	--	41	250346	买盘
13:08:18	61.06	-0.04	6	36636	卖盘
13:08:12	61.1	0.03	16	97760	买盘
13:08:09	61.07	--	4	24428	买盘
13:07:12	61.07	--	3	18321	买盘
13:06:45	61.07	-0.03	1	6107	买盘
13:06:39	61.1	--	3	18330	卖盘
13:06:36	61.1	--	50	305500	卖盘
13:06:30	61.1	-0.02	1	6110	卖盘
13:06:24	61.12	0.02	11	67232	买盘
13:06:15	61.1	--	11	67210	买盘
13:06:06	61.1	--	20	122200	买盘
13:05:54	61.1	0.01	112	684320	买盘
13:05:45	61.09	0.02	13	79417	买盘
13:05:39	61.07	-0.02	10	61070	卖盘
13:05:36	61.09	0.02	13	79417	买盘
13:05:30	61.07	--	2	12214	卖盘
13:05:21	61.07	--	10	61070	卖盘
13:05:18	61.07	0.03	32	195424	买盘
13:05:12	61.04	0.04	23	140392	买盘
13:05:09	61.0	-0.02	1	6100	买盘
13:05:00	61.02	--	40	244080	卖盘
13:04:45	61.02	--	33	201366	买盘
13:04:30	61.02	--	1	6102	买盘
13:04:27	61.02	--	6	36612	卖盘
13:04:24	61.02	--	1	6102	卖盘
13:04:12	61.02	--	3	18306	卖盘
13:04:09	61.02	0.02	5	30510	中性盘
13:03:45	61.0	-0.02	3	18300	卖盘
13:02:27	61.02	-0.04	5	30510	卖盘
13:02:15	61.06	0.04	6	36636	买盘
13:02:03	61.02	0.02	1	6102	卖盘
13:01:45	61.0	--	4	24400	买盘
13:01:42	61.0	-0.07	1	6100	买盘
13:01:30	61.07	0.11	18	109926	买盘
13:01:27	60.96	-0.04	5	30480	卖盘
13:01:12	61.0	-0.02	1	6100	卖盘
13:01:09	61.02	0.02	16	97632	买盘
13:00:33	61.0	0.04	1	6100	买盘
13:00:12	60.96	-0.11	10	60960	卖盘
13:00:06	61.07	0.1	45	274815	买盘
13:00:03	60.97	-0.03	1	6097	卖盘
11:30:03	61.0	--	0	0	买盘
11:29:51	61.0	0.03	41	250100	中性盘
11:29:30	60.97	-0.03	16	97552	卖盘
11:29:24	61.0	--	16	97600	卖盘
11:29:21	61.0	--	17	103700	买盘
11:29:03	61.0	-0.05	6	36600	卖盘
11:28:57	61.05	0.05	2	12210	买盘
11:28:48	61.0	--	9	54900	买盘
11:28:45	61.0	--	1	6100	买盘
11:28:39	61.0	-0.01	1	6100	买盘
11:28:36	61.01	0.01	40	244040	卖盘
11:28:33	61.0	--	10	61000	卖盘
11:28:24	61.0	--	2	12200	卖盘
11:28:12	61.0	-0.08	5	30500	中性盘
11:27:30	61.08	0.11	100	610800	买盘
11:27:24	60.97	--	4	24388	买盘
11:27:15	60.97	--	44	268268	卖盘
11:27:12	60.97	-0.03	4	24388	卖盘
11:26:57	61.0	0.03	3	18300	中性盘
11:26:48	60.97	-0.03	81	493857	卖盘
11:26:36	61.0	-0.02	22	134200	卖盘
11:26:33	61.02	0.02	3	18306	卖盘
11:26:30	61.0	-0.1	1	6100	卖盘
11:26:24	61.1	0.1	99	604890	买盘
11:26:21	61.0	--	1	6100	卖盘
11:26:18	61.0	0.03	4	24400	买盘
11:26:09	60.97	-0.03	11	67067	中性盘
11:25:42	61.0	0.03	30	183000	买盘
11:25:39	60.97	--	10	60970	买盘
11:25:36	60.97	--	10	60970	买盘
11:25:27	60.97	--	5	30485	卖盘
11:25:24	60.97	--	21	128037	卖盘
11:25:18	60.97	0.1	5	30485	卖盘
11:25:12	60.87	-0.06	91	553917	卖盘
11:24:57	60.93	0.03	1	6093	买盘
11:24:42	60.9	-0.03	13	79170	买盘
11:24:36	60.93	0.08	30	182790	买盘
11:24:33	60.85	-0.03	3	18255	卖盘
11:24:27	60.88	--	7	42616	买盘
11:24:21	60.88	0.03	5	30440	买盘
11:24:18	60.85	-0.03	1	6085	卖盘
11:24:15	60.88	0.04	1	6088	买盘
11:24:03	60.84	0.04	17	103428	买盘
11:23:54	60.8	-0.04	5	30400	卖盘
11:23:51	60.84	0.04	2	12168	中性盘
11:23:48	60.8	-0.08	7	42560	卖盘
11:23:45	60.88	0.08	5	30440	买盘
11:23:42	60.8	--	8	48640	卖盘
11:23:33	60.8	--	6	36480	卖盘
11:23:30	60.8	--	2	12160	卖盘
11:23:27	60.8	--	8	48640	卖盘
11:23:21	60.8	0.04	31	188480	买盘
11:23:18	60.76	-0.04	1	6076	中性盘
11:23:09	60.8	--	75	456000	买盘
11:22:54	60.8	-0.02	10	60800	卖盘
11:22:51	60.82	0.01	5	30410	买盘
11:22:48	60.81	-0.01	1	6081	卖盘
11:22:45	60.82	--	3	18246	买盘
11:22:27	60.82	--	11	71524	卖盘
11:22:24	60.82	--	5	30410	卖盘
11:22:15	60.82	--	2	12164	卖盘
11:21:57	60.82	-0.02	7	42574	卖盘
11:21:54	60.84	--	16	97344	卖盘
11:21:51	60.84	--	3	18252	卖盘
11:21:48	60.84	0.02	46	281324	买盘
11:21:42	60.82	--	2	12164	卖盘
11:21:33	60.82	-0.01	3	18246	卖盘
11:21:15	60.83	--	11	71536	卖盘
11:21:12	60.83	--	24	145992	卖盘
11:21:06	60.83	--	3	18249	卖盘
11:21:03	60.83	--	9	54747	卖盘
11:21:00	60.83	--	18	109494	卖盘
11:20:57	60.83	--	5	30415	卖盘
11:20:54	60.83	--	7	44040	买盘
11:20:45	60.83	--	4	28955	卖盘
11:20:30	60.83	-0.04	8	48664	卖盘
11:20:27	60.87	--	15	92765	卖盘
11:20:21	60.87	-0.02	3	18261	卖盘
11:20:09	60.89	0.02	4	24356	买盘
11:20:03	60.87	-0.08	1	6087	卖盘
11:19:39	60.95	0.05	108	658260	买盘
11:19:36	60.9	-0.02	8	48720	卖盘
11:19:33	60.92	0.01	10	60920	卖盘
11:19:18	60.91	-0.04	2	12182	卖盘
11:19:06	60.95	--	22	134090	卖盘
11:19:00	60.95	0.05	2	12190	买盘
11:18:48	60.9	--	10	60900	卖盘
11:18:36	60.9	--	38	231420	买盘
11:18:33	60.9	0.03	1	6090	买盘
11:18:24	60.87	--	8	48696	卖盘
11:18:18	60.87	--	3	18261	卖盘
11:18:12	60.87	0.03	6	36522	买盘
11:18:06	60.84	0.01	3	18252	买盘
11:17:54	60.83	0.01	1	6083	中性盘
11:17:42	60.82	-0.05	45	273690	卖盘
11:17:39	60.87	0.05	4	24348	中性盘
11:17:18	60.82	-0.05	30	182460	卖盘
11:17:15	60.87	0.02	3	18261	买盘
11:17:06	60.85	0.02	6	36510	卖盘
11:16:57	60.83	--	2	12166	买盘
11:16:54	60.83	--	17	103411	买盘
11:16:51	60.83	--	36	218988	卖盘
11:16:45	60.83	--	1	6083	卖盘
11:16:42	60.83	-0.04	2	12166	卖盘
11:16:39	60.87	0.05	1	6087	中性盘
11:16:27	60.82	-0.01	11	66902	卖盘
11:16:18	60.83	0.02	3	18249	中性盘
11:16:03	60.81	--	1	6081	卖盘
11:15:57	60.81	0.01	1	6081	中性盘
11:15:51	60.8	--	1	6080	卖盘
11:15:48	60.8	-0.09	1	6080	卖盘
11:15:30	60.89	-0.01	7	42623	卖盘
11:15:15	60.9	-0.03	61	371490	卖盘
11:15:00	60.93	0.02	88	536184	买盘
11:14:54	60.91	-0.01	2	12182	卖盘
11:14:51	60.92	0.01	5	30460	买盘
11:14:48	60.91	-0.01	6	36546	卖盘
11:14:45	60.92	--	34	207128	卖盘
11:14:36	60.92	0.01	16	97472	买盘
11:14:33	60.91	0.01	5	30455	买盘
11:14:30	60.9	-0.01	1	6090	卖盘
11:14:18	60.91	-0.01	5	30455	中性盘
11:14:12	60.92	--	20	121840	买盘
11:13:57	60.92	--	2	12184	卖盘
11:13:54	60.92	--	13	79196	卖盘
11:13:48	60.92	--	2	12184	卖盘
11:13:45	60.92	-0.01	3	18276	卖盘
11:13:42	60.93	0.01	7	42651	买盘
11:13:33	60.92	--	28	170576	买盘
11:13:24	60.92	-0.08	28	170576	卖盘
11:13:21	61.0	0.05	117	713700	买盘
11:13:18	60.95	--	2	12190	买盘
11:13:15	60.95	-0.02	5	30475	买盘
11:13:06	60.97	-0.01	5	30485	卖盘
11:13:03	60.98	0.06	6	36588	买盘
11:13:00	60.92	-0.06	30	182760	卖盘
11:12:54	60.98	0.03	23	140254	买盘
11:12:45	60.95	0.03	14	85330	买盘
11:12:42	60.92	--	7	42644	卖盘
11:12:39	60.92	-0.01	46	280232	卖盘
11:12:36	60.93	--	12	73116	卖盘
11:12:27	60.93	-0.02	4	24372	卖盘
11:12:24	60.95	0.03	15	91425	买盘
11:12:15	60.92	-0.07	3	18276	卖盘
11:12:12	60.99	0.04	13	79287	买盘
11:12:06	60.95	--	36	219420	买盘
11:12:03	60.95	--	14	85330	卖盘
11:12:00	60.95	--	1	6095	卖盘
11:11:57	60.95	-0.04	2	12190	卖盘
11:11:54	60.99	-0.01	2	12198	中性盘
11:11:39	61.0	--	7	42700	卖盘
11:11:36	61.0	-0.02	2	12200	卖盘
11:11:33	61.02	0.01	8	48816	中性盘
11:11:30	61.01	-0.01	28	170828	卖盘
11:11:21	61.02	0.01	5	30510	中性盘
11:11:15	61.01	-0.01	10	61010	卖盘
11:11:06	61.02	--	15	91530	卖盘
11:10:57	61.02	0.01	5	30510	中性盘
11:10:45	61.01	--	15	91515	卖盘
11:10:36	61.01	-0.01	8	48808	卖盘
11:10:30	61.02	-0.08	13	79326	卖盘
11:10:27	61.1	--	10	61100	卖盘
11:10:24	61.1	0.09	29	177190	买盘
11:10:15	61.01	--	10	61010	卖盘
11:10:12	61.01	-0.11	1	6101	卖盘
11:10:03	61.12	-0.01	8	48896	中性盘
11:10:00	61.13	--	15	91695	买盘
11:09:54	61.13	--	3	18339	买盘
11:09:51	61.13	--	2	12226	卖盘
11:09:48	61.13	-0.02	19	116147	卖盘
11:09:45	61.15	0.02	3	18345	卖盘
11:09:42	61.13	--	1	6113	卖盘
11:09:36	61.13	-0.04	1	6113	中性盘
11:09:33	61.17	0.07	118	721806	买盘
11:09:24	61.1	--	1	6110	买盘
11:09:21	61.1	-0.04	49	299390	卖盘
11:09:18	61.14	0.01	7	42798	中性盘
11:09:12	61.13	-0.02	9	55017	中性盘
11:09:09	61.15	0.15	10	61150	买盘
11:09:06	61.0	-0.13	150	915000	卖盘
11:09:03	61.13	-0.03	4	24452	中性盘
11:08:54	61.16	0.06	32	195712	买盘
11:08:48	61.1	--	8	48880	买盘
11:08:45	61.1	-0.03	59	360490	卖盘
11:08:42	61.13	--	13	79469	买盘
11:08:36	61.13	0.03	14	85582	买盘
11:08:33	61.1	--	6	36660	卖盘
11:08:30	61.1	--	7	42770	卖盘
11:08:27	61.1	--	1	6110	卖盘
11:08:21	61.1	-0.04	6	36660	卖盘
11:08:18	61.14	--	20	122280	买盘
11:08:15	61.14	0.04	10	61140	买盘
11:08:09	61.1	--	2	12220	卖盘
11:08:06	61.1	-0.03	10	61100	卖盘
11:08:03	61.13	0.03	6	36678	买盘
11:08:00	61.1	-0.03	5	30550	卖盘
11:07:57	61.13	0.03	1	6113	买盘
11:07:54	61.1	--	5	30550	卖盘
11:07:51	61.1	0.1	34	207740	买盘
11:07:48	61.0	--	8	48800	买盘
11:07:39	61.0	-0.09	112	683200	卖盘
11:07:36	61.09	0.04	1	6109	买盘
11:07:33	61.05	--	4	24420	卖盘
11:07:30	61.05	--	14	85470	卖盘
11:07:27	61.05	--	1	6105	卖盘
11:07:24	61.05	--	11	67155	卖盘
11:07:21	61.05	--	42	256410	卖盘
11:07:15	61.05	--	3	18315	卖盘
11:07:12	61.05	--	2	12210	卖盘
11:07:09	61.05	--	9	54945	卖盘
11:07:06	61.05	0.13	121	738705	买盘
11:06:57	60.92	-0.01	9	54828	卖盘
11:06:51	60.93	-0.06	5	30465	卖盘
11:06:39	60.99	0.06	8	48792	买盘
11:06:36	60.93	-0.07	3	18279	卖盘
11:06:30	61.0	0.05	15	91500	买盘
11:06:21	60.95	-0.05	2	12190	卖盘
11:06:15	61.0	--	5	30500	买盘
11:06:00	61.0	-0.05	13	79300	卖盘
11:05:57	61.05	-0.03	1	6105	卖盘
11:05:54	61.08	0.03	7	42756	买盘
11:05:51	61.05	--	10	61050	中性盘
11:05:48	61.05	--	8	48840	卖盘
11:05:42	61.05	-0.01	20	122100	卖盘
11:05:39	61.06	0.01	27	164862	中性盘
11:05:33	61.05	-0.01	55	335775	卖盘
11:05:27	61.06	--	14	85484	买盘
11:05:21	61.06	0.01	1	6106	买盘
11:05:18	61.05	0.05	10	61050	中性盘
11:05:15	61.0	-0.05	105	640500	卖盘
11:05:12	61.05	--	17	103785	买盘
11:04:54	61.05	--	1	6105	买盘
11:04:51	61.05	0.06	32	195360	买盘
11:04:45	60.99	--	11	67089	买盘
11:04:39	60.99	--	94	573306	买盘
11:04:36	60.99	--	63	384237	卖盘
11:04:33	60.99	-0.01	13	79287	卖盘
11:04:30	61.0	--	12	73200	买盘
11:04:27	61.0	0.12	169	1030900	买盘
11:04:24	60.88	-0.11	100	608800	卖盘
11:04:21	60.99	0.1	20	121980	买盘
11:04:15	60.89	--	6	36534	卖盘
11:04:12	60.89	-0.06	150	913350	卖盘
11:04:09	60.95	--	5	30475	卖盘
11:04:06	60.95	--	7	42665	卖盘
11:04:03	60.95	0.06	47	286465	买盘
11:03:57	60.89	--	4	24356	卖盘
11:03:54	60.89	--	10	60890	买盘
11:03:51	60.89	0.01	107	651523	买盘
11:03:48	60.88	-0.01	2	12176	卖盘
11:03:45	60.89	0.01	42	255738	买盘
11:03:42	60.88	0.08	18	109584	买盘
11:03:39	60.8	-0.05	2	12160	卖盘
11:03:33	60.85	--	19	115615	买盘
11:03:30	60.85	--	8	48680	卖盘
11:03:27	60.85	-0.02	21	127785	卖盘
11:03:24	60.87	0.02	1	6087	买盘
11:03:21	60.85	-0.03	51	310335	卖盘
11:03:18	60.88	0.01	21	127848	买盘
11:03:15	60.87	0.01	5	30435	买盘
11:03:12	60.86	0.01	1	6086	买盘
11:03:06	60.85	0.05	18	109530	买盘
11:03:03	60.8	0.06	3	18240	卖盘
11:02:51	60.74	0.05	1	6074	中性盘
11:02:45	60.69	--	101	612969	卖盘
11:02:36	60.69	-0.17	6	36414	卖盘
11:02:27	60.86	-0.02	6	36516	中性盘
11:02:24	60.88	0.08	9	54792	买盘
11:02:15	60.8	-0.08	3	18240	卖盘
11:02:03	60.88	--	3	18264	买盘
11:01:57	60.88	-0.01	2	12176	买盘
11:01:45	60.89	-0.03	39	237471	卖盘
11:01:42	60.92	0.02	12	73104	买盘
11:01:39	60.9	0.01	65	395850	中性盘
11:01:36	60.89	-0.02	8	48712	卖盘
11:01:30	60.91	--	7	42637	买盘
11:01:27	60.91	0.01	15	91365	买盘
11:01:24	60.9	-0.02	7	42630	买盘
11:01:21	60.92	-0.01	4	24368	卖盘
11:01:18	60.93	0.02	17	103581	买盘
11:01:15	60.91	--	4	24364	卖盘
11:01:12	60.91	--	20	121820	卖盘
11:01:09	60.91	-0.02	9	54819	卖盘
11:01:06	60.93	0.02	30	182790	买盘
11:01:03	60.91	-0.02	8	48728	卖盘
11:00:57	60.93	0.02	3	18279	买盘
11:00:51	60.91	0.02	7	42637	中性盘
11:00:48	60.89	-0.08	26	158314	卖盘
11:00:42	60.97	0.07	50	304850	买盘
11:00:33	60.9	0.01	1	6090	买盘
11:00:30	60.89	--	20	121780	卖盘
11:00:27	60.89	--	15	91335	卖盘
11:00:21	60.89	0.09	15	91335	买盘
11:00:18	60.8	--	4	24320	买盘
11:00:15	60.8	--	55	334400	买盘
11:00:12	60.8	--	8	48640	买盘
11:00:09	60.8	--	205	1246400	买盘
11:00:06	60.8	--	30	182400	买盘
11:00:03	60.8	--	1	6080	买盘
11:00:00	60.8	-0.1	58	352640	卖盘
10:59:57	60.9	0.01	51	310590	买盘
10:59:54	60.89	--	2	12178	买盘
10:59:48	60.89	0.03	35	213115	买盘
10:59:45	60.86	-0.02	5	30430	中性盘
10:59:42	60.88	0.04	19	115672	买盘
10:59:39	60.84	--	2	12168	卖盘
10:59:36	60.84	0.04	12	73008	买盘
10:59:33	60.8	--	1	6080	卖盘
10:59:27	60.8	--	2	12160	卖盘
10:59:24	60.8	0.07	229	1392320	买盘
10:59:21	60.73	-0.07	3	18219	卖盘
10:59:18	60.8	0.02	65	395200	买盘
10:59:12	60.78	--	6	36468	买盘
10:59:09	60.78	0.06	7	42546	买盘
10:59:00	60.72	0.03	5	30360	卖盘
10:58:57	60.69	-0.11	5	30345	卖盘
10:58:51	60.8	0.08	120	729600	买盘
10:58:48	60.72	--	107	649704	买盘
10:58:42	60.72	-0.06	11	66792	卖盘
10:58:39	60.78	-0.01	147	893466	中性盘
10:58:36	60.79	0.01	20	121580	买盘
10:58:30	60.78	--	187	1136586	买盘
10:58:27	60.78	--	1	6078	买盘
10:58:24	60.78	--	1	6078	买盘
10:58:21	60.78	0.05	11	66858	中性盘
10:58:15	60.73	0.02	10	60730	卖盘
10:58:12	60.71	-0.08	3	18213	买盘
10:58:09	60.79	0.09	106	644374	买盘
10:58:06	60.7	--	7	42490	买盘
10:58:03	60.7	--	46	279220	买盘
10:58:00	60.7	-0.1	48	291360	卖盘
10:57:57	60.8	0.08	165	1003200	买盘
10:57:54	60.72	-0.08	13	78936	卖盘
10:57:48	60.8	0.08	240	1459200	买盘
10:57:36	60.72	0.01	1	6072	买盘
10:57:33	60.71	0.01	10	60710	买盘
10:57:30	60.7	-0.01	1	6070	买盘
10:57:27	60.71	-0.01	1	6071	中性盘
10:57:15	60.72	0.02	115	698280	买盘
10:57:12	60.7	--	1	6070	买盘
10:57:09	60.7	--	11	66770	卖盘
10:57:06	60.7	--	15	91050	卖盘
10:57:03	60.7	--	1	6070	卖盘
10:57:00	60.7	--	5	30350	卖盘
10:56:54	60.7	--	2	12140	卖盘
10:56:51	60.7	--	3	18210	卖盘
10:56:48	60.7	-0.01	1	6070	中性盘
10:56:45	60.71	0.03	6	36426	买盘
10:56:42	60.68	--	12	72816	卖盘
10:56:33	60.68	--	71	430828	买盘
10:56:24	60.68	--	1	6068	买盘
10:56:18	60.68	0.02	6	36408	买盘
10:56:15	60.66	-0.02	5	30330	中性盘
10:56:09	60.68	--	11	66748	卖盘
10:56:00	60.68	-0.04	2	12136	卖盘
10:55:57	60.72	--	6	36432	买盘
10:55:48	60.72	0.04	62	376464	买盘
10:55:45	60.68	-0.03	6	36408	卖盘
10:55:33	60.71	-0.02	1	6071	买盘
10:55:18	60.73	-0.02	54	327942	中性盘
10:55:09	60.75	0.01	30	182250	买盘
10:55:06	60.74	-0.01	6	36444	买盘
10:55:00	60.75	--	54	328050	买盘
10:54:54	60.75	--	5	30375	买盘
10:54:48	60.75	0.04	12	72900	买盘
10:54:45	60.71	-0.04	1	6071	卖盘
10:54:42	60.75	-0.04	2	12150	中性盘
10:54:33	60.79	0.04	69	419451	买盘
10:54:30	60.75	--	230	1397250	买盘
10:54:27	60.75	-0.01	4	24300	卖盘
10:54:24	60.76	0.01	6	36456	买盘
10:54:21	60.75	--	2	12150	卖盘
10:54:18	60.75	-0.01	1	6075	卖盘
10:54:15	60.76	-0.02	4	24304	中性盘
10:54:06	60.78	0.1	2	12156	买盘
10:54:03	60.68	-0.11	4	24272	卖盘
10:54:00	60.79	0.08	41	249239	买盘
10:53:54	60.71	--	10	60710	中性盘
10:53:48	60.71	--	56	339976	卖盘
10:53:45	60.71	-0.09	39	236769	卖盘
10:53:42	60.8	--	63	383040	卖盘
10:53:39	60.8	-0.05	1	6080	卖盘
10:53:36	60.85	0.14	15	91275	买盘
10:53:33	60.71	0.03	16	97136	卖盘
10:53:30	60.68	--	3	18204	买盘
10:53:27	60.68	-0.02	30	182040	中性盘
10:53:24	60.7	0.02	53	321710	买盘
10:53:21	60.68	0.08	10	60680	买盘
10:53:18	60.6	-0.08	10	60600	卖盘
10:53:15	60.68	0.07	44	266992	买盘
10:53:12	60.61	-0.01	32	193952	中性盘
10:53:09	60.62	0.02	35	212170	买盘
10:53:06	60.6	--	9	54540	卖盘
10:53:03	60.6	0.07	15	90900	买盘
10:53:00	60.53	0.03	25	151325	买盘
10:52:57	60.5	0.01	1	6050	中性盘
10:52:54	60.49	--	28	175239	买盘
10:52:48	60.49	0.01	12	72588	买盘
10:52:42	60.48	-0.02	4	24192	买盘
10:52:39	60.5	--	6	36481	卖盘
10:52:33	60.5	0.01	221	1342918	买盘
10:52:09	60.49	0.03	131	792419	买盘
10:52:03	60.46	0.04	100	604600	买盘
10:51:54	60.42	--	1	6042	买盘
10:51:48	60.42	0.02	8	48336	买盘
10:51:45	60.4	--	2	12080	卖盘
10:51:42	60.4	--	2	12080	卖盘
10:51:36	60.4	-0.02	1	6040	卖盘
10:51:33	60.42	0.02	1	6042	买盘
10:51:27	60.4	-0.02	20	120800	卖盘
10:51:24	60.42	--	1	6042	买盘
10:51:21	60.42	--	11	66462	买盘
10:51:12	60.42	--	2	12084	卖盘
10:51:06	60.42	-0.04	1	6042	卖盘
10:51:00	60.46	0.04	30	181380	买盘
10:50:57	60.42	-0.04	5	30210	中性盘
10:50:36	60.46	0.04	6	36276	买盘
10:50:33	60.42	--	11	66462	卖盘
10:50:30	60.42	0.02	54	326268	买盘
10:50:21	60.4	-0.02	50	302000	卖盘
10:50:18	60.42	0.01	8	48336	买盘
10:50:15	60.41	--	4	24164	卖盘
10:50:00	60.41	0.01	2	12082	中性盘
10:49:54	60.4	-0.08	1	6040	卖盘
10:49:51	60.48	0.08	1	6048	买盘
10:49:48	60.4	--	98	591920	卖盘
10:49:45	60.4	--	11	66440	卖盘
10:49:36	60.4	--	38	229520	卖盘
10:49:33	60.4	0.04	84	507360	买盘
10:49:18	60.36	-0.01	30	181080	卖盘
10:49:15	60.37	0.01	5	30185	卖盘
10:49:12	60.36	-0.02	2	12072	卖盘
10:49:09	60.38	--	3	18114	买盘
10:49:03	60.38	0.02	20	120760	买盘
10:48:57	60.36	--	6	36216	买盘
10:48:45	60.36	0.04	76	458736	买盘
10:48:36	60.32	0.02	24	144768	买盘
10:48:24	60.3	--	31	186930	卖盘
10:48:15	60.3	0.07	146	880380	买盘
10:48:09	60.23	--	6	36138	买盘
10:47:57	60.23	--	7	42161	卖盘
10:47:51	60.23	--	28	168644	卖盘
10:47:33	60.23	0.08	18	108414	买盘
10:47:21	60.15	-0.09	41	246615	卖盘
10:46:54	60.24	--	10	60240	买盘
10:46:42	60.24	--	10	60240	买盘
10:46:30	60.24	--	6	36144	买盘
10:46:27	60.24	0.06	10	60240	买盘
10:45:48	60.18	-0.06	1	6018	卖盘
10:45:42	60.24	0.13	8	48192	买盘
10:44:30	60.11	-0.01	5	30055	卖盘
10:44:12	60.12	-0.12	30	180360	卖盘
10:43:21	60.24	-0.01	1	6024	卖盘
10:41:57	60.25	--	5	30125	买盘
10:41:45	60.25	0.01	2	12050	买盘
10:41:33	60.24	--	1	6024	买盘
10:41:24	60.24	-0.01	7	42168	中性盘
10:40:51	60.25	0.08	4	24100	买盘
10:40:45	60.17	--	3	18051	卖盘
10:40:30	60.17	-0.05	10	60170	卖盘
10:40:21	60.22	-0.03	3	18066	卖盘
10:40:18	60.25	0.03	4	24100	买盘
10:39:51	60.22	-0.03	2	12044	卖盘
10:39:45	60.25	0.05	4	24100	买盘
10:39:39	60.2	-0.01	10	60200	卖盘
10:39:30	60.21	0.01	5	30105	卖盘
10:39:27	60.2	--	2	12040	卖盘
10:39:18	60.2	--	2	12040	卖盘
10:39:15	60.2	--	42	252840	卖盘
10:39:12	60.2	--	13	78260	卖盘
10:38:51	60.2	--	2	12040	卖盘
10:38:48	60.2	--	2	12040	卖盘
10:38:36	60.2	--	8	48160	买盘
10:38:27	60.2	--	2	12040	买盘
10:38:24	60.2	--	5	30100	买盘
10:38:18	60.2	--	16	96320	卖盘
10:38:15	60.2	--	3	18060	卖盘
10:38:12	60.2	--	30	180600	卖盘
10:38:00	60.2	-0.07	11	66220	卖盘
10:37:51	60.27	0.06	32	192864	买盘
10:37:45	60.21	-0.06	31	186651	卖盘
10:37:36	60.27	0.06	5	30135	买盘
10:37:21	60.21	--	17	102357	卖盘
10:37:09	60.21	--	31	186651	卖盘
10:37:06	60.21	--	10	60210	卖盘
10:37:00	60.21	-0.06	2	12042	中性盘
10:36:48	60.27	0.06	8	48216	买盘
10:36:33	60.21	--	8	48168	卖盘
10:36:21	60.21	-0.06	2	12042	中性盘
10:35:42	60.27	0.06	5	30135	买盘
10:35:39	60.21	--	20	120420	买盘
10:35:27	60.21	-0.07	7	42147	卖盘
10:35:24	60.28	0.01	4	24112	买盘
10:35:06	60.27	0.05	6	36162	买盘
10:34:51	60.22	0.01	3	18066	中性盘
10:34:27	60.21	0.01	1	6021	中性盘
10:33:45	60.2	--	5	30100	卖盘
10:33:21	60.2	--	30	180600	卖盘
10:33:09	60.2	--	7	42140	买盘
10:32:48	60.2	--	1	6020	卖盘
10:32:30	60.2	--	10	60200	卖盘
10:32:21	60.2	--	1	6020	卖盘
10:32:00	60.2	--	20	120400	卖盘
10:31:27	60.2	0.04	16	96320	买盘
10:31:24	60.16	--	52	312832	买盘
10:31:12	60.16	--	30	180480	卖盘
10:31:09	60.16	--	100	601600	卖盘
10:31:06	60.16	-0.04	20	120320	卖盘
10:30:54	60.2	-0.05	14	84280	卖盘
10:30:45	60.25	-0.02	6	36150	卖盘
10:30:42	60.27	-0.02	1	6027	卖盘
10:30:33	60.29	-0.01	2	12058	卖盘
10:30:12	60.3	--	1	6030	卖盘
10:29:57	60.3	-0.05	2	12060	中性盘
10:29:12	60.35	0.07	66	398310	买盘
10:29:09	60.28	-0.01	12	72336	中性盘
10:29:03	60.29	--	10	60290	买盘
10:29:00	60.29	--	17	102493	中性盘
10:28:42	60.29	--	2	12058	买盘
10:28:30	60.29	-0.03	3	18087	中性盘
10:28:24	60.32	--	11	66352	卖盘
10:28:18	60.32	-0.03	3	18096	中性盘
10:28:00	60.35	0.08	121	730235	买盘
10:27:57	60.27	0.02	1	6027	买盘
10:27:51	60.25	-0.02	13	78325	卖盘
10:27:45	60.27	--	3	18081	买盘
10:27:36	60.27	--	5	30135	买盘
10:27:30	60.27	-0.01	4	24108	买盘
10:27:27	60.28	-0.01	27	162756	卖盘
10:27:15	60.29	--	4	24116	卖盘
10:27:06	60.29	-0.03	5	30145	卖盘
10:27:00	60.32	0.03	5	30160	中性盘
10:26:51	60.29	0.01	3	18087	中性盘
10:26:42	60.28	--	25	150700	卖盘
10:26:30	60.28	--	8	48224	买盘
10:26:27	60.28	--	1	6028	买盘
10:26:18	60.28	-0.01	12	72336	卖盘
10:26:06	60.29	0.01	2	12058	买盘
10:25:51	60.28	--	10	60280	卖盘
10:25:42	60.28	-0.02	23	138644	卖盘
10:25:36	60.3	-0.08	2	12060	中性盘
10:24:45	60.38	--	10	60380	卖盘
10:24:42	60.38	--	2	12076	中性盘
10:24:30	60.38	0.02	6	36228	买盘
10:24:24	60.36	-0.02	2	12072	卖盘
10:24:21	60.38	0.14	1	6038	中性盘
10:23:51	60.24	-0.23	5	30120	卖盘
10:23:39	60.47	--	106	640982	买盘
10:23:21	60.47	--	10	60470	买盘
10:23:15	60.47	--	22	133034	卖盘
10:23:12	60.47	--	38	229786	卖盘
10:23:00	60.47	0.21	140	846580	买盘
10:22:36	60.26	0.07	7	42182	买盘
10:22:21	60.19	-0.01	5	30095	买盘
10:22:18	60.2	--	2	12040	买盘
10:22:09	60.2	-0.07	5	30100	买盘
10:22:06	60.27	0.07	67	403809	买盘
10:21:42	60.2	-0.04	1	6020	卖盘
10:21:39	60.24	-0.01	12	72288	卖盘
10:21:36	60.25	0.05	29	174725	买盘
10:21:30	60.2	--	1	6020	买盘
10:21:21	60.2	--	1	6020	买盘
10:21:18	60.2	0.02	5	30100	买盘
10:21:15	60.18	--	10	60180	卖盘
10:21:12	60.18	0.05	4	24072	买盘
10:20:57	60.13	-0.05	4	24052	中性盘
10:20:45	60.18	0.08	5	30090	买盘
10:20:27	60.1	--	5	30050	买盘
10:20:24	60.1	0.03	20	120200	买盘
10:20:09	60.07	-0.03	5	30035	买盘
10:20:03	60.1	0.01	20	120200	买盘
10:20:00	60.09	0.06	7	42063	买盘
10:19:48	60.03	0.03	4	24012	买盘
10:19:30	60.0	0.01	16	96000	买盘
10:19:24	59.99	--	1	5999	卖盘
10:19:15	59.99	0.09	45	269955	买盘
10:19:03	59.9	--	1	5990	买盘
10:18:57	59.9	-0.01	9	53910	卖盘
10:18:45	59.91	--	26	155766	卖盘
10:18:33	59.91	--	2	11982	卖盘
10:18:27	59.91	0.01	3	17973	买盘
10:18:18	59.9	--	6	35940	卖盘
10:18:12	59.9	0.08	2	11980	买盘
10:17:45	59.82	0.02	5	29910	买盘
10:17:36	59.8	--	3	17940	买盘
10:17:30	59.8	-0.02	1	5980	中性盘
10:17:15	59.82	0.07	2	11964	买盘
10:17:06	59.75	-0.05	3	17925	卖盘
10:17:03	59.8	--	2	11960	买盘
10:16:57	59.8	--	1	5980	买盘
10:16:48	59.8	-0.06	21	125580	卖盘
10:16:42	59.86	--	2	11972	卖盘
10:16:36	59.86	--	3	17958	卖盘
10:16:24	59.86	-0.02	5	29930	卖盘
10:16:18	59.88	--	4	23952	买盘
10:16:03	59.88	--	28	167664	卖盘
10:16:00	59.88	--	3	17964	卖盘
10:15:33	59.88	--	1	5988	买盘
10:15:24	59.88	--	5	29940	买盘
10:15:15	59.88	-0.02	14	83832	卖盘
10:15:09	59.9	--	12	71880	买盘
10:14:54	59.9	--	1	5990	买盘
10:14:39	59.9	--	1	5990	卖盘
10:14:33	59.9	--	6	35940	卖盘
10:14:24	59.9	-0.01	10	59900	卖盘
10:14:15	59.91	-0.06	3	17973	中性盘
10:13:48	59.97	-0.01	1	5997	中性盘
10:13:36	59.98	-0.01	1	5998	买盘
10:13:15	59.99	--	20	119980	买盘
10:12:30	59.99	--	11	65989	卖盘
10:12:12	59.99	0.09	1	5999	买盘
10:12:00	59.9	-0.1	6	35940	卖盘
10:11:39	60.0	0.01	20	120000	买盘
10:11:30	59.99	--	1	5999	买盘
10:11:27	59.99	--	5	29995	卖盘
10:11:21	59.99	--	3	17997	卖盘
10:11:09	59.99	0.13	62	371938	买盘
10:10:33	59.86	-0.01	10	59860	卖盘
10:10:30	59.87	--	2	11974	买盘
10:10:27	59.87	0.01	28	167636	买盘
10:10:24	59.86	-0.01	3	17958	卖盘
10:10:00	59.87	0.01	2	11974	买盘
10:09:51	59.86	--	13	77818	买盘
10:09:48	59.86	0.01	3	17958	买盘
10:09:42	59.85	--	2	11970	卖盘
10:09:33	59.85	0.05	47	281295	买盘
10:09:30	59.8	-0.05	2	11960	卖盘
10:09:27	59.85	0.05	3	17955	买盘
10:09:09	59.8	--	6	35880	买盘
10:09:06	59.8	0.07	5	29900	买盘
10:08:57	59.73	--	10	59730	卖盘
10:08:42	59.73	--	20	119460	卖盘
10:08:18	59.73	-0.01	3	17919	卖盘
10:08:09	59.74	0.01	10	59740	中性盘
10:08:00	59.73	--	4	23892	卖盘
10:07:57	59.73	--	1	5973	卖盘
10:07:48	59.73	0.03	3	17919	买盘
10:07:36	59.7	--	1	5970	卖盘
10:07:30	59.7	0.03	12	71640	买盘
10:07:18	59.67	-0.03	1	5967	卖盘
10:07:09	59.7	0.02	12	71640	买盘
10:07:06	59.68	0.02	10	59680	中性盘
10:06:54	59.66	-0.02	6	35796	卖盘
10:06:51	59.68	0.02	1	5968	卖盘
10:06:48	59.66	--	20	119320	卖盘
10:06:36	59.66	-0.01	7	41762	卖盘
10:06:33	59.67	--	1	5967	买盘
10:06:30	59.67	0.01	5	29835	买盘
10:06:27	59.66	-0.01	18	107388	卖盘
10:06:18	59.67	-0.01	35	208845	卖盘
10:06:12	59.68	--	5	29840	中性盘
10:06:06	59.68	--	5	29840	买盘
10:06:00	59.68	--	11	65648	卖盘
10:05:57	59.68	-0.02	1	5968	卖盘
10:05:54	59.7	--	1	5970	买盘
10:05:51	59.7	0.02	20	119400	买盘
10:05:42	59.68	-0.02	2	11936	卖盘
10:05:39	59.7	--	5	29850	买盘
10:05:30	59.7	--	42	250740	买盘
10:05:27	59.7	--	10	59700	买盘
10:05:21	59.7	-0.03	68	405960	卖盘
10:05:06	59.73	0.02	16	95568	买盘
10:05:00	59.71	--	26	155246	卖盘
10:04:48	59.71	-0.01	6	35826	卖盘
10:04:45	59.72	--	10	59720	卖盘
10:04:27	59.72	-0.03	17	101524	卖盘
10:04:09	59.75	--	49	292775	买盘
10:04:03	59.75	-0.05	68	406300	卖盘
10:03:54	59.8	--	11	65780	卖盘
10:03:36	59.8	0.02	5	29900	中性盘
10:02:51	59.78	-0.09	1	5978	卖盘
10:02:00	59.87	0.09	5	29935	买盘
10:01:42	59.78	--	21	125538	卖盘
10:01:24	59.78	--	7	41846	买盘
10:01:21	59.78	--	23	137494	买盘
10:01:15	59.78	--	1	5978	买盘
10:01:06	59.78	--	5	29890	买盘
10:01:03	59.78	--	10	59780	买盘
10:01:00	59.78	0.05	3	17934	买盘
10:00:57	59.73	-0.02	19	113487	卖盘
10:00:42	59.75	0.03	60	358500	买盘
10:00:36	59.72	-0.06	26	155272	卖盘
10:00:33	59.78	--	8	47824	买盘
10:00:24	59.78	0.08	24	143472	买盘
10:00:21	59.7	-0.03	5	29850	卖盘
10:00:06	59.73	-0.05	2	11946	卖盘
10:00:03	59.78	0.1	2	11956	买盘
09:59:48	59.68	-0.1	15	89520	卖盘
09:59:42	59.78	0.05	4	23912	买盘
09:59:39	59.73	0.04	2	11946	买盘
09:59:36	59.69	--	2	11938	卖盘
09:59:33	59.69	-0.06	2	11938	卖盘
09:59:24	59.75	-0.03	2	11950	中性盘
09:59:18	59.78	-0.01	5	29890	卖盘
09:59:15	59.79	--	5	29895	买盘
09:59:12	59.79	-0.01	59	352761	卖盘
09:59:06	59.8	--	57	340860	买盘
09:59:00	59.8	0.01	10	59800	买盘
09:58:57	59.79	-0.01	46	275034	卖盘
09:58:54	59.8	--	6	35880	买盘
09:58:48	59.8	-0.01	24	143520	卖盘
09:58:36	59.81	-0.01	46	275126	卖盘
09:58:33	59.82	-0.05	129	771678	卖盘
09:58:27	59.87	--	1	5987	买盘
09:58:24	59.87	--	1	5987	买盘
09:58:21	59.87	-0.01	30	179610	卖盘
09:58:18	59.88	0.01	4	23952	买盘
09:58:15	59.87	--	13	77831	卖盘
09:58:12	59.87	-0.01	10	59870	卖盘
09:58:03	59.88	--	7	41916	卖盘
09:58:00	59.88	--	14	83832	卖盘
09:57:51	59.88	-0.02	16	95808	卖盘
09:57:45	59.9	--	3	17970	买盘
09:57:36	59.9	-0.02	8	47920	卖盘
09:57:24	59.92	--	3	17976	买盘
09:57:06	59.92	-0.01	3	17976	买盘
09:57:03	59.93	-0.03	28	167804	卖盘
09:56:54	59.96	0.03	5	29980	买盘
09:56:39	59.93	--	7	41951	买盘
09:56:33	59.93	0.05	31	185783	买盘
09:56:24	59.88	-0.03	2	11976	卖盘
09:56:18	59.91	0.01	16	95856	买盘
09:55:48	59.9	--	4	23960	买盘
09:55:45	59.9	0.03	5	29950	买盘
09:55:42	59.87	-0.03	18	107766	卖盘
09:55:39	59.9	-0.01	2	11980	中性盘
09:55:12	59.91	--	1	5991	买盘
09:55:06	59.91	0.03	7	41937	买盘
09:55:03	59.88	0.01	5	29940	中性盘
09:54:54	59.87	-0.01	33	197571	卖盘
09:54:51	59.88	--	4	23952	卖盘
09:54:36	59.88	-0.05	100	598800	卖盘
09:54:24	59.93	--	5	29965	卖盘
09:54:21	59.93	--	3	17979	卖盘
09:54:18	59.93	--	5	29965	买盘
09:54:15	59.93	--	2	11986	卖盘
09:54:06	59.93	--	2	11986	卖盘
09:53:54	59.93	-0.03	1	5993	卖盘
09:53:51	59.96	--	5	29980	买盘
09:53:48	59.96	0.05	3	17988	买盘
09:53:45	59.91	--	1	5991	卖盘
09:53:36	59.91	0.02	1	5991	中性盘
09:53:18	59.89	-0.09	40	239560	卖盘
09:53:09	59.98	0.07	31	185938	买盘
09:53:06	59.91	0.01	3	17973	中性盘
09:52:51	59.9	-0.02	29	173710	卖盘
09:52:48	59.92	--	2	11984	卖盘
09:52:45	59.92	0.01	5	29960	卖盘
09:52:42	59.91	--	11	65901	买盘
09:52:39	59.91	-0.01	26	155766	卖盘
09:52:36	59.92	--	1	5992	买盘
09:52:33	59.92	--	5	29960	买盘
09:52:24	59.92	0.01	4	23968	中性盘
09:52:15	59.91	-0.01	10	59910	卖盘
09:52:12	59.92	0.01	1	5992	买盘
09:52:09	59.91	--	2	11982	卖盘
09:51:57	59.91	--	2	11982	卖盘
09:51:48	59.91	--	5	29955	买盘
09:51:24	59.91	-0.01	7	41937	卖盘
09:51:15	59.92	--	20	119840	中性盘
09:51:09	59.92	-0.01	20	119840	卖盘
09:51:06	59.93	--	9	53937	买盘
09:50:57	59.93	--	5	29965	卖盘
09:50:51	59.93	-0.05	2	11986	卖盘
09:50:45	59.98	0.05	4	23992	买盘
09:50:42	59.93	0.02	3	17979	卖盘
09:50:39	59.91	--	7	41937	卖盘
09:50:27	59.91	--	6	35946	卖盘
09:50:21	59.91	-0.08	70	419370	卖盘
09:50:15	59.99	--	3	17997	卖盘
09:50:09	59.99	--	2	11998	卖盘
09:50:06	59.99	--	2	11998	卖盘
09:50:03	59.99	0.06	62	371938	买盘
09:50:00	59.93	0.01	1	5993	买盘
09:49:57	59.92	-0.05	10	59920	卖盘
09:49:45	59.97	0.04	5	29985	买盘
09:49:42	59.93	--	8	47944	买盘
09:49:39	59.93	-0.06	6	35958	中性盘
09:48:54	59.99	-0.01	88	527912	卖盘
09:48:51	60.0	0.01	10	60000	买盘
09:48:39	59.99	--	2	11998	卖盘
09:48:36	59.99	0.06	5	29995	卖盘
09:48:30	59.93	0.03	4	23972	中性盘
09:48:21	59.9	--	40	239600	卖盘
09:48:18	59.9	--	11	65890	卖盘
09:48:15	59.9	0.01	1	5990	卖盘
09:48:06	59.89	--	4	23956	卖盘
09:48:03	59.89	--	14	83846	买盘
09:48:00	59.89	0.02	18	107802	买盘
09:47:57	59.87	-0.01	16	95792	卖盘
09:47:54	59.88	0.01	1	5988	中性盘
09:47:51	59.87	--	3	17961	卖盘
09:47:48	59.87	-0.02	5	29935	卖盘
09:47:45	59.89	-0.01	11	65879	卖盘
09:47:36	59.9	0.02	1	5990	中性盘
09:47:33	59.88	-0.01	66	395208	卖盘
09:47:27	59.89	--	15	89835	卖盘
09:47:24	59.89	0.01	31	185659	卖盘
09:47:12	59.88	-0.04	2	11976	中性盘
09:46:57	59.92	--	5	29960	买盘
09:46:54	59.92	0.04	1	5992	买盘
09:46:51	59.88	-0.02	4	23952	卖盘
09:46:48	59.9	-0.02	2	11980	卖盘
09:46:42	59.92	--	21	125832	卖盘
09:46:30	59.92	-0.02	5	29960	卖盘
09:46:27	59.94	-0.06	1	5994	卖盘
09:46:15	60.0	--	54	328560	卖盘
09:46:09	60.0	-0.04	20	120000	卖盘
09:46:06	60.04	0.03	13	78052	买盘
09:46:00	60.01	-0.03	131	786131	卖盘
09:45:57	60.04	--	8	48032	卖盘
09:45:45	60.04	-0.01	2	12008	卖盘
09:45:33	60.05	--	4	24020	卖盘
09:45:27	60.05	--	1	6005	卖盘
09:45:18	60.05	-0.02	5	30025	卖盘
09:45:15	60.07	0.03	2	12014	卖盘
09:45:09	60.04	-0.03	5	30020	卖盘
09:45:03	60.07	--	5	30035	买盘
09:45:00	60.07	--	26	156182	买盘
09:44:57	60.07	0.02	2	12014	买盘
09:44:48	60.05	-0.02	5	30025	卖盘
09:44:45	60.07	--	18	108126	卖盘
09:44:24	60.07	0.02	8	48056	买盘
09:44:21	60.05	--	6	36030	买盘
09:44:18	60.05	-0.02	22	132110	卖盘
09:44:12	60.07	-0.01	3	18021	买盘
09:44:03	60.08	0.03	15	90120	买盘
09:43:57	60.05	--	3	18015	卖盘
09:43:48	60.05	--	8	48040	买盘
09:43:39	60.05	-0.05	2	12010	中性盘
09:43:18	60.1	--	124	745240	买盘
09:43:03	60.1	--	9	54090	卖盘
09:43:00	60.1	-0.01	12	72120	卖盘
09:42:57	60.11	--	6	36066	中性盘
09:42:42	60.11	--	11	66121	卖盘
09:42:39	60.11	-0.01	12	72132	卖盘
09:42:27	60.12	--	14	84168	卖盘
09:42:18	60.12	-0.03	14	84168	卖盘
09:42:12	60.15	0.03	2	12030	买盘
09:42:09	60.12	-0.01	10	60120	卖盘
09:41:57	60.13	0.01	1	6013	买盘
09:41:51	60.12	0.07	32	192384	买盘
09:41:45	60.05	-0.06	1	6005	中性盘
09:41:36	60.11	0.08	10	60110	买盘
09:41:33	60.03	--	58	348174	卖盘
09:41:27	60.03	-0.02	10	60030	卖盘
09:41:24	60.05	-0.06	11	66055	卖盘
09:41:21	60.11	0.09	1	6011	买盘
09:41:12	60.02	--	20	120040	卖盘
09:41:06	60.02	-0.03	30	180060	卖盘
09:40:54	60.05	0.03	5	30025	中性盘
09:40:51	60.02	0.01	1	6002	中性盘
09:40:48	60.01	--	23	138023	卖盘
09:40:42	60.01	-0.11	13	78013	卖盘
09:40:33	60.12	0.11	5	30060	中性盘
09:40:24	60.01	-0.12	50	300050	卖盘
09:40:21	60.13	--	5	30065	卖盘
09:40:18	60.13	0.01	3	19482	买盘
09:40:12	60.12	-0.01	25	150300	卖盘
09:40:09	60.13	--	2	12026	买盘
09:40:03	60.13	-0.05	2	16595	卖盘
09:39:54	60.18	--	4	24072	买盘
09:39:48	60.18	0.05	1	6018	买盘
09:39:45	60.13	-0.05	22	133729	卖盘
09:39:39	60.18	0.03	3	18054	买盘
09:39:36	60.15	-0.12	2	12030	中性盘
09:39:27	60.27	0.02	38	229026	买盘
09:39:24	60.25	-0.03	3	18075	中性盘
09:39:09	60.28	0.17	3	18084	买盘
09:39:00	60.11	-0.17	18	108198	卖盘
09:38:54	60.28	--	3	18084	买盘
09:38:48	60.28	--	9	54252	买盘
09:38:45	60.28	--	15	95001	卖盘
09:38:39	60.28	--	9	54252	卖盘
09:38:33	60.28	--	3	18084	卖盘
09:38:30	60.28	0.18	32	194342	买盘
09:38:27	60.1	--	5	30050	买盘
09:38:24	60.1	-0.18	29	178857	卖盘
09:38:09	60.28	-0.01	28	168784	卖盘
09:38:00	60.29	-0.01	1	6029	卖盘
09:37:54	60.3	0.01	16	96480	买盘
09:37:51	60.29	--	3	18087	卖盘
09:37:48	60.29	-0.08	25	150725	卖盘
09:37:39	60.37	0.07	3	18111	买盘
09:37:27	60.3	-0.07	4	24120	卖盘
09:37:24	60.37	0.07	4	24148	中性盘
09:37:21	60.3	--	1	6030	卖盘
09:37:18	60.3	--	6	36180	买盘
09:37:12	60.3	--	3	18090	买盘
09:37:09	60.3	--	43	259290	买盘
09:37:06	60.3	--	1	6030	买盘
09:37:00	60.3	-0.13	65	391950	卖盘
09:36:57	60.43	0.03	3	18129	买盘
09:36:54	60.4	-0.04	10	60400	中性盘
09:36:42	60.44	0.01	3	18132	买盘
09:36:39	60.43	-0.01	2	12086	卖盘
09:36:36	60.44	-0.01	7	42308	卖盘
09:36:27	60.45	0.01	9	54405	买盘
09:36:24	60.44	-0.03	34	205496	卖盘
09:36:21	60.47	--	16	96752	卖盘
09:36:18	60.47	0.02	25	151175	中性盘
09:36:15	60.45	0.01	34	205530	买盘
09:36:12	60.44	0.01	3	18132	卖盘
09:36:09	60.43	0.06	30	181290	买盘
09:36:03	60.37	-0.08	1	6037	中性盘
09:35:57	60.45	0.08	2	12090	买盘
09:35:54	60.37	-0.08	88	531256	卖盘
09:35:51	60.45	0.08	2	12090	中性盘
09:35:39	60.37	--	1	6037	卖盘
09:35:36	60.37	-0.11	3	18111	中性盘
09:35:33	60.48	0.11	50	302400	买盘
09:35:30	60.37	0.01	5	30185	买盘
09:35:27	60.36	-0.01	2	12072	卖盘
09:35:24	60.37	-0.08	3	18111	买盘
09:35:21	60.45	0.09	3	18135	买盘
09:35:18	60.36	-0.04	5	30180	卖盘
09:35:15	60.4	0.02	1	6040	卖盘
09:35:12	60.38	0.01	2	12076	买盘
09:35:09	60.37	0.01	2	12074	买盘
09:35:03	60.36	--	1	6036	卖盘
09:35:00	60.36	-0.01	1	6036	卖盘
09:34:57	60.37	0.01	3	18111	买盘
09:34:54	60.36	0.01	2	12072	买盘
09:34:51	60.35	--	1	6035	卖盘
09:34:45	60.35	0.05	1	6035	买盘
09:34:36	60.3	--	1	6030	卖盘
09:34:33	60.3	--	1	6030	买盘
09:34:30	60.3	--	10	60300	买盘
09:34:18	60.3	0.02	3	18090	买盘
09:34:12	60.28	--	1	6028	卖盘
09:34:09	60.28	--	39	235092	卖盘
09:34:06	60.28	--	6	36168	买盘
09:34:03	60.28	0.01	8	48224	买盘
09:33:54	60.27	-0.01	1	6027	中性盘
09:33:48	60.28	0.07	3	18084	买盘
09:33:39	60.21	-0.06	5	30105	卖盘
09:33:33	60.27	--	4	24108	买盘
09:33:30	60.27	--	2	12054	买盘
09:33:27	60.27	--	1	6027	买盘
09:33:21	60.27	-0.01	2	12054	买盘
09:33:03	60.28	0.07	7	42196	买盘
09:33:00	60.21	-0.04	11	67676	卖盘
09:32:54	60.25	-0.03	3	18075	买盘
09:32:51	60.28	0.07	49	295372	买盘
09:32:42	60.21	-0.04	2	12042	卖盘
09:32:39	60.25	-0.01	3	18075	中性盘
09:32:30	60.26	--	20	120520	买盘
09:32:27	60.26	--	1	6026	买盘
09:32:24	60.26	0.05	3	18078	中性盘
09:32:18	60.21	--	31	186651	卖盘
09:32:15	60.21	0.01	3	18063	买盘
09:32:12	60.2	-0.01	9	54180	卖盘
09:32:09	60.21	--	3	18063	买盘
09:32:06	60.21	--	25	150525	买盘
09:31:57	60.21	-0.07	15	90315	卖盘
09:31:54	60.28	0.07	20	120560	买盘
09:31:42	60.21	-0.06	2	12042	卖盘
09:31:39	60.27	--	4	24108	买盘
09:31:36	60.27	0.06	2	12054	买盘
09:31:30	60.21	-0.06	6	36126	卖盘
09:31:27	60.27	0.07	2	12054	买盘
09:31:18	60.2	-0.07	12	72240	卖盘
09:31:15	60.27	0.07	3	18081	买盘
09:31:12	60.2	--	23	138460	买盘
09:31:09	60.2	--	2	12040	买盘
09:31:03	60.2	--	5	30100	买盘
09:31:00	60.2	-0.08	6	36120	中性盘
09:30:54	60.28	0.08	5	30140	买盘
09:30:48	60.2	-0.08	6	36120	卖盘
09:30:42	60.28	0.08	3	18084	中性盘
09:30:39	60.2	--	6	36120	卖盘
09:30:30	60.2	0.07	6	36120	买盘
09:30:27	60.13	--	2	12026	买盘
09:30:18	60.13	--	3	18039	买盘
09:30:15	60.13	0.08	1	6013	买盘
09:30:06	60.05	-0.06	64	384320	卖盘
09:30:03	60.11	-0.02	6	36066	卖盘
09:25:03	60.13	60.13	22	132286	买盘
