成交时间	成交价	价格变动	成交量(手)	成交额(元)	性质
15:00:03	20.26	-0.04	760	1539760	卖盘
14:57:03	20.3	--	0	0	买盘
14:57:00	20.3	--	45	91350	买盘
14:56:57	20.3	--	1	2030	买盘
14:56:54	20.3	--	10	20300	买盘
14:56:51	20.3	-0.01	77	156310	卖盘
14:56:48	20.31	--	10	20310	买盘
14:56:45	20.31	--	20	40620	买盘
14:56:42	20.31	--	8	16247	买盘
14:56:39	20.31	--	6	12186	买盘
14:56:36	20.31	--	46	93426	买盘
14:56:33	20.31	--	9	18279	买盘
14:56:30	20.31	--	2	4061	买盘
14:56:24	20.31	0.01	17	34527	买盘
14:56:21	20.3	-0.02	35	71050	卖盘
14:56:18	20.32	--	20	40640	买盘
14:56:12	20.32	--	13	26416	买盘
14:56:09	20.32	-0.01	5	10160	买盘
14:56:06	20.33	-0.02	10	20330	卖盘
14:56:03	20.35	0.04	1	2035	买盘
14:55:57	20.31	-0.04	40	81240	卖盘
14:55:54	20.35	0.04	8	16280	买盘
14:55:36	20.31	--	2	4061	卖盘
14:55:27	20.31	0.01	9	18279	买盘
14:55:24	20.3	-0.01	10	20300	卖盘
14:55:21	20.31	--	4	8123	买盘
14:55:12	20.31	--	8	16247	买盘
14:55:09	20.31	-0.07	57	115766	卖盘
14:55:06	20.38	0.02	6	12228	买盘
14:55:03	20.36	--	7	14252	买盘
14:55:00	20.36	0.01	6	12216	买盘
14:54:57	20.35	--	9	18315	卖盘
14:54:54	20.35	--	3	6105	卖盘
14:54:39	20.35	-0.01	75	152625	卖盘
14:54:33	20.36	-0.02	51	103836	卖盘
14:54:24	20.38	-0.01	25	50950	卖盘
14:54:18	20.39	--	2	4078	卖盘
14:54:15	20.39	--	25	50975	卖盘
14:54:06	20.39	-0.01	58	118262	卖盘
14:54:00	20.4	0.01	20	40800	中性盘
14:53:48	20.39	-0.04	50	101950	卖盘
14:53:45	20.43	0.03	30	61290	买盘
14:53:39	20.4	--	1	2039	买盘
14:53:30	20.4	-0.02	75	153000	卖盘
14:53:24	20.42	0.01	7	14294	买盘
14:53:18	20.41	-0.01	2	4082	卖盘
14:53:06	20.42	--	12	24504	卖盘
14:53:03	20.42	--	5	10210	卖盘
14:52:48	20.42	-0.01	7	14294	卖盘
14:52:36	20.43	--	10	20430	买盘
14:52:18	20.43	-0.02	70	143010	中性盘
14:51:51	20.45	0.04	3	6135	买盘
14:51:27	20.41	-0.05	5	10205	卖盘
14:51:03	20.46	0.05	15	30690	中性盘
14:50:45	20.41	-0.04	29	59189	卖盘
14:50:33	20.45	-0.03	44	89980	卖盘
14:50:30	20.48	0.03	12	24576	买盘
14:50:15	20.45	--	3	6135	卖盘
14:50:03	20.45	--	7	14315	买盘
14:49:51	20.45	--	1	2045	买盘
14:49:36	20.45	--	22	44990	买盘
14:49:24	20.45	0.05	5	10225	买盘
14:49:03	20.4	--	31	63239	卖盘
14:48:57	20.4	-0.05	63	128519	卖盘
14:48:48	20.45	-0.04	5	10225	中性盘
14:47:36	20.49	0.1	14	28685	买盘
14:47:24	20.39	0.03	1	2039	中性盘
14:47:03	20.36	-0.02	42	85512	卖盘
14:46:51	20.38	--	20	40760	卖盘
14:46:36	20.38	-0.07	700	1426600	卖盘
14:46:21	20.45	0.01	68	139060	买盘
14:46:18	20.44	--	32	65408	卖盘
14:45:45	20.44	--	10	20440	买盘
14:45:42	20.44	--	7	14308	买盘
14:45:30	20.44	-0.01	14	28616	卖盘
14:45:27	20.45	--	14	28630	买盘
14:45:18	20.45	--	1	2045	买盘
14:45:12	20.45	-0.01	46	94070	卖盘
14:45:03	20.46	--	5	10230	卖盘
14:44:24	20.46	-0.04	10	20460	卖盘
14:44:09	20.5	--	2	4100	卖盘
14:43:48	20.5	--	3	6150	买盘
14:43:06	20.5	-0.02	2	4100	卖盘
14:43:00	20.52	0.02	24	49248	买盘
14:42:45	20.5	-0.02	1	2050	卖盘
14:42:39	20.52	0.02	10	20520	买盘
14:42:30	20.5	--	2	4100	中性盘
14:42:18	20.5	--	3	6150	卖盘
14:41:33	20.5	--	47	96350	买盘
14:41:12	20.5	--	5	10250	买盘
14:41:03	20.5	0.01	10	20500	买盘
14:40:33	20.49	0.04	5	10245	买盘
14:40:18	20.45	0.01	3	6135	中性盘
14:39:42	20.44	-0.02	62	126728	卖盘
14:39:15	20.46	-0.04	100	204600	卖盘
14:39:06	20.5	0.02	5	10250	买盘
14:38:54	20.48	--	10	20480	中性盘
14:38:27	20.48	--	3	6144	卖盘
14:38:18	20.48	-0.01	12	24576	卖盘
14:38:03	20.49	--	22	45078	卖盘
14:37:33	20.49	--	2	4098	卖盘
14:37:30	20.49	-0.01	53	108596	卖盘
14:37:24	20.5	--	5	10250	买盘
14:37:18	20.5	--	5	10250	卖盘
14:37:15	20.5	--	21	43050	卖盘
14:37:00	20.5	-0.02	30	61500	卖盘
14:36:00	20.52	--	1	2052	卖盘
14:35:30	20.52	--	1	2052	买盘
14:35:24	20.52	0.03	5	10260	买盘
14:35:09	20.49	--	5	10245	卖盘
14:35:03	20.49	-0.03	1	2049	卖盘
14:35:00	20.52	0.04	1	2052	买盘
14:33:51	20.48	0.01	1	2048	中性盘
14:33:27	20.47	--	5	10235	卖盘
14:33:06	20.47	-0.03	50	102350	卖盘
14:32:33	20.5	0.01	2	4100	买盘
14:32:21	20.49	--	10	20490	卖盘
14:32:15	20.49	--	67	137283	卖盘
14:32:12	20.49	0.01	27	55322	买盘
14:32:06	20.48	--	1	2048	卖盘
14:32:00	20.48	--	5	10240	卖盘
14:31:57	20.48	-0.01	20	40960	卖盘
14:31:45	20.49	-0.02	23	47127	卖盘
14:31:27	20.51	--	20	41020	买盘
14:31:18	20.51	-0.01	2	4102	卖盘
14:31:03	20.52	-0.02	30	61560	卖盘
14:30:39	20.54	--	1	2054	卖盘
14:30:27	20.54	-0.01	21	43134	卖盘
14:30:06	20.55	--	1	2055	卖盘
14:30:00	20.55	--	32	65760	卖盘
14:29:57	20.55	--	105	215775	卖盘
14:29:51	20.55	--	52	106860	卖盘
14:29:48	20.55	--	14	28770	买盘
14:29:45	20.55	--	23	47265	买盘
14:29:39	20.55	--	5	10275	买盘
14:29:36	20.55	-0.01	4	8220	卖盘
14:29:33	20.56	--	5	10280	买盘
14:29:24	20.56	0.01	2	4112	买盘
14:29:15	20.55	--	10	20550	卖盘
14:29:03	20.55	-0.01	2	4110	卖盘
14:28:39	20.56	0.01	4	8224	买盘
14:28:15	20.55	--	10	20550	卖盘
14:28:03	20.55	-0.01	10	20550	卖盘
14:27:54	20.56	--	18	37008	买盘
14:27:45	20.56	--	1	2056	中性盘
14:27:39	20.56	--	1	2056	卖盘
14:27:24	20.56	0.01	4	8224	中性盘
14:26:18	20.55	-0.02	37	76035	卖盘
14:26:09	20.57	--	2	4114	买盘
14:25:42	20.57	--	16	32912	卖盘
14:25:39	20.57	--	2	4114	卖盘
14:25:21	20.57	-0.01	7	14399	卖盘
14:25:12	20.58	0.01	3	6173	买盘
14:25:06	20.57	-0.02	5	10285	卖盘
14:24:24	20.59	--	1	2059	买盘
14:23:54	20.59	--	5	10295	买盘
14:23:09	20.59	--	21	43239	卖盘
14:22:54	20.59	--	30	61770	卖盘
14:22:51	20.59	--	4	8236	卖盘
14:22:42	20.59	--	10	20590	卖盘
14:22:36	20.59	--	5	10295	卖盘
14:22:33	20.59	--	13	26767	卖盘
14:22:09	20.59	--	10	20590	卖盘
14:21:39	20.59	-0.01	14	28826	卖盘
14:21:30	20.6	0.01	15	30900	买盘
14:21:12	20.59	--	6	12354	卖盘
14:21:03	20.59	--	10	20590	卖盘
14:20:42	20.59	--	109	224431	卖盘
14:20:39	20.59	-0.01	9	18531	卖盘
14:20:21	20.6	--	34	70040	买盘
14:20:12	20.6	--	100	206000	买盘
14:19:33	20.6	0.01	7	14420	买盘
14:19:03	20.59	--	7	14413	买盘
14:18:54	20.59	0.02	31	63829	买盘
14:17:54	20.57	0.07	10	20570	买盘
14:17:12	20.5	--	3	6150	卖盘
14:17:09	20.5	--	1	2050	卖盘
14:16:54	20.5	--	37	75850	买盘
14:16:39	20.5	--	5	10250	买盘
14:16:36	20.5	--	42	86100	买盘
14:16:27	20.5	0.02	20	41000	买盘
14:16:21	20.48	-0.02	10	20480	卖盘
14:16:18	20.5	0.01	52	106600	买盘
14:16:15	20.49	0.01	2	4098	买盘
14:15:54	20.48	--	26	53248	买盘
14:15:39	20.48	--	1	2048	买盘
14:15:24	20.48	--	1	2048	卖盘
14:15:21	20.48	0.02	4	8192	买盘
14:15:18	20.46	-0.01	64	130944	卖盘
14:15:15	20.47	-0.01	4	8188	卖盘
14:15:09	20.48	0.01	6	12288	买盘
14:14:39	20.47	--	24	49128	买盘
14:14:21	20.47	--	3	6141	买盘
14:14:12	20.47	-0.01	51	104397	卖盘
14:14:06	20.48	--	1	2048	买盘
14:14:00	20.48	--	13	26624	中性盘
14:13:30	20.48	--	1	2048	买盘
14:13:18	20.48	--	5	10240	买盘
14:13:12	20.48	--	5	10240	买盘
14:12:42	20.48	--	1	2048	买盘
14:12:36	20.48	--	1	2048	买盘
14:12:27	20.48	0.01	5	10240	买盘
14:12:24	20.47	--	50	102350	卖盘
14:12:18	20.47	--	3	6141	卖盘
14:12:06	20.47	--	21	42987	买盘
14:11:15	20.47	-0.01	18	36846	卖盘
14:11:12	20.48	0.01	5	10240	买盘
14:11:09	20.47	--	5	10235	卖盘
14:10:51	20.47	--	7	14329	买盘
14:10:00	20.47	0.01	45	92115	买盘
14:09:57	20.46	--	22	45012	卖盘
14:09:42	20.46	--	10	20460	卖盘
14:09:18	20.46	-0.01	5	10230	卖盘
14:09:06	20.47	--	15	30705	买盘
14:09:03	20.47	--	5	10235	买盘
14:09:00	20.47	-0.01	1	2047	卖盘
14:08:57	20.48	--	10	20480	买盘
14:08:54	20.48	--	1	2048	买盘
14:08:48	20.48	--	27	55296	买盘
14:08:36	20.48	0.02	7	14336	买盘
14:07:51	20.46	--	2	4092	卖盘
14:07:30	20.46	-0.01	10	20460	卖盘
14:07:27	20.47	-0.01	5	10235	卖盘
14:07:24	20.48	--	5	10240	买盘
14:07:15	20.48	--	5	10240	买盘
14:07:03	20.48	--	3	6144	买盘
14:06:39	20.48	--	5	10240	买盘
14:06:36	20.48	--	17	34816	买盘
14:06:18	20.48	-0.01	4	8192	卖盘
14:06:12	20.49	--	21	43029	买盘
14:06:06	20.49	-0.01	55	112694	卖盘
14:06:03	20.5	0.01	2	4100	买盘
14:06:00	20.49	-0.01	3	6146	卖盘
14:05:51	20.5	0.01	50	102500	买盘
14:05:45	20.49	-0.01	5	10245	卖盘
14:05:24	20.5	-0.04	311	637550	卖盘
14:05:21	20.54	0.01	5	10270	买盘
14:05:12	20.53	-0.01	10	20530	卖盘
14:05:09	20.54	0.01	8	16432	买盘
14:05:03	20.53	--	9	18477	卖盘
14:04:45	20.53	-0.01	1	2053	卖盘
14:04:15	20.54	--	13	26702	买盘
14:04:03	20.54	-0.02	5	10270	卖盘
14:03:27	20.56	0.03	7	14392	买盘
14:03:24	20.53	-0.03	12	24636	卖盘
14:02:57	20.56	--	8	16448	买盘
14:02:36	20.56	--	6	12336	买盘
14:02:27	20.56	--	1	2056	买盘
14:02:09	20.56	--	4	8224	卖盘
14:02:06	20.56	--	5	10280	卖盘
14:01:57	20.56	--	5	10280	卖盘
14:01:36	20.56	-0.01	8	16448	卖盘
14:00:33	20.57	--	10	20570	卖盘
14:00:24	20.57	--	13	26741	卖盘
14:00:18	20.57	--	3	6171	卖盘
14:00:09	20.57	-0.01	64	131648	卖盘
14:00:03	20.58	--	4	8232	卖盘
14:00:00	20.58	--	1	2058	卖盘
13:59:33	20.58	--	9	18522	卖盘
13:59:09	20.58	-0.01	1	2058	卖盘
13:59:00	20.59	--	2	4118	买盘
13:58:42	20.59	--	4	8236	卖盘
13:58:30	20.59	--	4	8236	卖盘
13:57:21	20.59	-0.01	12	24708	中性盘
13:56:51	20.6	0.01	20	41200	买盘
13:56:39	20.59	0.01	3	6177	中性盘
13:56:09	20.58	0.01	15	30869	中性盘
13:55:06	20.57	--	2	4114	卖盘
13:54:00	20.57	--	1	2057	卖盘
13:53:51	20.57	-0.02	2	4114	卖盘
13:53:48	20.59	0.02	5	10295	买盘
13:53:21	20.57	0.01	3	6171	中性盘
13:52:54	20.56	-0.01	10	20560	卖盘
13:52:45	20.57	0.01	3	6171	买盘
13:52:12	20.56	0.03	41	84296	买盘
13:52:03	20.53	-0.03	5	10265	卖盘
13:52:00	20.56	0.04	23	47288	买盘
13:51:57	20.52	--	1	2052	卖盘
13:51:51	20.52	--	1	2052	买盘
13:51:48	20.52	--	30	61560	买盘
13:51:45	20.52	--	19	38988	买盘
13:51:42	20.52	--	20	41040	买盘
13:51:39	20.52	--	20	41040	买盘
13:51:33	20.52	--	29	59508	买盘
13:51:27	20.52	--	10	20520	买盘
13:51:24	20.52	--	48	98496	买盘
13:51:15	20.52	--	20	41040	买盘
13:51:09	20.52	--	6	12312	买盘
13:50:54	20.52	--	27	55404	买盘
13:50:39	20.52	--	10	20520	买盘
13:50:33	20.52	--	35	71820	卖盘
13:50:09	20.52	--	1	2052	卖盘
13:50:03	20.52	--	9	18468	买盘
13:49:51	20.52	--	3	6156	买盘
13:49:39	20.52	--	8	16416	买盘
13:49:36	20.52	--	10	20520	买盘
13:49:27	20.52	--	4	8208	买盘
13:49:24	20.52	--	10	20520	买盘
13:49:21	20.52	-0.03	165	338580	卖盘
13:48:57	20.55	--	10	20550	买盘
13:48:42	20.55	--	25	51375	卖盘
13:47:45	20.55	-0.01	5	10275	卖盘
13:47:27	20.56	--	1	2056	卖盘
13:47:21	20.56	--	1	2056	卖盘
13:46:57	20.56	0.03	11	22616	中性盘
13:45:12	20.53	-0.09	500	1026500	卖盘
13:43:54	20.62	--	16	32992	卖盘
13:43:48	20.62	--	27	55674	买盘
13:43:36	20.62	0.02	10	20620	买盘
13:43:33	20.6	-0.02	5	10300	中性盘
13:42:15	20.62	0.07	5	10310	买盘
13:42:12	20.55	--	4	8220	卖盘
13:42:06	20.55	--	17	34935	卖盘
13:41:57	20.55	--	10	20550	卖盘
13:41:18	20.55	--	8	16440	买盘
13:41:00	20.55	--	6	12330	卖盘
13:40:54	20.55	--	3	6165	卖盘
13:40:45	20.55	-0.07	2	4110	卖盘
13:40:39	20.62	--	10	20620	买盘
13:39:03	20.62	0.09	1	2062	买盘
13:38:39	20.53	0.02	20	41060	中性盘
13:36:42	20.51	0.01	5	10255	中性盘
13:36:33	20.5	--	51	104550	卖盘
13:36:24	20.5	--	32	65600	卖盘
13:35:57	20.5	-0.08	300	615000	卖盘
13:35:33	20.58	0.01	1	2058	买盘
13:34:09	20.57	--	45	92565	卖盘
13:34:03	20.57	-0.01	3	6171	卖盘
13:33:39	20.58	--	10	20580	买盘
13:33:06	20.58	--	2	4116	买盘
13:33:00	20.58	-0.05	50	102899	卖盘
13:32:30	20.63	--	1	2063	买盘
13:31:51	20.63	0.06	20	41260	买盘
13:31:03	20.57	-0.06	14	28798	卖盘
13:31:00	20.63	--	9	18567	买盘
13:30:33	20.63	--	20	41260	买盘
13:30:00	20.63	0.04	3	6189	买盘
13:29:42	20.59	0.03	3	6177	中性盘
13:28:27	20.56	--	3	6168	卖盘
13:28:15	20.56	--	8	16448	买盘
13:28:12	20.56	0.01	1	2056	买盘
13:28:06	20.55	-0.01	29	59595	卖盘
13:27:57	20.56	--	10	20560	买盘
13:27:36	20.56	0.01	1	2056	中性盘
13:27:27	20.55	--	42	86310	卖盘
13:26:45	20.55	-0.01	37	76035	卖盘
13:26:39	20.56	--	16	32896	卖盘
13:26:30	20.56	-0.08	80	164480	卖盘
13:26:21	20.64	-0.04	1	2064	卖盘
13:25:54	20.68	0.04	2	4136	买盘
13:25:33	20.64	-0.04	6	12384	卖盘
13:25:27	20.68	--	9	18612	买盘
13:23:45	20.68	0.03	38	78584	买盘
13:23:21	20.65	-0.03	1	2065	中性盘
13:22:45	20.68	--	3	6204	买盘
13:22:39	20.68	--	2	4136	买盘
13:22:09	20.68	0.07	8	16544	买盘
13:21:48	20.61	-0.07	14	28854	卖盘
13:21:27	20.68	--	3	6204	买盘
13:21:18	20.68	-0.02	6	12408	中性盘
13:20:27	20.7	0.01	10	20700	买盘
13:20:18	20.69	--	11	22759	卖盘
13:20:15	20.69	-0.01	10	20690	卖盘
13:20:12	20.7	0.01	11	22770	买盘
13:20:00	20.69	--	20	41380	卖盘
13:19:54	20.69	-0.01	20	41380	卖盘
13:19:51	20.7	--	6	12420	买盘
13:19:45	20.7	--	3	6210	买盘
13:19:42	20.7	--	4	8280	买盘
13:19:39	20.7	--	6	12420	买盘
13:19:18	20.7	0.01	39	80730	买盘
13:18:45	20.69	0.01	72	148968	买盘
13:18:24	20.68	--	3	6204	买盘
13:18:09	20.68	0.08	10	20680	买盘
13:16:54	20.6	-0.09	18	37080	中性盘
13:16:39	20.69	0.02	200	413800	买盘
13:14:21	20.67	0.13	8	16536	买盘
13:13:57	20.54	--	36	73944	买盘
13:13:54	20.54	--	55	112970	买盘
13:13:45	20.54	--	16	32864	买盘
13:13:36	20.54	--	19	39026	买盘
13:13:27	20.54	-0.13	174	357396	卖盘
13:13:12	20.67	0.01	6	12402	买盘
13:13:03	20.66	0.01	10	20660	买盘
13:13:00	20.65	--	2	4130	卖盘
13:12:54	20.65	--	10	20650	卖盘
13:12:51	20.65	--	3	6195	卖盘
13:12:21	20.65	0.03	15	30974	中性盘
13:12:00	20.62	--	7	14434	买盘
13:11:45	20.62	0.02	15	30930	买盘
13:11:30	20.6	0.02	40	82400	买盘
13:11:21	20.58	0.02	30	61739	买盘
13:11:00	20.56	--	34	69904	买盘
13:10:42	20.56	--	65	133640	卖盘
13:10:27	20.56	--	2	4112	买盘
13:10:21	20.56	0.01	10	20560	买盘
13:10:15	20.55	--	5	10275	卖盘
13:10:09	20.55	-0.01	4	8220	卖盘
13:09:42	20.56	0.01	3	6168	买盘
13:09:21	20.55	0.01	40	82200	买盘
13:08:57	20.54	--	6	12324	卖盘
13:08:39	20.54	--	30	61620	卖盘
13:08:24	20.54	--	10	20540	卖盘
13:08:18	20.54	-0.01	12	24648	卖盘
13:08:06	20.55	--	3	6165	卖盘
13:08:00	20.55	--	2	4110	卖盘
13:07:42	20.55	--	32	65760	卖盘
13:07:18	20.55	--	5	10275	卖盘
13:06:06	20.55	--	3	6165	卖盘
13:05:00	20.55	--	5	10275	买盘
13:03:51	20.55	--	10	20550	买盘
13:03:39	20.55	--	5	10275	卖盘
13:01:57	20.55	--	2	4110	买盘
13:01:45	20.55	--	18	36990	卖盘
13:01:15	20.55	-0.01	30	61650	卖盘
13:01:03	20.56	--	2	4112	买盘
13:00:54	20.56	0.01	1	2056	买盘
13:00:39	20.55	--	1	2055	买盘
13:00:06	20.55	0.03	31	63705	中性盘
13:00:03	20.52	-0.03	21	43092	卖盘
11:30:03	20.55	--	0	0	买盘
11:28:39	20.55	--	15	30825	买盘
11:28:18	20.55	0.03	5	10275	中性盘
11:27:27	20.52	--	13	26676	卖盘
11:27:24	20.52	--	4	8208	卖盘
11:27:15	20.52	-0.01	33	67716	卖盘
11:26:57	20.53	--	5	10265	买盘
11:26:45	20.53	0.01	15	30795	中性盘
11:25:57	20.52	-0.01	3	6156	卖盘
11:25:45	20.53	--	2	4106	买盘
11:25:36	20.53	-0.06	20	41060	卖盘
11:24:54	20.59	0.02	3	6177	买盘
11:24:51	20.57	0.06	2	4114	中性盘
11:23:48	20.51	-0.11	4	8204	卖盘
11:23:21	20.62	0.12	7	14434	中性盘
11:22:33	20.5	-0.1	300	615000	卖盘
11:22:30	20.6	--	10	20600	卖盘
11:22:00	20.6	--	1	2060	卖盘
11:21:57	20.6	-0.01	4	8240	卖盘
11:21:51	20.61	0.01	4	8244	买盘
11:21:33	20.6	--	1	2060	卖盘
11:21:24	20.6	--	4	8240	卖盘
11:21:00	20.6	-0.01	10	20600	卖盘
11:20:39	20.61	--	6	12366	卖盘
11:20:33	20.61	--	5	10305	卖盘
11:20:15	20.61	-0.02	5	10305	卖盘
11:19:57	20.63	--	4	8252	卖盘
11:17:27	20.63	0.02	96	198048	买盘
11:16:36	20.61	--	4	8244	买盘
11:16:27	20.61	0.01	10	20610	买盘
11:16:06	20.6	-0.01	1	2060	卖盘
11:15:27	20.61	-0.02	10	20610	卖盘
11:14:09	20.63	0.03	3	6189	买盘
11:13:39	20.6	-0.02	1	2060	卖盘
11:13:24	20.62	-0.01	70	144340	卖盘
11:13:09	20.63	0.01	7	14441	买盘
11:11:42	20.62	0.02	5	10310	买盘
11:11:36	20.6	--	1	2060	卖盘
11:11:30	20.6	--	9	18540	卖盘
11:10:48	20.6	--	27	55620	卖盘
11:10:12	20.6	-0.02	5	10300	卖盘
11:10:00	20.62	--	1	2062	买盘
11:09:45	20.62	--	2	4124	卖盘
11:09:27	20.62	--	5	10310	卖盘
11:08:15	20.62	0.02	3	6186	中性盘
11:07:21	20.6	--	10	20600	卖盘
11:06:06	20.6	-0.03	2	4120	卖盘
11:05:18	20.63	--	50	103150	买盘
11:04:54	20.63	--	10	20630	买盘
11:04:27	20.63	--	27	55701	买盘
11:03:12	20.63	0.02	1	2063	中性盘
11:02:48	20.61	-0.02	6	12366	卖盘
11:02:03	20.63	-0.02	3	6189	卖盘
11:01:54	20.65	--	13	26844	卖盘
11:01:51	20.65	-0.02	3	6195	卖盘
11:01:06	20.67	--	4	8268	卖盘
11:01:00	20.67	--	1	2067	卖盘
11:00:42	20.67	--	8	16536	卖盘
11:00:15	20.67	--	5	10335	卖盘
11:00:06	20.67	--	1	2067	卖盘
11:00:03	20.67	--	25	51675	卖盘
10:59:30	20.67	-0.02	15	31005	卖盘
10:59:21	20.69	--	4	8276	中性盘
10:58:36	20.69	-0.01	15	31035	卖盘
10:58:03	20.7	--	3	6210	买盘
10:57:51	20.7	0.01	1	2070	买盘
10:57:45	20.69	--	15	31035	买盘
10:57:21	20.69	0.01	5	10345	买盘
10:57:03	20.68	--	4	8272	买盘
10:56:54	20.68	--	10	20680	买盘
10:56:36	20.68	--	3	6204	买盘
10:56:30	20.68	--	7	14476	买盘
10:56:27	20.68	0.01	1	2068	买盘
10:56:00	20.67	0.02	23	47541	买盘
10:54:57	20.65	--	10	20650	卖盘
10:54:45	20.65	--	2	4130	买盘
10:54:30	20.65	0.04	3	6195	买盘
10:54:24	20.61	-0.04	10	20610	卖盘
10:54:15	20.65	--	19	39235	买盘
10:54:12	20.65	--	3	6195	买盘
10:53:57	20.65	0.04	5	10325	买盘
10:52:36	20.61	0.01	1	2061	买盘
10:52:12	20.6	--	10	20600	卖盘
10:52:06	20.6	--	44	90701	买盘
10:51:48	20.6	0.02	26	53560	买盘
10:51:45	20.58	-0.01	40	82320	卖盘
10:51:42	20.59	0.01	5	10295	买盘
10:51:09	20.58	-0.01	4	8232	卖盘
10:50:45	20.59	--	4	8236	卖盘
10:50:21	20.59	-0.01	2	4118	卖盘
10:49:39	20.6	--	13	28778	卖盘
10:49:24	20.6	-0.01	10	20600	卖盘
10:49:03	20.61	--	1	2061	卖盘
10:48:48	20.61	0.01	49	100989	买盘
10:48:36	20.6	-0.01	3	6180	卖盘
10:48:15	20.61	0.01	3	6183	买盘
10:48:09	20.6	--	1	2060	卖盘
10:47:54	20.6	--	0	61	卖盘
10:47:42	20.6	-0.01	19	39140	卖盘
10:47:00	20.61	--	14	28854	卖盘
10:46:30	20.61	--	8	16488	卖盘
10:46:27	20.61	--	3	6183	卖盘
10:45:57	20.61	--	23	47403	卖盘
10:45:42	20.61	--	37	76257	卖盘
10:45:24	20.61	-0.01	46	94806	卖盘
10:45:15	20.62	-0.02	10	20620	卖盘
10:44:48	20.64	--	1	2064	买盘
10:44:42	20.64	0.01	5	10320	买盘
10:44:15	20.63	--	4	8252	卖盘
10:43:48	20.63	--	2	4126	买盘
10:43:45	20.63	-0.01	2	4126	卖盘
10:43:21	20.64	--	30	61920	买盘
10:43:06	20.64	--	1	2064	买盘
10:42:45	20.64	--	3	6192	买盘
10:42:27	20.64	--	4	8256	买盘
10:42:24	20.64	--	6	12384	卖盘
10:41:36	20.64	--	5	10320	卖盘
10:41:33	20.64	--	3	6192	卖盘
10:41:15	20.64	0.02	14	28896	买盘
10:41:06	20.62	-0.02	3	6186	卖盘
10:40:48	20.64	0.03	8	16512	买盘
10:40:06	20.61	--	28	57708	买盘
10:40:03	20.61	0.01	10	20610	买盘
10:39:42	20.6	--	12	24720	买盘
10:39:33	20.6	0.02	4	8240	买盘
10:39:21	20.58	-0.02	1	2058	卖盘
10:39:18	20.6	0.02	20	41200	买盘
10:39:09	20.58	0.01	2	4116	中性盘
10:38:54	20.57	-0.03	19	39083	卖盘
10:38:33	20.6	--	4	8240	买盘
10:38:15	20.6	-0.01	2	4120	买盘
10:37:45	20.61	0.01	13	26793	买盘
10:37:30	20.6	-0.01	24	49440	卖盘
10:37:15	20.61	0.01	14	28854	买盘
10:37:06	20.6	-0.01	5	10300	卖盘
10:36:45	20.61	-0.02	11	22671	卖盘
10:36:06	20.63	--	4	8252	买盘
10:36:00	20.63	--	6	12378	卖盘
10:35:42	20.63	--	1	2063	卖盘
10:35:15	20.63	--	3	6189	卖盘
10:35:09	20.63	0.01	5	10315	买盘
10:35:06	20.62	--	2	4124	卖盘
10:34:18	20.62	-0.02	2	4124	卖盘
10:34:12	20.64	0.02	7	14448	买盘
10:34:09	20.62	-0.02	6	12372	卖盘
10:34:06	20.64	0.01	6	12384	买盘
10:33:48	20.63	-0.02	8	16504	卖盘
10:33:39	20.65	--	13	26844	卖盘
10:33:36	20.65	--	5	10325	卖盘
10:33:33	20.65	--	12	24780	买盘
10:33:27	20.65	0.02	23	47495	买盘
10:33:24	20.63	-0.02	10	20630	卖盘
10:33:06	20.65	-0.01	26	53689	卖盘
10:33:00	20.66	--	21	43386	卖盘
10:32:57	20.66	-0.04	18	37188	卖盘
10:32:27	20.7	--	7	14490	卖盘
10:32:15	20.7	--	7	14490	卖盘
10:32:09	20.7	--	50	103500	卖盘
10:32:03	20.7	--	13	26910	卖盘
10:31:57	20.7	--	10	20700	卖盘
10:31:54	20.7	0.01	20	41400	买盘
10:31:33	20.69	-0.01	67	138623	卖盘
10:31:27	20.7	--	50	103500	买盘
10:31:18	20.7	0.01	5	10350	买盘
10:31:12	20.69	-0.01	10	20690	卖盘
10:31:00	20.7	0.01	14	28980	买盘
10:30:27	20.69	--	1	2069	卖盘
10:30:24	20.69	0.01	28	57932	买盘
10:30:09	20.68	--	2	4136	卖盘
10:29:54	20.68	--	2	4136	卖盘
10:29:36	20.68	-0.01	6	12408	卖盘
10:29:09	20.69	-0.01	19	39311	卖盘
10:28:57	20.7	--	10	20700	买盘
10:28:45	20.7	--	2	4140	买盘
10:28:42	20.7	--	20	41400	买盘
10:28:36	20.7	--	1	2070	买盘
10:28:33	20.7	--	12	24840	买盘
10:28:27	20.7	--	14	28980	买盘
10:28:24	20.7	0.01	5	10350	买盘
10:28:21	20.69	--	7	14483	中性盘
10:28:03	20.69	0.01	14	28966	买盘
10:27:45	20.68	--	53	109604	买盘
10:27:42	20.68	--	19	39292	买盘
10:27:33	20.68	--	2	4136	买盘
10:27:27	20.68	0.02	6	12408	买盘
10:27:12	20.66	--	11	22726	买盘
10:27:09	20.66	0.01	5	10330	买盘
10:26:51	20.65	0.01	38	78470	买盘
10:26:00	20.64	--	1	2064	买盘
10:25:54	20.64	--	9	18576	买盘
10:24:57	20.64	0.02	15	30960	买盘
10:24:54	20.62	--	10	20620	卖盘
10:24:30	20.62	-0.01	10	20620	卖盘
10:23:54	20.63	-0.01	7	14441	卖盘
10:23:30	20.64	--	5	10320	买盘
10:23:15	20.64	--	20	41280	买盘
10:22:54	20.64	-0.01	25	51600	中性盘
10:22:36	20.65	0.01	9	18585	买盘
10:22:27	20.64	--	7	14448	卖盘
10:22:21	20.64	-0.01	2	4128	卖盘
10:22:18	20.65	--	32	66080	买盘
10:22:09	20.65	0.01	20	41300	买盘
10:21:36	20.64	--	9	18576	卖盘
10:21:30	20.64	--	14	28896	买盘
10:21:09	20.64	0.02	20	41280	买盘
10:20:42	20.62	--	10	20620	卖盘
10:19:48	20.62	--	1	2062	中性盘
10:18:39	20.62	--	5	10310	卖盘
10:17:42	20.62	-0.03	5	10310	卖盘
10:17:30	20.65	--	8	16520	卖盘
10:17:12	20.65	-0.01	9	18585	卖盘
10:17:06	20.66	0.01	4	8264	买盘
10:17:03	20.65	--	11	22715	买盘
10:16:54	20.65	--	2	4130	买盘
10:16:33	20.65	--	9	18585	卖盘
10:16:12	20.65	0.03	41	84665	买盘
10:16:06	20.62	--	12	24744	卖盘
10:15:48	20.62	--	5	10310	卖盘
10:15:33	20.62	--	15	30930	卖盘
10:15:21	20.62	--	14	28868	卖盘
10:14:57	20.62	-0.03	15	30930	卖盘
10:14:36	20.65	--	1	2065	买盘
10:14:27	20.65	--	10	20650	买盘
10:14:15	20.65	0.04	53	109444	买盘
10:13:33	20.61	--	1	2061	卖盘
10:13:24	20.61	--	5	10305	卖盘
10:13:06	20.61	--	2	4122	卖盘
10:13:03	20.61	--	4	8244	卖盘
10:12:57	20.61	-0.03	1	2061	卖盘
10:12:51	20.64	0.03	1	2064	中性盘
10:11:42	20.61	--	10	20610	卖盘
10:11:36	20.61	--	1	2061	买盘
10:11:30	20.61	--	6	12366	买盘
10:11:15	20.61	--	13	26793	买盘
10:11:00	20.61	--	2	4122	买盘
10:10:21	20.61	--	2	4122	买盘
10:10:15	20.61	--	9	18549	买盘
10:10:00	20.61	-0.04	12	24732	卖盘
10:09:36	20.65	--	2	4130	买盘
10:09:27	20.65	0.06	4	8260	买盘
10:07:45	20.59	-0.06	31	63829	卖盘
10:07:36	20.65	0.04	5	10325	买盘
10:07:30	20.61	-0.04	52	107172	卖盘
10:07:03	20.65	--	9	18585	买盘
10:06:33	20.65	--	20	41300	卖盘
10:06:30	20.65	-0.01	27	55754	卖盘
10:06:27	20.66	0.01	2	4132	买盘
10:06:18	20.65	--	6	12390	卖盘
10:06:06	20.65	--	25	51625	买盘
10:06:03	20.65	--	9	18585	买盘
10:05:57	20.65	--	5	10325	买盘
10:05:12	20.65	--	8	16520	买盘
10:04:51	20.65	0.05	52	107379	买盘
10:04:42	20.6	--	11	22660	卖盘
10:04:39	20.6	--	5	10300	卖盘
10:04:36	20.6	--	10	20600	卖盘
10:04:27	20.6	-0.01	0	288	卖盘
10:04:15	20.61	-0.01	7	14427	卖盘
10:03:30	20.62	-0.02	2	4124	卖盘
10:03:12	20.64	--	1	2064	卖盘
10:03:00	20.64	--	9	18576	买盘
10:02:54	20.64	0.02	1	2064	买盘
10:02:48	20.62	-0.02	2	4124	卖盘
10:02:27	20.64	-0.01	13	26832	卖盘
10:02:21	20.65	0.01	30	61949	买盘
10:02:18	20.64	--	7	14448	买盘
10:02:09	20.64	--	3	6192	卖盘
10:02:03	20.64	--	2	4128	买盘
10:02:00	20.64	--	2	4128	买盘
10:01:42	20.64	-0.01	14	28896	买盘
10:01:21	20.65	--	4	8260	卖盘
10:01:18	20.65	0.03	3	6195	买盘
10:01:15	20.62	-0.02	52	107224	卖盘
10:00:57	20.64	0.01	17	35088	买盘
10:00:48	20.63	-0.01	8	16504	卖盘
10:00:42	20.64	0.01	1	2064	买盘
10:00:36	20.63	--	8	16504	卖盘
10:00:30	20.63	--	14	28882	买盘
10:00:27	20.63	0.02	13	26819	买盘
10:00:18	20.61	--	22	45342	卖盘
10:00:09	20.61	--	1	2061	买盘
09:59:39	20.61	-0.02	10	20610	卖盘
09:59:36	20.63	--	3	6189	买盘
09:59:27	20.63	--	16	33008	卖盘
09:59:09	20.63	0.02	5	10315	卖盘
09:59:06	20.61	--	12	24732	买盘
09:58:54	20.61	--	5	10305	买盘
09:58:42	20.61	--	10	20610	买盘
09:58:30	20.61	--	10	20610	买盘
09:58:27	20.61	--	110	226710	卖盘
09:58:21	20.61	-0.04	5	10305	卖盘
09:58:18	20.65	0.04	11	22715	买盘
09:58:12	20.61	--	15	30915	卖盘
09:58:09	20.61	--	30	61830	买盘
09:57:57	20.61	0.01	74	153853	买盘
09:57:54	20.6	--	8	16480	买盘
09:57:51	20.6	-0.01	5	10300	中性盘
09:57:42	20.61	0.02	53	109233	买盘
09:57:33	20.59	-0.01	23	47357	中性盘
09:57:24	20.6	0.02	100	206000	买盘
09:57:12	20.58	--	5	10290	买盘
09:56:45	20.58	0.05	1	2058	中性盘
09:56:15	20.53	-0.06	4	8212	卖盘
09:56:09	20.59	0.07	67	137953	买盘
09:56:06	20.52	--	1	2052	卖盘
09:55:48	20.52	-0.05	4	8208	卖盘
09:55:27	20.57	-0.02	13	26741	卖盘
09:55:24	20.59	0.01	19	39121	买盘
09:55:21	20.58	0.01	6	12347	买盘
09:55:06	20.57	0.02	7	14399	卖盘
09:54:57	20.55	0.04	12	24660	买盘
09:54:51	20.51	-0.07	59	121009	卖盘
09:54:48	20.58	0.01	11	22637	买盘
09:54:42	20.57	0.02	5	10285	买盘
09:54:39	20.55	-0.02	15	30825	卖盘
09:54:30	20.57	0.02	2	4114	中性盘
09:54:03	20.55	0.03	5	10275	买盘
09:54:00	20.52	--	63	129276	卖盘
09:53:57	20.52	--	5	10260	卖盘
09:53:45	20.52	--	2	4104	买盘
09:53:42	20.52	-0.03	25	51300	卖盘
09:53:39	20.55	0.01	21	43155	买盘
09:53:36	20.54	0.02	1	2054	中性盘
09:53:18	20.52	--	2	4104	卖盘
09:53:15	20.52	-0.03	9	18468	中性盘
09:53:12	20.55	0.04	10	20550	买盘
09:52:51	20.51	0.01	40	82040	买盘
09:52:24	20.5	--	2	4100	买盘
09:52:18	20.5	--	1	2050	买盘
09:52:12	20.5	-0.07	97	198850	卖盘
09:52:09	20.57	--	19	39083	买盘
09:51:54	20.57	--	1	2057	卖盘
09:51:51	20.57	-0.01	5	10285	卖盘
09:51:48	20.58	-0.03	61	125537	卖盘
09:51:42	20.61	-0.01	42	86562	卖盘
09:51:39	20.62	-0.07	23	47426	卖盘
09:51:36	20.69	0.03	86	177934	买盘
09:51:33	20.66	--	6	12396	卖盘
09:51:30	20.66	-0.01	10	20660	卖盘
09:51:21	20.67	-0.01	10	20670	中性盘
09:51:03	20.68	0.02	9	18612	买盘
09:50:57	20.66	-0.01	7	14462	卖盘
09:50:54	20.67	-0.01	6	12402	卖盘
09:50:39	20.68	0.01	8	16544	买盘
09:50:30	20.67	--	15	31005	卖盘
09:50:27	20.67	-0.01	20	41340	卖盘
09:50:21	20.68	0.01	3	6204	中性盘
09:50:15	20.67	--	2	4134	卖盘
09:50:12	20.67	-0.01	80	165360	卖盘
09:50:06	20.68	--	12	24816	买盘
09:50:03	20.68	0.01	1	2068	买盘
09:49:57	20.67	-0.01	1	2067	卖盘
09:49:54	20.68	--	39	80652	买盘
09:49:51	20.68	0.01	2	4136	买盘
09:49:42	20.67	0.01	35	72345	买盘
09:49:36	20.66	0.01	13	26858	买盘
09:49:33	20.65	-0.01	10	20650	卖盘
09:49:30	20.66	--	2	4132	买盘
09:49:24	20.66	--	8	16528	卖盘
09:49:21	20.66	0.01	17	35122	买盘
09:49:15	20.65	--	2	4130	卖盘
09:49:12	20.65	0.03	15	30974	中性盘
09:49:09	20.62	-0.01	46	94852	卖盘
09:49:03	20.63	--	22	45386	卖盘
09:49:00	20.63	0.01	2	4126	买盘
09:48:48	20.62	--	5	10310	卖盘
09:48:45	20.62	--	11	22682	卖盘
09:48:39	20.62	--	4	8248	买盘
09:48:33	20.62	0.01	8	16496	买盘
09:48:30	20.61	--	10	20610	卖盘
09:48:24	20.61	--	14	28854	买盘
09:48:12	20.61	0.03	2	4122	买盘
09:48:00	20.58	--	10	20580	卖盘
09:47:57	20.58	--	10	20580	卖盘
09:47:54	20.58	-0.02	1	2058	卖盘
09:47:45	20.6	-0.01	2	4120	中性盘
09:47:30	20.61	-0.02	13	26793	卖盘
09:47:21	20.63	-0.03	3	6189	卖盘
09:47:18	20.66	--	47	97102	买盘
09:47:00	20.66	0.04	27	55782	买盘
09:46:57	20.62	-0.04	7	14434	卖盘
09:46:45	20.66	0.04	4	8264	买盘
09:46:39	20.62	-0.04	5	10310	卖盘
09:46:30	20.66	-0.03	7	14462	中性盘
09:46:18	20.69	0.01	12	24828	买盘
09:46:15	20.68	--	10	20680	买盘
09:46:06	20.68	--	15	31020	卖盘
09:46:03	20.68	-0.01	20	41360	卖盘
09:45:57	20.69	--	9	18621	买盘
09:45:54	20.69	--	21	43449	买盘
09:45:51	20.69	--	5	10345	买盘
09:45:48	20.69	-0.04	67	138623	卖盘
09:45:42	20.73	0.04	4	8292	买盘
09:45:36	20.69	--	4	8276	卖盘
09:45:24	20.69	0.01	20	41380	买盘
09:45:21	20.68	--	6	12408	卖盘
09:45:18	20.68	-0.01	3	6204	卖盘
09:45:15	20.69	0.01	2	4138	买盘
09:45:12	20.68	0.08	9	18612	买盘
09:45:09	20.6	-0.08	5	10300	卖盘
09:45:06	20.68	0.08	66	136488	买盘
09:45:00	20.6	--	10	20600	中性盘
09:44:51	20.6	--	10	20600	买盘
09:44:48	20.6	0.01	34	70040	买盘
09:44:45	20.59	-0.01	10	20590	中性盘
09:44:39	20.6	0.01	10	20600	买盘
09:44:36	20.59	--	1	2059	卖盘
09:44:27	20.59	0.04	50	102950	买盘
09:44:12	20.55	--	3	6165	买盘
09:44:06	20.55	0.05	1	2055	买盘
09:43:48	20.5	--	1	2050	卖盘
09:43:45	20.5	--	81	166050	买盘
09:43:42	20.5	--	95	194750	买盘
09:43:33	20.5	--	5	10250	买盘
09:43:27	20.5	--	18	36900	买盘
09:43:12	20.5	0.01	25	51250	买盘
09:42:48	20.49	-0.01	1	2049	卖盘
09:42:45	20.5	--	15	30750	买盘
09:42:30	20.5	0.03	50	102500	买盘
09:42:21	20.47	-0.02	7	14329	卖盘
09:42:12	20.49	--	50	102449	买盘
09:42:03	20.49	0.02	10	20490	中性盘
09:41:42	20.47	-0.03	1	2047	卖盘
09:41:39	20.5	0.01	7	14350	买盘
09:41:21	20.49	0.01	49	100400	买盘
09:41:15	20.48	--	20	40960	卖盘
09:40:54	20.48	0.01	30	61440	买盘
09:40:48	20.47	--	20	40940	卖盘
09:40:42	20.47	--	2	4094	买盘
09:40:30	20.47	0.02	10	20470	买盘
09:40:18	20.45	--	11	22495	买盘
09:40:12	20.45	--	10	20450	买盘
09:40:00	20.45	0.05	3	6135	买盘
09:39:51	20.4	--	8	16319	卖盘
09:39:48	20.4	--	4	8159	卖盘
09:39:42	20.4	--	8	16319	买盘
09:39:39	20.4	0.03	2	4079	中性盘
09:39:12	20.37	--	1	2037	买盘
09:39:03	20.37	-0.06	27	54999	卖盘
09:39:00	20.43	--	6	12258	卖盘
09:38:51	20.43	0.06	14	28602	买盘
09:38:48	20.37	--	20	40740	买盘
09:38:45	20.37	--	9	18333	卖盘
09:38:30	20.37	--	2	4074	买盘
09:38:27	20.37	--	6	12222	买盘
09:38:24	20.37	--	29	59073	卖盘
09:38:09	20.37	--	1	2037	买盘
09:38:06	20.37	0.1	5	10185	买盘
09:37:39	20.27	0.01	21	42567	中性盘
09:37:36	20.26	-0.01	22	44572	卖盘
09:37:33	20.27	0.02	44	89188	买盘
09:37:30	20.25	-0.01	11	22275	卖盘
09:37:27	20.26	--	1	2026	买盘
09:37:24	20.26	-0.01	58	117508	中性盘
09:37:21	20.27	--	29	58783	买盘
09:37:09	20.27	--	13	26351	买盘
09:37:06	20.27	-0.14	64	129728	卖盘
09:37:03	20.41	0.03	9	18369	买盘
09:36:51	20.38	-0.01	17	34646	卖盘
09:36:42	20.39	--	15	30585	买盘
09:36:39	20.39	-0.01	64	130496	中性盘
09:36:15	20.4	-0.01	3	6120	卖盘
09:36:03	20.41	--	5	10205	买盘
09:35:57	20.41	--	20	40820	买盘
09:35:51	20.41	--	22	44902	买盘
09:35:30	20.41	--	2	4082	卖盘
09:35:21	20.41	--	21	42861	卖盘
09:35:15	20.41	--	1	2041	卖盘
09:35:03	20.41	-0.02	4	8164	卖盘
09:34:51	20.43	-0.06	10	20430	卖盘
09:34:45	20.49	0.04	10	20490	买盘
09:34:42	20.45	-0.01	9	18405	卖盘
09:34:36	20.46	-0.03	2	4092	卖盘
09:34:30	20.49	-0.01	86	176214	卖盘
09:34:27	20.5	0.01	2	4100	买盘
09:34:24	20.49	--	1	2049	卖盘
09:34:21	20.49	--	15	30734	卖盘
09:34:18	20.49	--	2	4098	卖盘
09:34:15	20.49	--	11	22539	买盘
09:34:12	20.49	--	5	10245	买盘
09:34:09	20.49	--	15	30734	买盘
09:34:00	20.49	--	5	10245	买盘
09:33:57	20.49	--	12	24587	买盘
09:33:48	20.49	-0.01	2	4098	中性盘
09:33:24	20.5	0.08	70	143500	买盘
09:33:21	20.42	--	8	16336	卖盘
09:33:15	20.42	-0.08	5	10210	卖盘
09:33:06	20.5	0.03	5	10250	买盘
09:32:54	20.47	-0.03	5	10235	中性盘
09:32:42	20.5	--	2	4100	买盘
09:32:39	20.5	--	10	20500	买盘
09:32:36	20.5	-0.08	8	16400	卖盘
09:32:33	20.58	0.08	3	6173	买盘
09:32:24	20.5	--	1	2050	卖盘
09:32:15	20.5	--	37	75850	卖盘
09:32:12	20.5	--	9	18450	卖盘
09:32:06	20.5	--	7	14350	买盘
09:31:54	20.5	--	9	18450	买盘
09:31:51	20.5	0.02	4	8200	买盘
09:31:33	20.48	--	15	30720	卖盘
09:31:27	20.48	0.08	41	83968	买盘
09:31:21	20.4	-0.06	2	4079	卖盘
09:31:12	20.46	0.06	3	6138	中性盘
09:30:48	20.4	--	10	20400	买盘
09:30:39	20.4	-0.01	33	67320	卖盘
09:30:33	20.41	-0.06	10	20410	卖盘
09:30:30	20.47	-0.01	2	4094	买盘
09:30:15	20.48	-0.02	5	10240	卖盘
09:30:12	20.5	0.02	4	8200	买盘
09:30:09	20.48	0.03	20	40960	卖盘
09:30:06	20.45	-0.03	155	316975	中性盘
09:30:03	20.48	0.07	25	51200	买盘
09:25:03	20.41	20.41	98	200018	买盘
